DATE,TIME_M,EX,SYM_ROOT,TR_SCOND,SIZE,PRICE
2025-10-17,9:30:01.601474845,T,KO,F I,1,68.0
2025-10-17,9:30:01.601481639,T,KO,F I,6,68.0
2025-10-17,9:30:01.601484306,T,KO,F I,20,68.0
2025-10-17,9:30:01.601537950,T,KO,F,182,68.0
2025-10-17,9:30:01.601540894,T,KO,F I,9,68.0
2025-10-17,9:30:01.601547103,T,KO,Q,1,68.0
2025-10-17,9:30:01.705125941,T,KO,,100,68.01
2025-10-17,9:30:01.705128634,T,KO,,200,68.01
2025-10-17,9:30:01.705131685,T,KO,,1293,68.01
2025-10-17,9:30:01.705156075,T,KO,I,1,68.01
2025-10-17,9:30:01.705156075,T,KO,I,9,68.01
2025-10-17,9:30:01.705159270,T,KO,I,90,68.01
2025-10-17,9:30:01.705161809,T,KO,I,1,68.01
2025-10-17,9:30:01.705167750,T,KO,I,99,68.01
2025-10-17,9:30:01.705170805,T,KO,I,1,68.01
2025-10-17,9:30:01.705209800,T,KO,I,99,68.02
2025-10-17,9:30:01.705663893,T,KO,,100,68.01
2025-10-17,9:30:01.705745123,T,KO,,100,68.01
2025-10-17,9:30:01.707796007,T,KO,I,15,68.01
2025-10-17,9:30:01.707826133,T,KO,I,85,68.01
2025-10-17,9:30:01.731167691,T,KO,F I,1,68.0
2025-10-17,9:30:01.770597584,T,KO,I,2,68.0
2025-10-17,9:30:01.814911141,T,KO,F,100,68.01
2025-10-17,9:30:01.861979311,T,KO,F I,1,68.02
2025-10-17,9:30:01.871960084,T,KO,,199,68.02
2025-10-17,9:30:01.871963459,T,KO,,100,68.02
2025-10-17,9:30:02.002437833,T,KO,I,10,68.02
2025-10-17,9:30:02.517793507,T,KO,,181,68.04
2025-10-17,9:30:02.582594858,T,KO,F I,10,68.05
2025-10-17,9:30:02.582597903,T,KO,F,100,68.05
2025-10-17,9:30:02.601948978,T,KO,F,182,68.07
2025-10-17,9:30:02.601970898,T,KO,I,1,68.07
2025-10-17,9:30:02.601972959,T,KO,F I,99,68.07
2025-10-17,9:30:02.605743991,T,KO,I,19,68.065
2025-10-17,9:30:02.605798083,T,KO,,100,68.06
2025-10-17,9:30:02.605801112,T,KO,,100,68.06
2025-10-17,9:30:02.811262668,T,KO,I,3,68.08
2025-10-17,9:30:02.811265429,T,KO,,200,68.08
2025-10-17,9:30:02.811265429,T,KO,,100,68.08
2025-10-17,9:30:03.452028591,T,KO,,149,68.08
2025-10-17,9:30:03.452028591,T,KO,,100,68.08
2025-10-17,9:30:03.452308204,T,KO,F,100,68.09
2025-10-17,9:30:03.452311189,T,KO,F,200,68.09
2025-10-17,9:30:03.452798322,T,KO,F I,10,68.1
2025-10-17,9:30:03.452801345,T,KO,F I,1,68.1
2025-10-17,9:30:03.452804513,T,KO,F,100,68.1
2025-10-17,9:30:03.452804513,T,KO,F,200,68.1
2025-10-17,9:30:03.453384751,T,KO,F,100,68.11
2025-10-17,9:30:03.453384751,T,KO,F,130,68.11
2025-10-17,9:30:03.454290035,T,KO,I,60,68.11
2025-10-17,9:30:03.454322913,T,KO,I,40,68.11
2025-10-17,9:30:03.473289094,T,KO,I,1,68.11
2025-10-17,9:30:03.534641244,T,KO,I,40,68.11
2025-10-17,9:30:03.534644818,T,KO,,200,68.1
2025-10-17,9:30:03.534644818,T,KO,,100,68.1
2025-10-17,9:30:03.534647245,T,KO,I,60,68.1
2025-10-17,9:30:03.534662276,T,KO,F I,40,68.1
2025-10-17,9:30:03.602759437,T,KO,,200,68.08
2025-10-17,9:30:03.602762604,T,KO,,100,68.08
2025-10-17,9:30:03.602765958,T,KO,,100,68.08
2025-10-17,9:30:03.603222562,T,KO,F I,5,68.07
2025-10-17,9:30:03.603303757,T,KO,I,5,68.07
2025-10-17,9:30:03.603312791,T,KO,F I,95,68.07
2025-10-17,9:30:03.603316810,T,KO,F I,16,68.07
2025-10-17,9:30:03.603863162,T,KO,F I,5,68.07
2025-10-17,9:30:03.604479533,T,KO,,182,68.07
2025-10-17,9:30:03.605444936,T,KO,F,100,68.08
2025-10-17,9:30:03.606587598,T,KO,,200,68.07
2025-10-17,9:30:03.764971861,T,KO,F I,3,68.06
2025-10-17,9:30:03.764974859,T,KO,F,100,68.06
2025-10-17,9:30:03.764983867,T,KO,,100,68.07
2025-10-17,9:30:04.158831767,T,KO,,100,68.07
2025-10-17,9:30:04.245507211,T,KO,,100,68.06
2025-10-17,9:30:04.632540972,T,KO,I,67,68.07
2025-10-17,9:30:04.632543944,T,KO,,133,68.07
2025-10-17,9:30:04.632562014,T,KO,I,1,68.07
2025-10-17,9:30:04.644289968,T,KO,I,97,68.07
2025-10-17,9:30:04.881855790,T,KO,,100,68.06
2025-10-17,9:30:04.881855790,T,KO,I,1,68.06
2025-10-17,9:30:04.996645129,T,KO,,100,68.03
2025-10-17,9:30:05.048726468,T,KO,F,200,68.01
2025-10-17,9:30:05.048729433,T,KO,F,100,68.01
2025-10-17,9:30:05.048729433,T,KO,F I,1,68.01
2025-10-17,9:30:05.048732249,T,KO,F I,9,68.01
2025-10-17,9:30:05.048747279,T,KO,I,1,68.01
2025-10-17,9:30:05.049072240,T,KO,F I,90,68.01
2025-10-17,9:30:05.049345650,T,KO,,200,68.02
2025-10-17,9:30:05.049514003,T,KO,F,200,68.03
2025-10-17,9:30:05.049853925,T,KO,F,200,68.04
2025-10-17,9:30:05.050347001,T,KO,F I,11,68.04
2025-10-17,9:30:05.050371060,T,KO,F,189,68.04
2025-10-17,9:30:05.071634785,T,KO,,200,68.04
2025-10-17,9:30:05.071638602,T,KO,I,57,68.04
2025-10-17,9:30:05.071638602,T,KO,I,1,68.04
2025-10-17,9:30:05.071640727,T,KO,,100,68.04
2025-10-17,9:30:05.146879943,T,KO,,100,68.03
2025-10-17,9:30:05.208157420,T,KO,,100,68.02
2025-10-17,9:30:05.208520758,T,KO,I,17,68.02
2025-10-17,9:30:05.208529765,T,KO,F,200,68.03
2025-10-17,9:30:05.211936855,T,KO,F,200,68.03
2025-10-17,9:30:05.211940017,T,KO,F,100,68.03
2025-10-17,9:30:05.211940017,T,KO,F I,49,68.03
2025-10-17,9:30:05.211943324,T,KO,F I,1,68.03
2025-10-17,9:30:05.211945881,T,KO,F,599,68.03
2025-10-17,9:30:05.211945881,T,KO,F,100,68.03
2025-10-17,9:30:05.261494907,T,KO,,100,68.01
2025-10-17,9:30:05.262282932,T,KO,,100,68.0
2025-10-17,9:30:05.262285804,T,KO,,100,68.0
2025-10-17,9:30:05.263067670,T,KO,,100,67.99
2025-10-17,9:30:05.263070682,T,KO,,100,67.99
2025-10-17,9:30:05.263073731,T,KO,,100,67.99
2025-10-17,9:30:05.263542822,T,KO,,100,67.98
2025-10-17,9:30:05.263542822,T,KO,I,29,67.98
2025-10-17,9:30:05.263545863,T,KO,,100,67.98
2025-10-17,9:30:05.263548817,T,KO,,100,67.98
2025-10-17,9:30:05.263575833,T,KO,F,200,67.98
2025-10-17,9:30:05.276654092,T,KO,,100,67.98
2025-10-17,9:30:05.276657040,T,KO,,200,67.98
2025-10-17,9:30:05.276657040,T,KO,I,17,67.98
2025-10-17,9:30:05.276660515,T,KO,,100,67.98
2025-10-17,9:30:05.277231566,T,KO,F,100,67.98
2025-10-17,9:30:05.344447473,T,KO,,100,68.0
2025-10-17,9:30:05.378293061,T,KO,F,100,67.98
2025-10-17,9:30:05.378296162,T,KO,F I,11,67.98
2025-10-17,9:30:05.378597317,T,KO,F,189,67.98
2025-10-17,9:30:05.378600159,T,KO,F,100,67.98
2025-10-17,9:30:05.378600159,T,KO,F I,50,67.98
2025-10-17,9:30:05.381008508,T,KO,,100,67.96
2025-10-17,9:30:05.381011628,T,KO,,200,67.96
2025-10-17,9:30:05.381408562,T,KO,I,17,67.96
2025-10-17,9:30:05.384773536,T,KO,I,55,67.98
2025-10-17,9:30:05.384812576,T,KO,I,45,67.98
2025-10-17,9:30:05.384812576,T,KO,,200,67.98
2025-10-17,9:30:05.763814350,T,KO,,100,68.0
2025-10-17,9:30:05.808669191,T,KO,F,200,68.0
2025-10-17,9:30:05.808672124,T,KO,F,231,68.01
2025-10-17,9:30:05.808672124,T,KO,F I,36,68.01
2025-10-17,9:30:05.808891620,T,KO,F,200,68.01
2025-10-17,9:30:05.810253966,T,KO,,200,68.0
2025-10-17,9:30:05.810262913,T,KO,,200,68.0
2025-10-17,9:30:05.810353133,T,KO,I,79,68.0
2025-10-17,9:30:05.810356209,T,KO,F I,21,68.0
2025-10-17,9:30:05.810909725,T,KO,F,200,67.99
2025-10-17,9:30:05.810909725,T,KO,F,100,67.99
2025-10-17,9:30:05.813784305,T,KO,F,200,67.99
2025-10-17,9:30:05.813787367,T,KO,F,200,68.0
2025-10-17,9:30:05.813793649,T,KO,F,100,68.0
2025-10-17,9:30:05.813793649,T,KO,F,100,68.0
2025-10-17,9:30:05.813796296,T,KO,F,100,68.0
2025-10-17,9:30:05.814091103,T,KO,F,100,68.0
2025-10-17,9:30:05.814409857,T,KO,F,100,68.0
2025-10-17,9:30:05.815402368,T,KO,F,200,67.99
2025-10-17,9:30:05.816132935,T,KO,F I,39,67.99
2025-10-17,9:30:05.816271211,T,KO,I,61,67.99
2025-10-17,9:30:05.817062134,T,KO,F,100,67.99
2025-10-17,9:30:05.819807676,T,KO,,100,67.99
2025-10-17,9:30:05.822737269,T,KO,F,200,67.985
2025-10-17,9:30:05.823996675,T,KO,,100,67.99
2025-10-17,9:30:05.824062859,T,KO,F,100,67.99
2025-10-17,9:30:05.824823577,T,KO,F,100,67.99
2025-10-17,9:30:05.826246046,T,KO,,100,67.99
2025-10-17,9:30:05.826246046,T,KO,,200,67.99
2025-10-17,9:30:05.826396345,T,KO,,200,68.0
2025-10-17,9:30:05.827196213,T,KO,F,200,67.99
2025-10-17,9:30:05.827232317,T,KO,,100,67.99
2025-10-17,9:30:05.828128434,T,KO,I,51,67.99
2025-10-17,9:30:05.828426233,T,KO,F I,49,67.99
2025-10-17,9:30:05.828426233,T,KO,F I,51,67.99
2025-10-17,9:30:05.830483082,T,KO,,200,67.98
2025-10-17,9:30:05.881293454,T,KO,,200,67.96
2025-10-17,9:30:05.881293454,T,KO,,100,67.96
2025-10-17,9:30:05.883556514,T,KO,,200,67.96
2025-10-17,9:30:05.883571563,T,KO,F,200,67.95
2025-10-17,9:30:05.883706899,T,KO,,100,67.96
2025-10-17,9:30:05.883709853,T,KO,,200,67.96
2025-10-17,9:30:05.954218794,T,KO,F,200,67.98
2025-10-17,9:30:05.954239869,T,KO,F,172,67.98
2025-10-17,9:30:05.954263852,T,KO,F,228,67.98
2025-10-17,9:30:06.830635125,T,KO,F,149,67.99
2025-10-17,9:30:06.830635125,T,KO,F,231,67.99
2025-10-17,9:30:06.831413965,T,KO,F,500,68.0
2025-10-17,9:30:06.831417060,T,KO,F I,1,68.0
2025-10-17,9:30:06.892958547,T,KO,,100,67.995
2025-10-17,9:30:06.893587066,T,KO,,100,67.995
2025-10-17,9:30:07.323012843,T,KO,,100,67.99
2025-10-17,9:30:07.489702821,T,KO,I,75,67.98
2025-10-17,9:30:07.489787280,T,KO,I,25,67.98
2025-10-17,9:30:07.489790129,T,KO,I,75,67.97
2025-10-17,9:30:07.708792743,T,KO,,100,67.975
2025-10-17,9:30:07.712368653,T,KO,I,49,67.99
2025-10-17,9:30:07.712371681,T,KO,,100,67.99
2025-10-17,9:30:07.712375027,T,KO,,100,67.99
2025-10-17,9:30:07.712375027,T,KO,,200,67.99
2025-10-17,9:30:07.833821501,T,KO,,100,67.99
2025-10-17,9:30:07.850225521,T,KO,F,209,67.99
2025-10-17,9:30:07.856535133,T,KO,F I,5,67.99
2025-10-17,9:30:07.872084627,T,KO,F I,5,67.99
2025-10-17,9:30:07.872087907,T,KO,F I,5,67.99
2025-10-17,9:30:07.872090824,T,KO,F I,5,67.99
2025-10-17,9:30:07.872090824,T,KO,F I,5,67.99
2025-10-17,9:30:07.872093872,T,KO,F I,5,67.99
2025-10-17,9:30:07.872096690,T,KO,F I,5,67.99
2025-10-17,9:30:08.710752184,T,KO,I,5,67.97
2025-10-17,9:30:09.761605043,T,KO,F I,75,67.99
2025-10-17,9:30:09.761607948,T,KO,F,107,67.99
2025-10-17,9:30:10.030042363,T,KO,F,200,67.98
2025-10-17,9:30:10.030066416,T,KO,I,1,67.98
2025-10-17,9:30:10.034703456,T,KO,I,99,67.98
2025-10-17,9:30:10.049315276,T,KO,,100,67.975
2025-10-17,9:30:10.095099243,T,KO,,200,67.975
2025-10-17,9:30:10.845774155,T,KO,I,3,67.95
2025-10-17,9:30:12.727085839,T,KO,I,97,67.95
2025-10-17,9:30:12.727087938,T,KO,I,3,67.94
2025-10-17,9:30:12.727105983,T,KO,I,97,67.94
2025-10-17,9:30:12.727136017,T,KO,,200,67.94
2025-10-17,9:30:12.727632265,T,KO,,100,67.95
2025-10-17,9:30:13.802776899,T,KO,I,55,67.96
2025-10-17,9:30:13.802780010,T,KO,,200,67.96
2025-10-17,9:30:13.804454932,T,KO,F I,25,68.0
2025-10-17,9:30:13.804457991,T,KO,F,169,68.0
2025-10-17,9:30:13.804467006,T,KO,F I,31,68.0
2025-10-17,9:30:13.804584440,T,KO,I,55,67.99
2025-10-17,9:30:13.804587228,T,KO,I,55,67.99
2025-10-17,9:30:13.804632447,T,KO,,100,67.98
2025-10-17,9:30:13.804632447,T,KO,I,81,67.98
2025-10-17,9:30:13.804773746,T,KO,F I,31,67.99
2025-10-17,9:30:13.804794747,T,KO,I,32,67.99
2025-10-17,9:30:13.805188705,T,KO,I,81,67.99
2025-10-17,9:30:13.805188705,T,KO,I,19,67.99
2025-10-17,9:30:13.805345177,T,KO,I,81,67.99
2025-10-17,9:30:13.805345177,T,KO,,119,67.99
2025-10-17,9:30:13.808118331,T,KO,,100,68.0
2025-10-17,9:30:13.808120640,T,KO,,200,68.0
2025-10-17,9:30:13.808376280,T,KO,F I,5,68.0
2025-10-17,9:30:13.808701098,T,KO,,100,68.0
2025-10-17,9:30:13.808704053,T,KO,,100,68.0
2025-10-17,9:30:13.829955626,T,KO,,100,67.99
2025-10-17,9:30:13.853294334,T,KO,,200,67.98
2025-10-17,9:30:14.024137217,T,KO,F,100,67.99
2025-10-17,9:30:14.024140110,T,KO,F,100,67.99
2025-10-17,9:30:14.024564186,T,KO,I,60,68.0
2025-10-17,9:30:15.112880289,T,KO,F,200,67.96
2025-10-17,9:30:15.428367671,T,KO,,100,67.97
2025-10-17,9:30:15.428371270,T,KO,I,40,67.97
2025-10-17,9:30:15.428373789,T,KO,F,100,67.97
2025-10-17,9:30:15.428373789,T,KO,F,100,67.97
2025-10-17,9:30:15.428379662,T,KO,,100,67.97
2025-10-17,9:30:15.428379662,T,KO,I,60,67.97
2025-10-17,9:30:16.115816990,T,KO,F,100,67.97
2025-10-17,9:30:16.115826068,T,KO,F I,10,67.97
2025-10-17,9:30:17.430870026,T,KO,F,200,68.0
2025-10-17,9:30:17.451640498,T,KO,F,500,68.0
2025-10-17,9:30:17.727827299,T,KO,,100,68.0
2025-10-17,9:30:18.682396895,T,KO,,100,68.005
2025-10-17,9:30:19.143653634,T,KO,,100,68.0
2025-10-17,9:30:19.175249810,T,KO,,100,68.0
2025-10-17,9:30:20.101191051,T,KO,,100,68.0
2025-10-17,9:30:20.575017615,T,KO,I,54,68.01
2025-10-17,9:30:21.139699679,T,KO,,100,68.0
2025-10-17,9:30:21.139702511,T,KO,,614,68.01
2025-10-17,9:30:21.139721123,T,KO,I,1,68.01
2025-10-17,9:30:21.181532147,T,KO,I,85,68.01
2025-10-17,9:30:21.181535121,T,KO,I,14,68.01
2025-10-17,9:30:22.460415081,T,KO,I,18,68.01
2025-10-17,9:30:22.503408499,T,KO,,200,68.01
2025-10-17,9:30:22.503459625,T,KO,F,100,68.02
2025-10-17,9:30:22.503459625,T,KO,F,100,68.02
2025-10-17,9:30:22.503480674,T,KO,I,1,68.02
2025-10-17,9:30:22.503507690,T,KO,I,39,68.01
2025-10-17,9:30:22.504015930,T,KO,I,18,68.02
2025-10-17,9:30:22.504030950,T,KO,,182,68.02
2025-10-17,9:30:22.964929722,T,KO,,100,68.03
2025-10-17,9:30:22.977259091,T,KO,I,10,68.03
2025-10-17,9:30:23.013423197,T,KO,F,100,68.03
2025-10-17,9:30:23.420514875,T,KO,I,24,68.02
2025-10-17,9:30:23.422746193,T,KO,,100,68.02
2025-10-17,9:30:23.524966066,T,KO,,100,68.015
2025-10-17,9:30:23.524969831,T,KO,I,29,68.02
2025-10-17,9:30:23.524969831,T,KO,I,31,68.02
2025-10-17,9:30:23.524971556,T,KO,,151,68.02
2025-10-17,9:30:23.525028690,T,KO,I,51,68.02
2025-10-17,9:30:23.540894539,T,KO,I,5,68.02
2025-10-17,9:30:23.818584901,T,KO,,100,68.015
2025-10-17,9:30:25.924013485,T,KO,,100,67.99
2025-10-17,9:30:25.924049612,T,KO,,100,67.99
2025-10-17,9:30:29.196007460,T,KO,F,100,67.98
2025-10-17,9:30:29.196070725,T,KO,F,100,67.97
2025-10-17,9:30:29.196070725,T,KO,F,200,67.97
2025-10-17,9:30:29.286649345,T,KO,,100,67.96
2025-10-17,9:30:29.744739341,T,KO,I,10,67.96
2025-10-17,9:30:30.588128373,T,KO,,200,67.96
2025-10-17,9:30:31.369422149,T,KO,,200,67.955
2025-10-17,9:30:31.369461505,T,KO,,100,67.94
2025-10-17,9:30:31.369461505,T,KO,,200,67.93
2025-10-17,9:30:31.369467173,T,KO,,100,67.93
2025-10-17,9:30:31.369467173,T,KO,,100,67.93
2025-10-17,9:30:32.475730066,T,KO,F,100,67.965
2025-10-17,9:30:33.169758982,T,KO,F,400,67.94
2025-10-17,9:30:33.169764999,T,KO,F,400,67.94
2025-10-17,9:30:33.169779970,T,KO,I,1,67.94
2025-10-17,9:30:33.169789717,T,KO,F,211,67.94
2025-10-17,9:30:33.169792201,T,KO,F,188,67.94
2025-10-17,9:30:34.875144577,T,KO,F,100,67.92
2025-10-17,9:30:34.875175250,T,KO,,200,67.91
2025-10-17,9:30:34.875177680,T,KO,I,27,67.91
2025-10-17,9:30:34.875198707,T,KO,I,73,67.91
2025-10-17,9:30:40.271328852,T,KO,F I,10,67.92
2025-10-17,9:30:41.054736713,T,KO,I,1,67.93
2025-10-17,9:30:41.841741096,T,KO,F,100,67.94
2025-10-17,9:30:42.554333385,T,KO,F,100,67.97
2025-10-17,9:30:42.682044496,T,KO,,100,67.96
2025-10-17,9:30:43.041665094,T,KO,F,100,67.98
2025-10-17,9:30:43.041665094,T,KO,F,111,67.98
2025-10-17,9:30:43.041680742,T,KO,I,1,67.98
2025-10-17,9:30:43.049219024,T,KO,F I,24,67.98
2025-10-17,9:30:43.049231123,T,KO,F I,38,67.98
2025-10-17,9:30:43.049234189,T,KO,F,100,67.98
2025-10-17,9:30:43.072468484,T,KO,F,100,67.98
2025-10-17,9:30:43.072468484,T,KO,F I,8,67.98
2025-10-17,9:30:43.072473795,T,KO,F,100,67.98
2025-10-17,9:30:43.072473795,T,KO,F,200,67.98
2025-10-17,9:30:43.072476452,T,KO,F I,34,67.98
2025-10-17,9:30:43.105687544,T,KO,I,66,67.98
2025-10-17,9:30:43.106132578,T,KO,F,100,67.98
2025-10-17,9:30:43.106169076,T,KO,F I,16,67.98
2025-10-17,9:30:43.106169076,T,KO,I,1,67.98
2025-10-17,9:30:43.106171699,T,KO,F I,7,67.98
2025-10-17,9:30:43.106703963,T,KO,I,23,67.98
2025-10-17,9:30:43.146158263,T,KO,I,77,67.98
2025-10-17,9:30:43.146158263,T,KO,,121,67.98
2025-10-17,9:30:44.721541099,T,KO,F,168,68.01
2025-10-17,9:30:44.722010185,T,KO,I,1,68.02
2025-10-17,9:30:44.722013251,T,KO,I,2,68.02
2025-10-17,9:30:44.725179708,T,KO,,200,68.02
2025-10-17,9:30:44.725739094,T,KO,F,100,68.02
2025-10-17,9:30:45.687955929,T,KO,F,200,68.035
2025-10-17,9:30:45.687955929,T,KO,F,100,68.04
2025-10-17,9:30:46.563668541,T,KO,,100,68.035
2025-10-17,9:30:46.563668541,T,KO,,200,68.035
2025-10-17,9:30:46.566029248,T,KO,F,155,68.04
2025-10-17,9:30:46.712892930,T,KO,,100,68.04
2025-10-17,9:30:46.714014621,T,KO,F,100,68.04
2025-10-17,9:30:46.714035689,T,KO,,100,68.04
2025-10-17,9:30:46.714089765,T,KO,,100,68.04
2025-10-17,9:30:46.736828257,T,KO,,100,68.02
2025-10-17,9:30:46.736830148,T,KO,,200,68.02
2025-10-17,9:30:46.736832959,T,KO,,100,68.02
2025-10-17,9:30:46.744756924,T,KO,,100,68.01
2025-10-17,9:30:46.745541731,T,KO,,100,68.0
2025-10-17,9:30:46.745595908,T,KO,I,8,68.0
2025-10-17,9:30:46.745595908,T,KO,I,92,68.0
2025-10-17,9:30:48.490225042,T,KO,F I,10,68.01
2025-10-17,9:30:48.490228119,T,KO,F,100,68.01
2025-10-17,9:30:48.490246195,T,KO,F I,92,68.01
2025-10-17,9:30:48.491052035,T,KO,,100,68.01
2025-10-17,9:30:48.491076148,T,KO,I,1,68.01
2025-10-17,9:30:49.698060783,T,KO,I,10,68.0
2025-10-17,9:30:49.698090868,T,KO,F I,90,68.0
2025-10-17,9:30:51.192406975,T,KO,F,100,68.0
2025-10-17,9:30:51.192993374,T,KO,,200,68.0
2025-10-17,9:30:51.192999549,T,KO,,100,68.0
2025-10-17,9:30:51.192999549,T,KO,,100,67.99
2025-10-17,9:30:52.639417429,T,KO,F I,5,68.0
2025-10-17,9:30:52.639417429,T,KO,F,100,68.0
2025-10-17,9:30:53.401269786,T,KO,F,100,68.0
2025-10-17,9:30:53.410210137,T,KO,F,100,68.0
2025-10-17,9:30:53.410213135,T,KO,F,100,68.01
2025-10-17,9:30:53.410234152,T,KO,I,1,68.01
2025-10-17,9:30:53.413800669,T,KO,I,44,68.01
2025-10-17,9:30:55.117869391,T,KO,F I,10,68.0
2025-10-17,9:30:56.895538326,T,KO,F I,55,68.01
2025-10-17,9:31:00.807916851,T,KO,F I,79,68.01
2025-10-17,9:31:00.807920365,T,KO,F,200,68.01
2025-10-17,9:31:00.834602135,T,KO,F,100,68.01
2025-10-17,9:31:01.105577512,T,KO,I,10,68.0
2025-10-17,9:31:01.646319431,T,KO,,100,68.01
2025-10-17,9:31:03.114470194,T,KO,F,100,68.025
2025-10-17,9:31:03.150005843,T,KO,I,2,68.02
2025-10-17,9:31:03.802635391,T,KO,F,200,68.0
2025-10-17,9:31:03.802635391,T,KO,F,100,68.0
2025-10-17,9:31:03.802692423,T,KO,,100,68.01
2025-10-17,9:31:03.804785404,T,KO,,100,68.01
2025-10-17,9:31:03.804812466,T,KO,,200,68.01
2025-10-17,9:31:03.804815461,T,KO,,100,68.01
2025-10-17,9:31:03.808247291,T,KO,F,100,68.015
2025-10-17,9:31:03.808247291,T,KO,F,100,68.02
2025-10-17,9:31:03.808249651,T,KO,F,200,68.02
2025-10-17,9:31:03.847878141,T,KO,I,44,68.03
2025-10-17,9:31:03.847878141,T,KO,,100,68.03
2025-10-17,9:31:03.847878141,T,KO,,100,68.03
2025-10-17,9:31:03.848226811,T,KO,F,100,68.04
2025-10-17,9:31:03.852665427,T,KO,,100,68.04
2025-10-17,9:31:03.852732364,T,KO,F,100,68.04
2025-10-17,9:31:03.852732364,T,KO,F,100,68.04
2025-10-17,9:31:03.852734628,T,KO,F,100,68.04
2025-10-17,9:31:04.053381442,T,KO,F,200,68.04
2025-10-17,9:31:04.169722619,T,KO,I,55,68.035
2025-10-17,9:31:04.217704898,T,KO,I,45,68.035
2025-10-17,9:31:04.217707861,T,KO,,262,68.04
2025-10-17,9:31:04.217728917,T,KO,I,1,68.04
2025-10-17,9:31:04.238042290,T,KO,F,100,68.04
2025-10-17,9:31:04.238415713,T,KO,,100,68.04
2025-10-17,9:31:04.238415713,T,KO,,200,68.04
2025-10-17,9:31:04.238436480,T,KO,I,1,68.04
2025-10-17,9:31:04.238466822,T,KO,I,99,68.04
2025-10-17,9:31:04.442658574,T,KO,F,200,68.03
2025-10-17,9:31:04.839892758,T,KO,,206,68.03
2025-10-17,9:31:04.839892758,T,KO,I,37,68.03
2025-10-17,9:31:04.841122596,T,KO,,185,68.03
2025-10-17,9:31:07.149041531,T,KO,I,8,68.035
2025-10-17,9:31:10.910276786,T,KO,F,100,67.99
2025-10-17,9:31:10.925517039,T,KO,F,100,67.99
2025-10-17,9:31:11.471551524,T,KO,F I,17,68.0
2025-10-17,9:31:11.471581630,T,KO,,485,68.0
2025-10-17,9:31:11.471608647,T,KO,I,1,68.0
2025-10-17,9:31:11.473085242,T,KO,F,200,67.99
2025-10-17,9:31:11.473085242,T,KO,F I,50,67.99
2025-10-17,9:31:11.473088163,T,KO,F,100,67.99
2025-10-17,9:31:11.473214500,T,KO,,100,67.99
2025-10-17,9:31:11.473248055,T,KO,I,82,67.99
2025-10-17,9:31:11.473250568,T,KO,I,18,67.99
2025-10-17,9:31:11.473316752,T,KO,F,200,67.99
2025-10-17,9:31:11.586636573,T,KO,,100,67.98
2025-10-17,9:31:11.586636573,T,KO,,100,67.98
2025-10-17,9:31:12.066142811,T,KO,F,200,67.97
2025-10-17,9:31:12.110772106,T,KO,F,200,67.95
2025-10-17,9:31:12.110775014,T,KO,F,100,67.95
2025-10-17,9:31:12.110778026,T,KO,F,100,67.95
2025-10-17,9:31:12.111048721,T,KO,,100,67.95
2025-10-17,9:31:12.111048721,T,KO,,200,67.96
2025-10-17,9:31:12.111052472,T,KO,,200,67.96
2025-10-17,9:31:12.111111787,T,KO,F,100,67.95
2025-10-17,9:31:12.111132851,T,KO,F,200,67.95
2025-10-17,9:31:12.111157222,T,KO,,100,67.955
2025-10-17,9:31:12.111157222,T,KO,,100,67.96
2025-10-17,9:31:12.111199003,T,KO,F I,17,67.95
2025-10-17,9:31:12.111201975,T,KO,F I,51,67.95
2025-10-17,9:31:12.111204973,T,KO,F I,51,67.95
2025-10-17,9:31:12.111217475,T,KO,,100,67.96
2025-10-17,9:31:12.111223066,T,KO,I,68,67.95
2025-10-17,9:31:12.111367340,T,KO,,200,67.96
2025-10-17,9:31:12.111388539,T,KO,I,41,67.96
2025-10-17,9:31:12.111431129,T,KO,,100,67.96
2025-10-17,9:31:12.111436536,T,KO,I,59,67.96
2025-10-17,9:31:12.111436536,T,KO,,200,67.96
2025-10-17,9:31:12.111496755,T,KO,,100,67.96
2025-10-17,9:31:12.111571844,T,KO,F I,50,67.96
2025-10-17,9:31:12.111734273,T,KO,F,100,67.96
2025-10-17,9:31:12.111947729,T,KO,F,141,67.96
2025-10-17,9:31:12.112410911,T,KO,F,100,67.96
2025-10-17,9:31:12.112489179,T,KO,F,100,67.96
2025-10-17,9:31:12.112489179,T,KO,F I,2,67.96
2025-10-17,9:31:12.116297439,T,KO,F,100,67.95
2025-10-17,9:31:12.116299216,T,KO,F,200,67.95
2025-10-17,9:31:12.116302180,T,KO,F,100,67.95
2025-10-17,9:31:13.175869695,T,KO,I,6,67.95
2025-10-17,9:31:13.236446030,T,KO,I,94,67.95
2025-10-17,9:31:13.236446030,T,KO,I,2,67.95
2025-10-17,9:31:13.236449006,T,KO,,100,67.95
2025-10-17,9:31:13.459372907,T,KO,I,94,67.96
2025-10-17,9:31:13.459372907,T,KO,I,6,67.96
2025-10-17,9:31:13.459384922,T,KO,I,1,67.96
2025-10-17,9:31:13.459526281,T,KO,F,142,67.95
2025-10-17,9:31:13.459565684,T,KO,,200,67.94
2025-10-17,9:31:13.459568985,T,KO,,100,67.94
2025-10-17,9:31:13.459824040,T,KO,,100,67.945
2025-10-17,9:31:13.459827143,T,KO,,100,67.95
2025-10-17,9:31:13.459833323,T,KO,,200,67.95
2025-10-17,9:31:13.459833323,T,KO,,142,67.95
2025-10-17,9:31:13.459836117,T,KO,,100,67.95
2025-10-17,9:31:13.459836117,T,KO,,100,67.95
2025-10-17,9:31:13.460566775,T,KO,F I,14,67.95
2025-10-17,9:31:13.460578851,T,KO,F,200,67.95
2025-10-17,9:31:13.460596909,T,KO,F,200,67.95
2025-10-17,9:31:13.460617972,T,KO,F,350,67.95
2025-10-17,9:31:13.461051055,T,KO,,100,67.95
2025-10-17,9:31:13.461054929,T,KO,,100,67.95
2025-10-17,9:31:13.461057108,T,KO,,100,67.95
2025-10-17,9:31:13.461059964,T,KO,,200,67.95
2025-10-17,9:31:13.461059964,T,KO,,115,67.96
2025-10-17,9:31:13.461111067,T,KO,F,115,67.95
2025-10-17,9:31:13.461318535,T,KO,,100,67.95
2025-10-17,9:31:13.463315367,T,KO,F I,13,67.95
2025-10-17,9:31:13.516779960,T,KO,F I,13,67.95
2025-10-17,9:31:13.516779960,T,KO,F I,2,67.95
2025-10-17,9:31:13.517050297,T,KO,,100,67.96
2025-10-17,9:31:13.517054073,T,KO,,200,67.96
2025-10-17,9:31:13.517056331,T,KO,,100,67.96
2025-10-17,9:31:13.517925355,T,KO,,100,67.96
2025-10-17,9:31:13.518415576,T,KO,,100,67.96
2025-10-17,9:31:13.518522273,T,KO,,100,67.97
2025-10-17,9:31:13.518522273,T,KO,,100,67.97
2025-10-17,9:31:13.518526797,T,KO,,200,67.97
2025-10-17,9:31:13.519026019,T,KO,F I,13,67.97
2025-10-17,9:31:13.519035942,T,KO,F,100,67.97
2025-10-17,9:31:13.519041057,T,KO,F I,13,67.97
2025-10-17,9:31:13.519056153,T,KO,F I,33,67.97
2025-10-17,9:31:13.519104170,T,KO,,100,67.97
2025-10-17,9:31:13.519273209,T,KO,,100,67.97
2025-10-17,9:31:13.519273209,T,KO,,200,67.97
2025-10-17,9:31:13.519275574,T,KO,I,5,67.97
2025-10-17,9:31:13.519309283,T,KO,F I,16,67.97
2025-10-17,9:31:13.519345150,T,KO,F I,84,67.97
2025-10-17,9:31:13.519345150,T,KO,F I,16,67.97
2025-10-17,9:31:13.519365896,T,KO,F I,99,67.97
2025-10-17,9:31:13.519381628,T,KO,F I,85,67.97
2025-10-17,9:31:13.519561808,T,KO,,100,67.97
2025-10-17,9:31:13.519564346,T,KO,I,36,67.97
2025-10-17,9:31:13.519564346,T,KO,,100,67.97
2025-10-17,9:31:13.519567905,T,KO,,200,67.97
2025-10-17,9:31:13.519642456,T,KO,F I,18,67.97
2025-10-17,9:31:13.519699787,T,KO,F,200,67.97
2025-10-17,9:31:13.992167009,T,KO,,100,67.965
2025-10-17,9:31:14.293106557,T,KO,F I,5,67.95
2025-10-17,9:31:14.293153870,T,KO,,100,67.96
2025-10-17,9:31:14.293659128,T,KO,I,18,67.95
2025-10-17,9:31:14.297405992,T,KO,,100,67.945
2025-10-17,9:31:14.320795785,T,KO,I,2,67.945
2025-10-17,9:31:14.491422093,T,KO,F,200,67.94
2025-10-17,9:31:14.933069013,T,KO,I,13,67.94
2025-10-17,9:31:14.933793695,T,KO,I,22,67.94
2025-10-17,9:31:15.243489243,T,KO,,100,67.94
2025-10-17,9:31:15.261688671,T,KO,,100,67.94
2025-10-17,9:31:15.306585529,T,KO,,100,67.94
2025-10-17,9:31:16.104235285,T,KO,,100,67.94
2025-10-17,9:31:16.540953442,T,KO,,100,67.94
2025-10-17,9:31:16.562644055,T,KO,,100,67.94
2025-10-17,9:31:16.573370697,T,KO,,100,67.94
2025-10-17,9:31:16.573914984,T,KO,,108,67.94
2025-10-17,9:31:16.573938963,T,KO,I,1,67.94
2025-10-17,9:31:16.573993182,T,KO,I,63,67.935
2025-10-17,9:31:16.573993182,T,KO,I,37,67.935
2025-10-17,9:31:16.574023152,T,KO,F,100,67.93
2025-10-17,9:31:16.574032523,T,KO,,100,67.93
2025-10-17,9:31:16.574035509,T,KO,,200,67.93
2025-10-17,9:31:16.574035509,T,KO,,200,67.93
2025-10-17,9:31:16.574417186,T,KO,F,100,67.93
2025-10-17,9:31:16.574444314,T,KO,,554,67.93
2025-10-17,9:31:16.574447498,T,KO,,654,67.93
2025-10-17,9:31:16.574477371,T,KO,,100,67.93
2025-10-17,9:31:16.574480974,T,KO,,100,67.93
2025-10-17,9:31:16.574484082,T,KO,I,13,67.93
2025-10-17,9:31:16.574484082,T,KO,,100,67.93
2025-10-17,9:31:16.574486345,T,KO,I,20,67.93
2025-10-17,9:31:16.574486345,T,KO,I,67,67.935
2025-10-17,9:31:16.574504748,T,KO,I,43,67.935
2025-10-17,9:31:16.574569163,T,KO,,100,67.935
2025-10-17,9:31:16.574573560,T,KO,,100,67.94
2025-10-17,9:31:16.574573560,T,KO,,200,67.94
2025-10-17,9:31:16.574721026,T,KO,F,100,67.94
2025-10-17,9:31:16.574723894,T,KO,F,200,67.935
2025-10-17,9:31:16.574823133,T,KO,F,100,67.94
2025-10-17,9:31:16.574826385,T,KO,F,200,67.94
2025-10-17,9:31:16.575364524,T,KO,,100,67.94
2025-10-17,9:31:16.575385405,T,KO,I,26,67.94
2025-10-17,9:31:16.575388410,T,KO,I,30,67.94
2025-10-17,9:31:16.575698244,T,KO,F,200,67.93
2025-10-17,9:31:16.575719304,T,KO,I,20,67.93
2025-10-17,9:31:16.575845586,T,KO,F,100,67.92
2025-10-17,9:31:16.575848761,T,KO,F,200,67.92
2025-10-17,9:31:16.576332671,T,KO,F,100,67.92
2025-10-17,9:31:16.576416875,T,KO,F,142,67.93
2025-10-17,9:31:16.585336132,T,KO,,200,67.94
2025-10-17,9:31:16.585339164,T,KO,,120,67.94
2025-10-17,9:31:17.053542337,T,KO,,244,67.95
2025-10-17,9:31:17.053566861,T,KO,F I,38,67.95
2025-10-17,9:31:23.511354045,T,KO,F I,8,67.95
2025-10-17,9:31:23.511375062,T,KO,I,92,67.95
2025-10-17,9:31:23.511381889,T,KO,,100,67.95
2025-10-17,9:31:23.511381889,T,KO,,200,67.95
2025-10-17,9:31:23.511420164,T,KO,,144,67.96
2025-10-17,9:31:23.511441226,T,KO,I,1,67.96
2025-10-17,9:31:23.511453892,T,KO,,299,67.96
2025-10-17,9:31:23.511453892,T,KO,I,1,67.96
2025-10-17,9:31:23.511625425,T,KO,F,144,67.95
2025-10-17,9:31:23.511627668,T,KO,F,144,67.95
2025-10-17,9:31:23.511633749,T,KO,F I,1,67.95
2025-10-17,9:31:23.511633749,T,KO,F,299,67.95
2025-10-17,9:31:23.511826167,T,KO,F,100,67.95
2025-10-17,9:31:23.511829332,T,KO,F,100,67.95
2025-10-17,9:31:23.511944373,T,KO,,100,67.95
2025-10-17,9:31:23.511944373,T,KO,I,53,67.96
2025-10-17,9:31:23.511949636,T,KO,,100,67.96
2025-10-17,9:31:23.511949636,T,KO,,200,67.96
2025-10-17,9:31:23.511949636,T,KO,I,53,67.96
2025-10-17,9:31:23.512099759,T,KO,F,200,67.95
2025-10-17,9:31:23.512235941,T,KO,F,100,67.96
2025-10-17,9:31:23.512544866,T,KO,,100,67.96
2025-10-17,9:31:23.557556090,T,KO,,100,67.97
2025-10-17,9:31:23.557559102,T,KO,,100,67.97
2025-10-17,9:31:24.609702041,T,KO,F,687,67.98
2025-10-17,9:31:25.189419794,T,KO,F,100,67.99
2025-10-17,9:31:27.595062320,T,KO,F,100,67.99
2025-10-17,9:31:28.172843505,T,KO,F,100,67.99
2025-10-17,9:31:28.831884785,T,KO,,100,68.01
2025-10-17,9:31:29.422400541,T,KO,F,100,68.005
2025-10-17,9:31:29.422400541,T,KO,F,298,68.02
2025-10-17,9:31:29.422626110,T,KO,F,100,68.02
2025-10-17,9:31:29.423573359,T,KO,F,144,68.01
2025-10-17,9:31:29.425161147,T,KO,F,200,68.0
2025-10-17,9:31:29.425164179,T,KO,F,100,68.0
2025-10-17,9:31:29.425396447,T,KO,I,44,68.0
2025-10-17,9:31:29.425488869,T,KO,I,23,68.0
2025-10-17,9:31:29.425693401,T,KO,I,23,68.0
2025-10-17,9:31:29.425699367,T,KO,F I,77,68.0
2025-10-17,9:31:29.425988061,T,KO,,144,68.0
2025-10-17,9:31:29.426318830,T,KO,F,100,68.0
2025-10-17,9:31:29.426457230,T,KO,F,100,68.0
2025-10-17,9:31:29.426559433,T,KO,F I,31,68.0
2025-10-17,9:31:29.427494673,T,KO,F,100,68.0
2025-10-17,9:31:29.429683951,T,KO,F,144,68.0
2025-10-17,9:31:29.429687192,T,KO,F I,54,68.0
2025-10-17,9:31:29.429687192,T,KO,F I,3,68.0
2025-10-17,9:31:29.429690159,T,KO,F,200,68.0
2025-10-17,9:31:29.429692905,T,KO,F,144,68.0
2025-10-17,9:31:29.831176091,T,KO,,100,67.99
2025-10-17,9:31:30.439720672,T,KO,,354,68.0
2025-10-17,9:31:30.439739068,T,KO,I,1,68.0
2025-10-17,9:31:30.440382158,T,KO,I,51,68.0
2025-10-17,9:31:31.409924365,T,KO,,100,68.0
2025-10-17,9:31:31.699529075,T,KO,,243,68.0
2025-10-17,9:31:31.699550216,T,KO,I,1,68.0
2025-10-17,9:31:31.699553115,T,KO,I,1,68.0
2025-10-17,9:31:31.699559226,T,KO,F I,64,68.0
2025-10-17,9:31:31.699562689,T,KO,F I,2,68.0
2025-10-17,9:31:31.699580394,T,KO,F I,66,68.0
2025-10-17,9:31:31.699580394,T,KO,F I,32,68.0
2025-10-17,9:31:31.699640336,T,KO,I,46,68.01
2025-10-17,9:31:31.699643438,T,KO,,100,68.01
2025-10-17,9:31:35.128671682,T,KO,F I,55,67.99
2025-10-17,9:31:35.128689522,T,KO,F I,45,67.99
2025-10-17,9:31:35.128717202,T,KO,,100,67.99
2025-10-17,9:31:35.854392831,T,KO,I,44,67.99
2025-10-17,9:31:36.637343614,T,KO,I,25,68.0
2025-10-17,9:31:37.724931899,T,KO,F I,63,67.99
2025-10-17,9:31:37.724931899,T,KO,F,100,67.99
2025-10-17,9:31:37.725133416,T,KO,F I,2,67.98
2025-10-17,9:31:37.725133416,T,KO,F,100,67.98
2025-10-17,9:31:37.825046433,T,KO,,406,67.98
2025-10-17,9:31:41.979269660,T,KO,F,100,67.97
2025-10-17,9:31:42.100025735,T,KO,I,60,67.97
2025-10-17,9:31:42.100037263,T,KO,F,200,67.95
2025-10-17,9:31:42.100040301,T,KO,F,100,67.95
2025-10-17,9:31:42.100052309,T,KO,I,1,67.97
2025-10-17,9:31:42.100062537,T,KO,I,96,67.96
2025-10-17,9:31:42.100148485,T,KO,F,200,67.95
2025-10-17,9:31:42.100154501,T,KO,F,100,67.95
2025-10-17,9:31:42.100154501,T,KO,F I,23,67.95
2025-10-17,9:31:42.100251120,T,KO,I,77,67.95
2025-10-17,9:31:42.100251120,T,KO,I,1,67.95
2025-10-17,9:31:42.100578721,T,KO,F,200,67.95
2025-10-17,9:31:42.100587624,T,KO,F,100,67.95
2025-10-17,9:31:42.100650694,T,KO,I,29,67.95
2025-10-17,9:31:42.100653737,T,KO,I,14,67.95
2025-10-17,9:31:42.100653737,T,KO,I,57,67.95
2025-10-17,9:31:42.100675108,T,KO,I,43,67.95
2025-10-17,9:31:42.100677768,T,KO,I,1,67.95
2025-10-17,9:31:42.101141763,T,KO,F,200,67.95
2025-10-17,9:31:42.101143902,T,KO,F I,56,67.95
2025-10-17,9:31:42.101408641,T,KO,I,1,67.95
2025-10-17,9:31:42.101462797,T,KO,F I,5,67.95
2025-10-17,9:31:42.101462797,T,KO,F I,4,67.95
2025-10-17,9:31:42.102492130,T,KO,I,35,67.95
2025-10-17,9:31:42.102492130,T,KO,,100,67.95
2025-10-17,9:31:42.102497071,T,KO,,100,67.95
2025-10-17,9:31:42.102497071,T,KO,I,56,67.95
2025-10-17,9:31:42.102500124,T,KO,,200,67.95
2025-10-17,9:31:42.102560212,T,KO,F,200,67.94
2025-10-17,9:31:42.102563235,T,KO,F I,21,67.94
2025-10-17,9:31:42.102647452,T,KO,F,162,67.95
2025-10-17,9:31:42.102674771,T,KO,,100,67.95
2025-10-17,9:31:42.102674771,T,KO,,100,67.95
2025-10-17,9:31:42.103080549,T,KO,F,100,67.95
2025-10-17,9:31:42.103080549,T,KO,F,100,67.95
2025-10-17,9:31:42.103083562,T,KO,F I,96,67.95
2025-10-17,9:31:42.104493855,T,KO,F,100,67.95
2025-10-17,9:31:42.104496909,T,KO,F,200,67.95
2025-10-17,9:31:42.937035819,T,KO,I,27,67.95
2025-10-17,9:31:42.937035819,T,KO,I,88,67.95
2025-10-17,9:31:42.937053756,T,KO,F I,12,67.95
2025-10-17,9:31:42.937336449,T,KO,F,100,67.94
2025-10-17,9:31:42.937339496,T,KO,F,200,67.94
2025-10-17,9:31:44.573533421,T,KO,,300,67.93
2025-10-17,9:31:44.573533421,T,KO,,305,67.94
2025-10-17,9:31:44.573554851,T,KO,I,1,67.94
2025-10-17,9:31:44.573554851,T,KO,I,1,67.94
2025-10-17,9:31:44.573605583,T,KO,,121,67.94
2025-10-17,9:31:44.573605583,T,KO,I,79,67.94
2025-10-17,9:31:44.573638670,T,KO,F I,21,67.94
2025-10-17,9:31:45.270686836,T,KO,I,16,67.94
2025-10-17,9:31:45.270714624,T,KO,I,1,67.94
2025-10-17,9:31:45.270728972,T,KO,,661,67.94
2025-10-17,9:31:45.270732393,T,KO,,100,67.94
2025-10-17,9:31:45.270732393,T,KO,,298,67.94
2025-10-17,9:31:45.583423268,T,KO,F,406,67.98
2025-10-17,9:31:45.584689742,T,KO,,300,67.97
2025-10-17,9:31:45.638787555,T,KO,,100,67.965
2025-10-17,9:31:45.638790644,T,KO,,100,67.965
2025-10-17,9:31:45.638790644,T,KO,I,43,67.97
2025-10-17,9:31:45.638811642,T,KO,I,1,67.97
2025-10-17,9:31:45.766149931,T,KO,F,100,67.965
2025-10-17,9:31:45.766153047,T,KO,F I,56,67.97
2025-10-17,9:31:45.766155958,T,KO,F I,71,67.97
2025-10-17,9:31:45.766155958,T,KO,F I,73,67.97
2025-10-17,9:31:45.766201113,T,KO,,227,67.97
2025-10-17,9:31:49.377634737,T,KO,I,40,67.98
2025-10-17,9:31:49.377656216,T,KO,I,1,67.98
2025-10-17,9:31:49.378112941,T,KO,,400,67.98
2025-10-17,9:31:49.378134438,T,KO,I,1,67.98
2025-10-17,9:31:49.378476774,T,KO,F,120,67.98
2025-10-17,9:31:50.291313380,T,KO,F I,51,67.98
2025-10-17,9:31:50.291315727,T,KO,F,100,67.98
2025-10-17,9:31:50.334176807,T,KO,F I,5,67.97
2025-10-17,9:31:53.396857243,T,KO,,100,67.965
2025-10-17,9:31:53.977323779,T,KO,,200,67.965
2025-10-17,9:31:54.631195143,T,KO,,100,67.965
2025-10-17,9:31:57.917347198,T,KO,F I,4,67.95
2025-10-17,9:31:57.917347198,T,KO,F I,21,67.95
2025-10-17,9:31:57.917349971,T,KO,F I,40,67.95
2025-10-17,9:32:00.072123183,T,KO,,100,67.94
2025-10-17,9:32:00.072123183,T,KO,,574,67.95
2025-10-17,9:32:00.072138012,T,KO,I,1,67.95
2025-10-17,9:32:00.072141034,T,KO,I,1,67.95
2025-10-17,9:32:00.072144058,T,KO,F I,98,67.95
2025-10-17,9:32:00.073689749,T,KO,F,100,67.955
2025-10-17,9:32:00.074101714,T,KO,F,100,67.96
2025-10-17,9:32:00.075039966,T,KO,,100,67.96
2025-10-17,9:32:00.492581476,T,KO,F I,2,67.95
2025-10-17,9:32:00.493038561,T,KO,I,98,67.95
2025-10-17,9:32:00.736862228,T,KO,F I,2,67.94
2025-10-17,9:32:00.928514784,T,KO,I,62,67.94
2025-10-17,9:32:02.242533316,T,KO,F I,32,67.91
2025-10-17,9:32:02.242536608,T,KO,F,100,67.91
2025-10-17,9:32:02.242563788,T,KO,,100,67.9
2025-10-17,9:32:02.242566712,T,KO,,200,67.9
2025-10-17,9:32:02.244707646,T,KO,F I,22,67.88
2025-10-17,9:32:02.246983922,T,KO,F,200,67.87
2025-10-17,9:32:02.246987001,T,KO,F,100,67.87
2025-10-17,9:32:02.246989904,T,KO,F,200,67.87
2025-10-17,9:32:02.247044094,T,KO,,100,67.87
2025-10-17,9:32:02.247044094,T,KO,I,50,67.87
2025-10-17,9:32:02.250036508,T,KO,F,100,67.86
2025-10-17,9:32:02.250039637,T,KO,F,100,67.86
2025-10-17,9:32:02.250043182,T,KO,F,200,67.86
2025-10-17,9:32:02.250045629,T,KO,F I,26,67.86
2025-10-17,9:32:02.250045629,T,KO,F I,94,67.86
2025-10-17,9:32:02.251236617,T,KO,F I,22,67.86
2025-10-17,9:32:02.252020883,T,KO,F,100,67.86
2025-10-17,9:32:02.252020883,T,KO,F I,22,67.86
2025-10-17,9:32:02.252023988,T,KO,F I,4,67.86
2025-10-17,9:32:02.252027416,T,KO,F,100,67.86
2025-10-17,9:32:02.252027416,T,KO,F,200,67.86
2025-10-17,9:32:02.252478008,T,KO,F,100,67.86
2025-10-17,9:32:02.252481080,T,KO,F,100,67.86
2025-10-17,9:32:02.252923060,T,KO,F,100,67.87
2025-10-17,9:32:02.253566640,T,KO,F,100,67.87
2025-10-17,9:32:02.253566640,T,KO,F I,22,67.86
2025-10-17,9:32:02.277046951,T,KO,F,100,67.88
2025-10-17,9:32:02.277050097,T,KO,F I,82,67.88
2025-10-17,9:32:02.277050097,T,KO,F,146,67.88
2025-10-17,9:32:02.277061534,T,KO,I,54,67.88
2025-10-17,9:32:02.277064953,T,KO,I,51,67.88
2025-10-17,9:32:02.277064953,T,KO,I,77,67.88
2025-10-17,9:32:02.429993833,T,KO,F,100,67.88
2025-10-17,9:32:02.430018092,T,KO,F,100,67.88
2025-10-17,9:32:02.430024111,T,KO,F,200,67.88
2025-10-17,9:32:02.430026936,T,KO,F I,31,67.88
2025-10-17,9:32:02.430026936,T,KO,F,139,67.88
2025-10-17,9:32:07.074934915,T,KO,F,100,67.91
2025-10-17,9:32:07.074934915,T,KO,F I,21,67.91
2025-10-17,9:32:07.074940819,T,KO,I,79,67.91
2025-10-17,9:32:07.075184365,T,KO,,100,67.9
2025-10-17,9:32:09.523724186,T,KO,I,19,67.89
2025-10-17,9:32:09.523742293,T,KO,F I,81,67.89
2025-10-17,9:32:10.762699142,T,KO,,100,67.89
2025-10-17,9:32:13.049817503,T,KO,F,100,67.91
2025-10-17,9:32:13.792132460,T,KO,F I,97,67.9
2025-10-17,9:32:13.792153576,T,KO,I,1,67.9
2025-10-17,9:32:13.822393553,T,KO,,100,67.905
2025-10-17,9:32:15.574931634,T,KO,,200,67.905
2025-10-17,9:32:18.629790482,T,KO,F,100,67.915
2025-10-17,9:32:21.004183401,T,KO,F,100,67.9
2025-10-17,9:32:21.004655030,T,KO,F I,1,67.89
2025-10-17,9:32:21.004657843,T,KO,F I,1,67.89
2025-10-17,9:32:24.238812971,T,KO,F,200,67.92
2025-10-17,9:32:24.238812971,T,KO,F I,88,67.92
2025-10-17,9:32:24.238815819,T,KO,F,100,67.92
2025-10-17,9:32:25.588192690,T,KO,,100,67.91
2025-10-17,9:32:25.588700949,T,KO,F,100,67.9
2025-10-17,9:32:29.532885869,T,KO,I,77,67.92
2025-10-17,9:32:29.532913519,T,KO,F I,23,67.92
2025-10-17,9:32:30.639040552,T,KO,F I,24,67.92
2025-10-17,9:32:30.639040552,T,KO,F,100,67.92
2025-10-17,9:32:31.406429390,T,KO,F I,24,67.9
2025-10-17,9:32:31.406432250,T,KO,F I,5,67.9
2025-10-17,9:32:34.628347905,T,KO,F,182,67.88
2025-10-17,9:32:34.628925386,T,KO,F I,23,67.87
2025-10-17,9:32:34.628925386,T,KO,F I,73,67.87
2025-10-17,9:32:34.628928300,T,KO,F I,27,67.87
2025-10-17,9:32:36.443435067,T,KO,F,100,67.86
2025-10-17,9:32:36.443437963,T,KO,F I,51,67.86
2025-10-17,9:32:36.448892913,T,KO,I,1,67.86
2025-10-17,9:32:36.448917020,T,KO,I,1,67.86
2025-10-17,9:32:37.594790137,T,KO,F,182,67.85
2025-10-17,9:32:37.595283550,T,KO,F,200,67.84
2025-10-17,9:32:37.595286301,T,KO,F,100,67.84
2025-10-17,9:32:38.168445343,T,KO,F,100,67.85
2025-10-17,9:32:38.168448439,T,KO,F,200,67.85
2025-10-17,9:32:38.170054183,T,KO,F I,1,67.87
2025-10-17,9:32:39.878227632,T,KO,I,10,67.88
2025-10-17,9:32:39.878925292,T,KO,I,60,67.88
2025-10-17,9:32:39.965468465,T,KO,I,10,67.88
2025-10-17,9:32:40.136163946,T,KO,F I,90,67.88
2025-10-17,9:32:42.314275678,T,KO,F,100,67.89
2025-10-17,9:32:43.014719386,T,KO,F,100,67.87
2025-10-17,9:32:43.014721865,T,KO,F I,78,67.87
2025-10-17,9:32:47.669373129,T,KO,F,120,67.86
2025-10-17,9:32:47.669640705,T,KO,,100,67.85
2025-10-17,9:32:48.960141346,T,KO,F I,11,67.83
2025-10-17,9:32:48.960143551,T,KO,F,182,67.83
2025-10-17,9:32:48.960149335,T,KO,F I,50,67.83
2025-10-17,9:32:48.960191452,T,KO,F,200,67.82
2025-10-17,9:32:48.960191452,T,KO,F,100,67.82
2025-10-17,9:32:48.960197567,T,KO,F I,11,67.82
2025-10-17,9:32:49.162600606,T,KO,F I,5,67.81
2025-10-17,9:32:49.162600606,T,KO,F I,12,67.81
2025-10-17,9:32:49.163524388,T,KO,F,100,67.81
2025-10-17,9:32:49.163524388,T,KO,F I,24,67.81
2025-10-17,9:32:49.177043911,T,KO,F I,5,67.81
2025-10-17,9:32:49.177046917,T,KO,F I,1,67.81
2025-10-17,9:32:49.177046917,T,KO,F I,22,67.81
2025-10-17,9:32:51.376323071,T,KO,F I,80,67.82
2025-10-17,9:32:53.030350548,T,KO,I,24,67.82
2025-10-17,9:32:53.030355605,T,KO,,107,67.82
2025-10-17,9:32:53.030368276,T,KO,I,1,67.82
2025-10-17,9:32:53.030439818,T,KO,F I,74,67.82
2025-10-17,9:32:53.429899182,T,KO,I,24,67.82
2025-10-17,9:32:56.136237344,T,KO,I,36,67.81
2025-10-17,9:32:56.136237344,T,KO,I,41,67.81
2025-10-17,9:32:56.136254935,T,KO,F,141,67.81
2025-10-17,9:32:56.136297689,T,KO,I,43,67.82
2025-10-17,9:32:56.136665052,T,KO,I,43,67.81
2025-10-17,9:32:56.136665052,T,KO,,100,67.81
2025-10-17,9:33:00.343861329,T,KO,,100,67.84
2025-10-17,9:33:00.343861329,T,KO,,100,67.84
2025-10-17,9:33:02.196026765,T,KO,I,59,67.86
2025-10-17,9:33:08.530418633,T,KO,F I,65,67.9
2025-10-17,9:33:11.728183870,T,KO,F I,52,67.93
2025-10-17,9:33:12.667624292,T,KO,,100,67.935
2025-10-17,9:33:13.696019717,T,KO,F I,4,67.94
2025-10-17,9:33:15.163650184,T,KO,,100,67.955
2025-10-17,9:33:16.513366902,T,KO,F,100,67.98
2025-10-17,9:33:16.513384999,T,KO,I,10,67.98
2025-10-17,9:33:16.780117194,T,KO,F,100,67.97
2025-10-17,9:33:19.145214256,T,KO,,100,67.965
2025-10-17,9:33:22.088588547,T,KO,I,9,67.96
2025-10-17,9:33:22.088865202,T,KO,F I,43,67.96
2025-10-17,9:33:22.451390672,T,KO,F I,48,67.95
2025-10-17,9:33:22.660150873,T,KO,,100,67.94
2025-10-17,9:33:22.660150873,T,KO,I,16,67.94
2025-10-17,9:33:22.660172424,T,KO,I,1,67.94
2025-10-17,9:33:22.660172424,T,KO,I,83,67.94
2025-10-17,9:33:23.243546381,T,KO,F,100,67.94
2025-10-17,9:33:26.577214308,T,KO,F,100,67.93
2025-10-17,9:33:26.797669349,T,KO,,100,67.92
2025-10-17,9:33:26.798204624,T,KO,,100,67.92
2025-10-17,9:33:28.435685645,T,KO,F,100,67.92
2025-10-17,9:33:28.435685645,T,KO,F,100,67.92
2025-10-17,9:33:29.172867390,T,KO,F I,23,67.91
2025-10-17,9:33:29.172891548,T,KO,F I,77,67.91
2025-10-17,9:33:36.364204388,T,KO,I,10,67.915
2025-10-17,9:33:36.700636611,T,KO,I,63,67.89
2025-10-17,9:33:36.700687788,T,KO,I,37,67.89
2025-10-17,9:33:36.700708848,T,KO,I,37,67.89
2025-10-17,9:33:36.701665100,T,KO,,100,67.89
2025-10-17,9:33:36.701692124,T,KO,,100,67.89
2025-10-17,9:33:40.471236250,T,KO,,100,67.9
2025-10-17,9:33:40.471239895,T,KO,,100,67.9
2025-10-17,9:33:42.723378170,T,KO,F I,76,67.93
2025-10-17,9:33:42.756703577,T,KO,F,100,67.94
2025-10-17,9:33:43.020988026,T,KO,F I,11,67.95
2025-10-17,9:33:43.841832035,T,KO,,100,67.955
2025-10-17,9:33:48.545217219,T,KO,F I,38,67.92
2025-10-17,9:33:48.545220223,T,KO,F,100,67.92
2025-10-17,9:33:48.545557051,T,KO,,100,67.91
2025-10-17,9:33:49.553822430,T,KO,F,200,67.9
2025-10-17,9:33:51.635025412,T,KO,I,70,67.91
2025-10-17,9:33:52.810377686,T,KO,F,200,67.93
2025-10-17,9:33:53.458391144,T,KO,I,10,67.935
2025-10-17,9:33:59.067305091,T,KO,F,100,67.93
2025-10-17,9:34:05.003945546,T,KO,F I,37,67.93
2025-10-17,9:34:05.003948476,T,KO,F I,50,67.93
2025-10-17,9:34:06.811081676,T,KO,,100,67.95
2025-10-17,9:34:06.811099999,T,KO,I,1,67.95
2025-10-17,9:34:06.811190784,T,KO,F,199,67.95
2025-10-17,9:34:06.811226073,T,KO,,100,67.95
2025-10-17,9:34:06.811337322,T,KO,I,55,67.95
2025-10-17,9:34:06.811460581,T,KO,F I,45,67.95
2025-10-17,9:34:06.848893769,T,KO,I,6,67.955
2025-10-17,9:34:11.012763962,T,KO,I,37,67.96
2025-10-17,9:34:11.012763962,T,KO,I,18,67.96
2025-10-17,9:34:12.943692885,T,KO,I,50,67.96
2025-10-17,9:34:12.943725963,T,KO,F,100,67.96
2025-10-17,9:34:16.817600522,T,KO,F,100,67.96
2025-10-17,9:34:16.817600522,T,KO,F I,21,67.96
2025-10-17,9:34:17.083120884,T,KO,I,10,67.97
2025-10-17,9:34:17.083120884,T,KO,I,10,67.97
2025-10-17,9:34:17.164166898,T,KO,I,10,67.97
2025-10-17,9:34:21.024969406,T,KO,F I,7,67.98
2025-10-17,9:34:21.024969406,T,KO,F I,19,67.98
2025-10-17,9:34:22.289297647,T,KO,F I,46,67.98
2025-10-17,9:34:23.275084536,T,KO,I,46,67.97
2025-10-17,9:34:24.622789533,T,KO,F I,15,67.97
2025-10-17,9:34:27.330910354,T,KO,F,100,67.97
2025-10-17,9:34:29.017444310,T,KO,I,31,67.975
2025-10-17,9:34:29.018199232,T,KO,,200,67.97
2025-10-17,9:34:29.142464135,T,KO,I,24,67.97
2025-10-17,9:34:29.142467147,T,KO,I,87,67.97
2025-10-17,9:34:29.142876093,T,KO,F I,10,67.98
2025-10-17,9:34:29.143291070,T,KO,F I,48,67.98
2025-10-17,9:34:29.143312273,T,KO,F I,24,67.98
2025-10-17,9:34:29.143315081,T,KO,F I,3,67.98
2025-10-17,9:34:31.206523195,T,KO,,100,67.975
2025-10-17,9:34:32.217089061,T,KO,I,1,67.96
2025-10-17,9:34:32.217110387,T,KO,F,100,67.96
2025-10-17,9:34:32.217110387,T,KO,F I,50,67.96
2025-10-17,9:34:32.221422416,T,KO,F,100,67.95
2025-10-17,9:34:32.694749754,T,KO,F I,73,67.96
2025-10-17,9:34:45.164194508,T,KO,,100,67.965
2025-10-17,9:34:50.099044160,T,KO,F,147,67.97
2025-10-17,9:34:53.694689968,T,KO,F I,10,67.97
2025-10-17,9:34:57.256632026,T,KO,F I,50,67.95
2025-10-17,9:34:57.256634604,T,KO,F I,51,67.95
2025-10-17,9:34:57.256646580,T,KO,F I,49,67.95
2025-10-17,9:34:57.373360587,T,KO,F,100,67.95
2025-10-17,9:34:57.373360587,T,KO,F,200,67.95
2025-10-17,9:34:57.373381605,T,KO,I,1,67.95
2025-10-17,9:34:58.394075618,T,KO,F I,71,67.94
2025-10-17,9:34:58.394403637,T,KO,I,67,67.94
2025-10-17,9:34:58.394427461,T,KO,F I,33,67.94
2025-10-17,9:34:59.461915954,T,KO,F I,50,67.95
2025-10-17,9:35:00.034419615,T,KO,F I,50,67.95
2025-10-17,9:35:00.045109978,T,KO,F,100,67.95
2025-10-17,9:35:00.184663446,T,KO,F I,19,67.97
2025-10-17,9:35:01.908492139,T,KO,,100,67.96
2025-10-17,9:35:03.848788309,T,KO,F,135,67.96
2025-10-17,9:35:03.848806579,T,KO,F I,65,67.96
2025-10-17,9:35:03.849413820,T,KO,I,24,67.96
2025-10-17,9:35:03.850039275,T,KO,,100,67.96
2025-10-17,9:35:03.850039275,T,KO,I,24,67.96
2025-10-17,9:35:04.623932570,T,KO,F,100,67.955
2025-10-17,9:35:05.056357032,T,KO,F I,50,67.95
2025-10-17,9:35:05.056357032,T,KO,F I,50,67.95
2025-10-17,9:35:05.057008966,T,KO,I,24,67.95
2025-10-17,9:35:05.057069172,T,KO,F,100,67.95
2025-10-17,9:35:05.057072132,T,KO,F I,24,67.95
2025-10-17,9:35:05.122709516,T,KO,,200,67.94
2025-10-17,9:35:07.428354932,T,KO,I,58,67.94
2025-10-17,9:35:12.856418225,T,KO,,100,67.95
2025-10-17,9:35:13.174762403,T,KO,F,200,67.94
2025-10-17,9:35:15.087161222,T,KO,,100,67.94
2025-10-17,9:35:15.096275962,T,KO,,100,67.94
2025-10-17,9:35:15.097719426,T,KO,,100,67.94
2025-10-17,9:35:16.087845922,T,KO,,100,67.95
2025-10-17,9:35:16.087845922,T,KO,,100,67.95
2025-10-17,9:35:16.087848726,T,KO,,200,67.95
2025-10-17,9:35:16.087864272,T,KO,I,1,67.95
2025-10-17,9:35:16.087875684,T,KO,F,499,67.95
2025-10-17,9:35:16.088188395,T,KO,F I,19,67.95
2025-10-17,9:35:16.121510783,T,KO,F I,54,67.97
2025-10-17,9:35:16.815891650,T,KO,I,37,67.96
2025-10-17,9:35:16.816150217,T,KO,I,63,67.96
2025-10-17,9:35:16.816213490,T,KO,I,66,67.96
2025-10-17,9:35:16.816216386,T,KO,I,34,67.96
2025-10-17,9:35:16.816237962,T,KO,F I,24,67.96
2025-10-17,9:35:16.816241260,T,KO,F I,24,67.96
2025-10-17,9:35:16.816526056,T,KO,I,6,67.96
2025-10-17,9:35:16.816802927,T,KO,I,24,67.96
2025-10-17,9:35:16.816808909,T,KO,I,66,67.96
2025-10-17,9:35:16.816808909,T,KO,I,7,67.96
2025-10-17,9:35:16.816826891,T,KO,I,1,67.96
2025-10-17,9:35:17.063230689,T,KO,I,11,67.96
2025-10-17,9:35:17.073924173,T,KO,I,66,67.96
2025-10-17,9:35:17.073930362,T,KO,,100,67.96
2025-10-17,9:35:17.073930362,T,KO,I,13,67.96
2025-10-17,9:35:17.073930362,T,KO,,121,67.96
2025-10-17,9:35:17.073951261,T,KO,F I,57,67.96
2025-10-17,9:35:17.074940884,T,KO,I,66,67.96
2025-10-17,9:35:17.074944004,T,KO,I,37,67.96
2025-10-17,9:35:17.074944004,T,KO,,121,67.96
2025-10-17,9:35:17.074949908,T,KO,I,66,67.96
2025-10-17,9:35:18.154045800,T,KO,I,66,67.96
2025-10-17,9:35:18.154048901,T,KO,I,17,67.96
2025-10-17,9:35:18.154052175,T,KO,I,40,67.96
2025-10-17,9:35:18.154052175,T,KO,I,60,67.96
2025-10-17,9:35:18.154054884,T,KO,I,72,67.96
2025-10-17,9:35:18.154054884,T,KO,I,50,67.96
2025-10-17,9:35:18.154057821,T,KO,,118,67.96
2025-10-17,9:35:21.311262459,T,KO,I,54,67.97
2025-10-17,9:35:23.622185465,T,KO,,100,67.97
2025-10-17,9:35:23.622188399,T,KO,I,15,67.97
2025-10-17,9:35:23.622206699,T,KO,I,1,67.97
2025-10-17,9:35:25.122744405,T,KO,I,33,67.97
2025-10-17,9:35:29.261035612,T,KO,F,100,67.94
2025-10-17,9:35:29.261035612,T,KO,F I,2,67.94
2025-10-17,9:35:29.261101784,T,KO,,100,67.95
2025-10-17,9:35:29.261105293,T,KO,I,4,67.95
2025-10-17,9:35:29.261123406,T,KO,I,1,67.95
2025-10-17,9:35:29.261540824,T,KO,I,3,67.94
2025-10-17,9:35:29.300191946,T,KO,I,83,67.94
2025-10-17,9:35:29.452616496,T,KO,F I,14,67.94
2025-10-17,9:35:29.452619156,T,KO,F I,66,67.94
2025-10-17,9:35:29.837448512,T,KO,F I,24,67.93
2025-10-17,9:35:29.837451564,T,KO,F,200,67.93
2025-10-17,9:35:30.886548286,T,KO,I,2,67.92
2025-10-17,9:35:30.897313899,T,KO,,200,67.92
2025-10-17,9:35:36.345696449,T,KO,I,50,67.915
2025-10-17,9:35:36.347275271,T,KO,I,50,67.915
2025-10-17,9:35:36.355707336,T,KO,,100,67.915
2025-10-17,9:35:40.203696176,T,KO,I,16,67.9
2025-10-17,9:35:40.204258517,T,KO,I,96,67.91
2025-10-17,9:35:40.204279523,T,KO,I,1,67.91
2025-10-17,9:35:40.820510302,T,KO,I,10,67.91
2025-10-17,9:35:44.725175028,T,KO,I,10,67.92
2025-10-17,9:35:52.249077988,T,KO,,100,67.91
2025-10-17,9:35:52.249083290,T,KO,,100,67.91
2025-10-17,9:35:52.249083290,T,KO,,100,67.91
2025-10-17,9:35:52.249095632,T,KO,I,1,67.91
2025-10-17,9:35:52.250078594,T,KO,I,99,67.91
2025-10-17,9:35:52.250159622,T,KO,F I,24,67.91
2025-10-17,9:35:52.250159622,T,KO,F I,51,67.91
2025-10-17,9:35:52.250177532,T,KO,F,104,67.91
2025-10-17,9:35:52.250198591,T,KO,I,1,67.91
2025-10-17,9:35:52.250234670,T,KO,F I,14,67.91
2025-10-17,9:35:52.250264725,T,KO,F I,31,67.91
2025-10-17,9:35:52.250914259,T,KO,F I,18,67.92
2025-10-17,9:35:52.250983517,T,KO,I,1,67.92
2025-10-17,9:35:52.251103781,T,KO,F I,71,67.915
2025-10-17,9:35:52.252057055,T,KO,F I,70,67.92
2025-10-17,9:35:52.252757688,T,KO,,100,67.92
2025-10-17,9:35:55.501449303,T,KO,F,100,67.93
2025-10-17,9:35:55.501452257,T,KO,F,182,67.93
2025-10-17,9:35:55.501461483,T,KO,,100,67.93
2025-10-17,9:35:55.501461483,T,KO,,182,67.93
2025-10-17,9:35:55.501474086,T,KO,I,1,67.93
2025-10-17,9:35:55.501485378,T,KO,F I,17,67.93
2025-10-17,9:35:55.672635020,T,KO,F,100,67.93
2025-10-17,9:35:55.673657413,T,KO,,189,67.93
2025-10-17,9:35:55.673681534,T,KO,F I,11,67.93
2025-10-17,9:35:55.673870950,T,KO,I,16,67.93
2025-10-17,9:35:56.712193069,T,KO,I,50,67.93
2025-10-17,9:35:56.712193069,T,KO,I,50,67.93
2025-10-17,9:35:57.580995225,T,KO,F I,1,67.935
2025-10-17,9:35:58.188826817,T,KO,,100,67.94
2025-10-17,9:35:58.188829854,T,KO,,200,67.94
2025-10-17,9:35:58.189705011,T,KO,I,43,67.94
2025-10-17,9:35:59.267035999,T,KO,I,10,67.94
2025-10-17,9:36:00.087801688,T,KO,,100,67.94
2025-10-17,9:36:00.105077842,T,KO,,100,67.94
2025-10-17,9:36:04.806962557,T,KO,F I,4,67.95
2025-10-17,9:36:04.806965431,T,KO,F I,21,67.95
2025-10-17,9:36:04.808342804,T,KO,F I,60,67.95
2025-10-17,9:36:06.182143961,T,KO,,100,67.98
2025-10-17,9:36:08.989729755,T,KO,F I,45,67.99
2025-10-17,9:36:08.989732749,T,KO,F,182,67.99
2025-10-17,9:36:08.990989733,T,KO,I,15,67.99
2025-10-17,9:36:08.991016831,T,KO,,100,67.99
2025-10-17,9:36:08.991020435,T,KO,,100,67.99
2025-10-17,9:36:09.753483037,T,KO,,100,67.99
2025-10-17,9:36:10.090354327,T,KO,I,25,67.99
2025-10-17,9:36:11.882998802,T,KO,,182,67.99
2025-10-17,9:36:15.089157127,T,KO,I,99,67.995
2025-10-17,9:36:16.629218057,T,KO,F,200,67.99
2025-10-17,9:36:16.629218057,T,KO,F,100,67.99
2025-10-17,9:36:16.729323684,T,KO,,492,67.98
2025-10-17,9:36:16.729323684,T,KO,I,38,67.98
2025-10-17,9:36:17.606503707,T,KO,,100,67.98
2025-10-17,9:36:18.690393181,T,KO,F,100,67.97
2025-10-17,9:36:18.690418150,T,KO,I,1,67.97
2025-10-17,9:36:18.690420996,T,KO,I,12,67.97
2025-10-17,9:36:18.690462376,T,KO,I,21,67.97
2025-10-17,9:36:18.690651824,T,KO,I,21,67.97
2025-10-17,9:36:18.690696950,T,KO,F I,45,67.97
2025-10-17,9:36:18.786838955,T,KO,F,100,67.97
2025-10-17,9:36:18.786841955,T,KO,F I,68,67.97
2025-10-17,9:36:19.752378598,T,KO,F,100,67.98
2025-10-17,9:36:20.092100738,T,KO,,100,67.98
2025-10-17,9:36:20.093658480,T,KO,,100,67.98
2025-10-17,9:36:22.053726828,T,KO,I,3,67.99
2025-10-17,9:36:23.260116129,T,KO,F,200,67.98
2025-10-17,9:36:23.828933023,T,KO,F I,68,67.97
2025-10-17,9:36:23.828933023,T,KO,F I,1,67.97
2025-10-17,9:36:23.828935904,T,KO,F,100,67.97
2025-10-17,9:36:25.013661650,T,KO,F I,55,67.97
2025-10-17,9:36:25.053744109,T,KO,I,66,67.97
2025-10-17,9:36:25.053747160,T,KO,I,1,67.97
2025-10-17,9:36:25.093149995,T,KO,,100,67.965
2025-10-17,9:36:25.094671654,T,KO,,100,67.965
2025-10-17,9:36:25.465145000,T,KO,F I,66,67.97
2025-10-17,9:36:25.467547760,T,KO,F I,25,67.97
2025-10-17,9:36:25.467547760,T,KO,F I,34,67.97
2025-10-17,9:36:26.451954235,T,KO,I,24,67.98
2025-10-17,9:36:28.398688965,T,KO,F I,34,67.98
2025-10-17,9:36:28.398692651,T,KO,F,100,67.98
2025-10-17,9:36:28.399296356,T,KO,F I,66,67.98
2025-10-17,9:36:29.482966343,T,KO,F,100,67.98
2025-10-17,9:36:30.412137385,T,KO,I,39,67.97
2025-10-17,9:36:30.412850134,T,KO,I,66,67.97
2025-10-17,9:36:30.493625799,T,KO,F,200,67.97
2025-10-17,9:36:30.493628528,T,KO,F,100,67.97
2025-10-17,9:36:31.321897231,T,KO,F I,2,67.98
2025-10-17,9:36:31.522065901,T,KO,,100,67.985
2025-10-17,9:36:31.708525293,T,KO,F,100,67.99
2025-10-17,9:36:31.708528096,T,KO,F I,40,67.99
2025-10-17,9:36:31.708528096,T,KO,F I,16,67.99
2025-10-17,9:36:35.088163465,T,KO,,100,67.98
2025-10-17,9:36:35.089748202,T,KO,,100,67.98
2025-10-17,9:36:36.612039942,T,KO,F I,92,67.99
2025-10-17,9:36:40.958757689,T,KO,F,100,67.98
2025-10-17,9:36:43.081074606,T,KO,I,24,67.99
2025-10-17,9:36:43.101650240,T,KO,I,30,67.98
2025-10-17,9:36:44.901478132,T,KO,F,100,67.97
2025-10-17,9:36:44.901583478,T,KO,F,100,67.97
2025-10-17,9:36:44.934184090,T,KO,I,30,67.96
2025-10-17,9:36:44.934641116,T,KO,I,64,67.96
2025-10-17,9:36:44.934641116,T,KO,I,26,67.96
2025-10-17,9:36:44.936114675,T,KO,,100,67.96
2025-10-17,9:36:45.506916196,T,KO,F I,64,67.96
2025-10-17,9:36:47.512326478,T,KO,,100,67.96
2025-10-17,9:36:47.526339960,T,KO,,100,67.96
2025-10-17,9:36:52.253863619,T,KO,F I,3,67.95
2025-10-17,9:36:52.253914690,T,KO,F,100,67.95
2025-10-17,9:36:53.820950247,T,KO,F,100,67.93
2025-10-17,9:36:53.820953008,T,KO,F,100,67.93
2025-10-17,9:37:03.021570448,T,KO,,100,67.91
2025-10-17,9:37:03.021591495,T,KO,I,1,67.91
2025-10-17,9:37:03.021777942,T,KO,F I,1,67.9
2025-10-17,9:37:03.022012502,T,KO,I,72,67.9
2025-10-17,9:37:03.022012502,T,KO,I,28,67.9
2025-10-17,9:37:03.022036471,T,KO,I,1,67.9
2025-10-17,9:37:03.022072670,T,KO,I,71,67.9
2025-10-17,9:37:03.022072670,T,KO,,100,67.9
2025-10-17,9:37:03.022271086,T,KO,,100,67.9
2025-10-17,9:37:03.029635625,T,KO,I,73,67.9
2025-10-17,9:37:03.029635625,T,KO,I,25,67.9
2025-10-17,9:37:03.029657069,T,KO,I,73,67.9
2025-10-17,9:37:03.029657069,T,KO,I,1,67.9
2025-10-17,9:37:03.029657069,T,KO,,100,67.9
2025-10-17,9:37:03.439048821,T,KO,F I,73,67.91
2025-10-17,9:37:03.439235277,T,KO,I,16,67.9
2025-10-17,9:37:05.176481808,T,KO,F I,2,67.91
2025-10-17,9:37:05.176484801,T,KO,F I,47,67.91
2025-10-17,9:37:05.178770388,T,KO,F I,73,67.91
2025-10-17,9:37:05.178770388,T,KO,F I,3,67.91
2025-10-17,9:37:08.188990766,T,KO,F I,73,67.92
2025-10-17,9:37:08.188993819,T,KO,F,525,67.92
2025-10-17,9:37:08.189017917,T,KO,F,175,67.92
2025-10-17,9:37:08.190013255,T,KO,F I,75,67.92
2025-10-17,9:37:12.681823558,T,KO,F,100,67.91
2025-10-17,9:37:12.681835505,T,KO,F I,15,67.91
2025-10-17,9:37:14.861228273,T,KO,,100,67.92
2025-10-17,9:37:15.092671572,T,KO,,100,67.925
2025-10-17,9:37:15.100778799,T,KO,,100,67.925
2025-10-17,9:37:21.105812184,T,KO,F I,55,67.94
2025-10-17,9:37:21.105814271,T,KO,F,100,67.94
2025-10-17,9:37:21.105817263,T,KO,F,118,67.94
2025-10-17,9:37:21.105874531,T,KO,I,1,67.94
2025-10-17,9:37:21.105952574,T,KO,F,100,67.94
2025-10-17,9:37:21.106701306,T,KO,,100,67.94
2025-10-17,9:37:21.106704511,T,KO,,100,67.94
2025-10-17,9:37:21.106704511,T,KO,I,50,67.94
2025-10-17,9:37:21.107576432,T,KO,F I,99,67.94
2025-10-17,9:37:21.117644434,T,KO,I,54,67.95
2025-10-17,9:37:22.346358855,T,KO,F I,82,67.965
2025-10-17,9:37:23.259315288,T,KO,,100,67.96
2025-10-17,9:37:23.272044610,T,KO,,150,67.96
2025-10-17,9:37:23.814287141,T,KO,F I,50,67.96
2025-10-17,9:37:23.814293134,T,KO,F I,4,67.97
2025-10-17,9:37:23.964212920,T,KO,F I,50,67.96
2025-10-17,9:37:23.964212920,T,KO,F I,75,67.96
2025-10-17,9:37:23.964215180,T,KO,F I,50,67.96
2025-10-17,9:37:23.964269468,T,KO,,100,67.96
2025-10-17,9:37:23.965258720,T,KO,F I,72,67.96
2025-10-17,9:37:23.967426788,T,KO,I,72,67.96
2025-10-17,9:37:23.967432813,T,KO,I,26,67.96
2025-10-17,9:37:23.967432813,T,KO,I,72,67.96
2025-10-17,9:37:24.729306466,T,KO,,100,67.97
2025-10-17,9:37:24.729381547,T,KO,F I,72,67.97
2025-10-17,9:37:28.776829494,T,KO,I,10,67.965
2025-10-17,9:37:28.959508615,T,KO,,100,67.96
2025-10-17,9:37:28.959532971,T,KO,I,1,67.96
2025-10-17,9:37:28.960040884,T,KO,I,90,67.96
2025-10-17,9:37:28.960131099,T,KO,,100,67.97
2025-10-17,9:37:28.960131099,T,KO,,100,67.97
2025-10-17,9:37:33.032120585,T,KO,F I,1,67.99
2025-10-17,9:37:34.106856444,T,KO,F,100,67.98
2025-10-17,9:37:34.108281715,T,KO,,100,67.98
2025-10-17,9:37:34.652265428,T,KO,F I,1,67.98
2025-10-17,9:37:34.652418675,T,KO,F,200,67.97
2025-10-17,9:37:34.967112191,T,KO,I,10,67.965
2025-10-17,9:37:39.247759569,T,KO,I,4,67.96
2025-10-17,9:37:39.247774644,T,KO,I,5,67.96
2025-10-17,9:37:39.247777535,T,KO,I,3,67.96
2025-10-17,9:37:39.247985122,T,KO,F I,40,67.96
2025-10-17,9:37:39.247994122,T,KO,F,100,67.96
2025-10-17,9:37:39.248003278,T,KO,F I,72,67.96
2025-10-17,9:37:39.248003278,T,KO,F,100,67.96
2025-10-17,9:37:39.248006124,T,KO,F,100,67.96
2025-10-17,9:37:39.248228709,T,KO,I,38,67.96
2025-10-17,9:37:39.248679760,T,KO,I,4,67.96
2025-10-17,9:37:39.248848257,T,KO,I,11,67.96
2025-10-17,9:37:39.249034549,T,KO,I,27,67.96
2025-10-17,9:37:41.324253867,T,KO,F I,30,67.96
2025-10-17,9:37:41.324256278,T,KO,F I,50,67.96
2025-10-17,9:37:41.324274255,T,KO,I,44,67.96
2025-10-17,9:37:41.324304392,T,KO,I,56,67.96
2025-10-17,9:37:41.519156598,T,KO,F I,72,67.96
2025-10-17,9:37:41.519156598,T,KO,F I,38,67.96
2025-10-17,9:37:41.868239800,T,KO,F,100,67.97
2025-10-17,9:37:42.007107558,T,KO,I,6,67.98
2025-10-17,9:37:42.931127327,T,KO,F I,72,67.98
2025-10-17,9:37:45.108790928,T,KO,,100,67.97
2025-10-17,9:37:45.114892486,T,KO,,100,67.97
2025-10-17,9:37:45.116522353,T,KO,,100,67.97
2025-10-17,9:37:48.987669757,T,KO,F I,50,67.98
2025-10-17,9:37:48.987672618,T,KO,F I,50,67.98
2025-10-17,9:37:48.987675501,T,KO,F,150,67.98
2025-10-17,9:37:48.987678419,T,KO,F I,1,67.98
2025-10-17,9:37:49.687667962,T,KO,F,200,67.96
2025-10-17,9:37:49.710678464,T,KO,,100,67.965
2025-10-17,9:37:51.300658380,T,KO,I,25,67.97
2025-10-17,9:37:51.300700431,T,KO,I,75,67.97
2025-10-17,9:37:51.501308226,T,KO,I,36,67.97
2025-10-17,9:37:51.501308226,T,KO,,100,67.97
2025-10-17,9:37:51.707527349,T,KO,I,39,67.97
2025-10-17,9:37:51.721396397,T,KO,,150,67.97
2025-10-17,9:37:52.517518576,T,KO,,100,67.97
2025-10-17,9:37:53.804078802,T,KO,F I,59,67.98
2025-10-17,9:37:56.336744015,T,KO,F I,21,67.98
2025-10-17,9:37:56.359424039,T,KO,F,100,67.98
2025-10-17,9:37:56.359424039,T,KO,F I,3,67.98
2025-10-17,9:37:56.359442010,T,KO,I,1,67.98
2025-10-17,9:37:56.746493929,T,KO,I,15,67.97
2025-10-17,9:37:56.746497287,T,KO,I,3,67.97
2025-10-17,9:37:56.746499995,T,KO,I,1,67.97
2025-10-17,9:37:59.339191708,T,KO,F,100,67.96
2025-10-17,9:38:06.017055685,T,KO,I,1,67.94
2025-10-17,9:38:06.017057883,T,KO,,100,67.94
2025-10-17,9:38:06.017078984,T,KO,I,1,67.94
2025-10-17,9:38:06.017078984,T,KO,I,70,67.94
2025-10-17,9:38:08.762599985,T,KO,I,10,67.935
2025-10-17,9:38:08.762599985,T,KO,I,5,67.93
2025-10-17,9:38:08.762603082,T,KO,I,70,67.93
2025-10-17,9:38:08.762627151,T,KO,,100,67.935
2025-10-17,9:38:08.762627151,T,KO,I,8,67.93
2025-10-17,9:38:10.090743272,T,KO,,100,67.93
2025-10-17,9:38:10.094571458,T,KO,,100,67.93
2025-10-17,9:38:11.360015431,T,KO,I,2,67.91
2025-10-17,9:38:17.606116915,T,KO,F I,14,67.97
2025-10-17,9:38:18.141891087,T,KO,,100,67.965
2025-10-17,9:38:19.024006045,T,KO,I,82,67.96
2025-10-17,9:38:20.846770496,T,KO,I,18,67.96
2025-10-17,9:38:20.847095547,T,KO,,100,67.96
2025-10-17,9:38:20.847098097,T,KO,,200,67.96
2025-10-17,9:38:22.833061103,T,KO,I,74,67.95
2025-10-17,9:38:22.836991544,T,KO,F I,26,67.95
2025-10-17,9:38:22.840130941,T,KO,F I,68,67.95
2025-10-17,9:38:22.840134045,T,KO,F,100,67.95
2025-10-17,9:38:25.505327778,T,KO,,100,67.955
2025-10-17,9:38:26.745915263,T,KO,I,68,67.95
2025-10-17,9:38:26.745918423,T,KO,I,14,67.95
2025-10-17,9:38:35.900738871,T,KO,,200,67.955
2025-10-17,9:38:36.035429802,T,KO,F,200,67.95
2025-10-17,9:38:43.170749062,T,KO,F,100,67.925
2025-10-17,9:38:43.170749062,T,KO,F,100,67.92
2025-10-17,9:38:47.576735316,T,KO,F,100,67.91
2025-10-17,9:38:47.576735316,T,KO,F I,18,67.91
2025-10-17,9:38:47.576737921,T,KO,F I,82,67.91
2025-10-17,9:38:47.576749957,T,KO,I,1,67.91
2025-10-17,9:38:47.576752968,T,KO,I,1,67.91
2025-10-17,9:38:47.576773966,T,KO,I,16,67.91
2025-10-17,9:38:47.576776976,T,KO,I,1,67.91
2025-10-17,9:38:47.576789067,T,KO,I,16,67.91
2025-10-17,9:38:47.577003244,T,KO,F I,64,67.91
2025-10-17,9:38:47.577008620,T,KO,F,100,67.91
2025-10-17,9:38:48.075529939,T,KO,F I,20,67.93
2025-10-17,9:38:52.534926012,T,KO,F I,64,67.93
2025-10-17,9:38:52.598422356,T,KO,,200,67.93
2025-10-17,9:38:52.598729237,T,KO,F I,64,67.94
2025-10-17,9:38:52.598729237,T,KO,F,100,67.94
2025-10-17,9:38:52.598733071,T,KO,F,100,67.94
2025-10-17,9:38:52.598733071,T,KO,F,200,67.94
2025-10-17,9:38:56.236899211,T,KO,I,64,67.94
2025-10-17,9:38:56.236947317,T,KO,I,18,67.93
2025-10-17,9:38:56.236968572,T,KO,,149,67.93
2025-10-17,9:38:56.236989387,T,KO,I,1,67.93
2025-10-17,9:38:56.368245965,T,KO,I,99,67.93
2025-10-17,9:38:59.223660844,T,KO,I,99,67.92
2025-10-17,9:38:59.223678892,T,KO,I,1,67.92
2025-10-17,9:38:59.412411342,T,KO,F,200,67.92
2025-10-17,9:39:01.212270223,T,KO,,100,67.91
2025-10-17,9:39:01.213049002,T,KO,I,50,67.9
2025-10-17,9:39:01.213052212,T,KO,,100,67.9
2025-10-17,9:39:01.213052212,T,KO,,100,67.9
2025-10-17,9:39:01.213055046,T,KO,,200,67.9
2025-10-17,9:39:01.213424950,T,KO,,200,67.91
2025-10-17,9:39:01.213428788,T,KO,,100,67.91
2025-10-17,9:39:01.213428788,T,KO,I,64,67.91
2025-10-17,9:39:01.213434266,T,KO,,100,67.91
2025-10-17,9:39:01.213434266,T,KO,,100,67.91
2025-10-17,9:39:01.213437078,T,KO,I,28,67.91
2025-10-17,9:39:01.214024061,T,KO,,100,67.91
2025-10-17,9:39:01.214026321,T,KO,I,80,67.91
2025-10-17,9:39:04.404021171,T,KO,,100,67.9
2025-10-17,9:39:04.404021171,T,KO,I,79,67.9
2025-10-17,9:39:07.708008328,T,KO,F I,5,67.89
2025-10-17,9:39:09.862612974,T,KO,I,19,67.895
2025-10-17,9:39:09.863821941,T,KO,I,2,67.895
2025-10-17,9:39:15.593804289,T,KO,F I,57,67.88
2025-10-17,9:39:15.594369701,T,KO,F I,21,67.87
2025-10-17,9:39:16.275164077,T,KO,F I,36,67.86
2025-10-17,9:39:16.275657199,T,KO,,200,67.85
2025-10-17,9:39:16.275660276,T,KO,I,23,67.85
2025-10-17,9:39:16.749201085,T,KO,,200,67.84
2025-10-17,9:39:16.749204078,T,KO,I,41,67.84
2025-10-17,9:39:16.749219457,T,KO,I,1,67.84
2025-10-17,9:39:16.749222104,T,KO,I,58,67.84
2025-10-17,9:39:17.311982511,T,KO,I,29,67.83
2025-10-17,9:39:17.447695703,T,KO,,100,67.85
2025-10-17,9:39:17.447698806,T,KO,,200,67.85
2025-10-17,9:39:23.700819038,T,KO,,100,67.85
2025-10-17,9:39:23.700822617,T,KO,,182,67.85
2025-10-17,9:39:23.700822617,T,KO,,200,67.85
2025-10-17,9:39:29.835640450,T,KO,I,5,67.85
2025-10-17,9:39:29.846956428,T,KO,F,200,67.86
2025-10-17,9:39:40.460167385,T,KO,,200,67.885
2025-10-17,9:39:40.467396499,T,KO,F I,1,67.87
2025-10-17,9:39:40.467474762,T,KO,I,66,67.87
2025-10-17,9:39:40.467474762,T,KO,I,34,67.87
2025-10-17,9:39:40.467492790,T,KO,I,1,67.87
2025-10-17,9:39:40.467628304,T,KO,F,193,67.88
2025-10-17,9:39:40.467631122,T,KO,F,200,67.88
2025-10-17,9:39:40.467631122,T,KO,F I,5,67.88
2025-10-17,9:39:40.467655116,T,KO,I,95,67.88
2025-10-17,9:39:40.467658729,T,KO,I,5,67.88
2025-10-17,9:39:40.467658729,T,KO,I,1,67.88
2025-10-17,9:39:40.467661186,T,KO,F I,94,67.88
2025-10-17,9:39:41.006767157,T,KO,I,61,67.89
2025-10-17,9:39:46.055124970,T,KO,F I,35,67.89
2025-10-17,9:39:46.055146590,T,KO,I,84,67.89
2025-10-17,9:39:46.055152041,T,KO,,1100,67.89
2025-10-17,9:39:46.055152041,T,KO,I,93,67.89
2025-10-17,9:39:46.055173162,T,KO,I,1,67.89
2025-10-17,9:39:46.055828657,T,KO,,119,67.89
2025-10-17,9:39:46.055831836,T,KO,,145,67.89
2025-10-17,9:39:46.142350690,T,KO,I,1,67.9
2025-10-17,9:39:46.142350690,T,KO,,100,67.9
2025-10-17,9:39:47.052844249,T,KO,I,94,67.9
2025-10-17,9:39:47.052865879,T,KO,I,1,67.9
2025-10-17,9:39:57.147692576,T,KO,F,200,67.92
2025-10-17,9:39:57.156106570,T,KO,I,82,67.92
2025-10-17,9:39:57.156109639,T,KO,,200,67.92
2025-10-17,9:39:57.156112649,T,KO,I,15,67.92
2025-10-17,9:39:57.357697765,T,KO,I,14,67.91
2025-10-17,9:39:57.359911003,T,KO,F I,82,67.91
2025-10-17,9:39:57.359916977,T,KO,F,100,67.91
2025-10-17,9:39:57.359920108,T,KO,F I,82,67.91
2025-10-17,9:39:57.359920108,T,KO,F I,42,67.91
2025-10-17,9:39:57.452342610,T,KO,F,100,67.91
2025-10-17,9:39:57.452345525,T,KO,F I,82,67.91
2025-10-17,9:39:57.452348096,T,KO,F I,42,67.91
2025-10-17,9:39:57.452351163,T,KO,F I,4,67.91
2025-10-17,9:39:57.452351163,T,KO,F I,82,67.91
2025-10-17,9:40:00.430031160,T,KO,,100,67.89
2025-10-17,9:40:00.430034171,T,KO,,200,67.89
2025-10-17,9:40:00.430226722,T,KO,I,84,67.89
2025-10-17,9:40:00.815107419,T,KO,F,100,67.885
2025-10-17,9:40:00.815107419,T,KO,F I,10,67.88
2025-10-17,9:40:00.815110372,T,KO,F I,5,67.88
2025-10-17,9:40:00.815113556,T,KO,F,100,67.88
2025-10-17,9:40:00.815113556,T,KO,F I,85,67.88
2025-10-17,9:40:00.815122377,T,KO,F I,15,67.88
2025-10-17,9:40:02.424970556,T,KO,I,32,67.89
2025-10-17,9:40:02.424982675,T,KO,F I,67,67.89
2025-10-17,9:40:02.432326078,T,KO,I,9,67.89
2025-10-17,9:40:12.708798441,T,KO,F I,83,67.9
2025-10-17,9:40:12.708801092,T,KO,F I,9,67.9
2025-10-17,9:40:16.621774676,T,KO,F,200,67.92
2025-10-17,9:40:19.753436467,T,KO,I,20,67.935
2025-10-17,9:40:27.945045739,T,KO,F I,10,67.95
2025-10-17,9:40:28.970275535,T,KO,I,4,67.94
2025-10-17,9:40:28.970278260,T,KO,I,50,67.94
2025-10-17,9:40:28.970280746,T,KO,I,25,67.94
2025-10-17,9:40:28.970280746,T,KO,,100,67.94
2025-10-17,9:40:28.970299089,T,KO,,100,67.94
2025-10-17,9:40:32.845024234,T,KO,F I,58,67.94
2025-10-17,9:40:32.845024234,T,KO,F I,44,67.94
2025-10-17,9:40:32.845027280,T,KO,F,356,67.94
2025-10-17,9:40:32.845027280,T,KO,F I,2,67.94
2025-10-17,9:40:35.140842184,T,KO,F,105,67.93
2025-10-17,9:40:35.140857157,T,KO,I,1,67.93
2025-10-17,9:40:35.140863187,T,KO,I,94,67.93
2025-10-17,9:40:35.140869180,T,KO,I,50,67.93
2025-10-17,9:40:35.140869180,T,KO,I,50,67.93
2025-10-17,9:40:35.162476366,T,KO,F I,50,67.93
2025-10-17,9:40:35.783854683,T,KO,F,100,67.93
2025-10-17,9:40:48.511455403,T,KO,,100,67.945
2025-10-17,9:40:53.941663919,T,KO,F,100,67.94
2025-10-17,9:40:53.941663919,T,KO,F,200,67.94
2025-10-17,9:40:53.942084501,T,KO,F,100,67.95
2025-10-17,9:40:53.942086925,T,KO,F,100,67.95
2025-10-17,9:40:53.950684278,T,KO,F I,81,67.95
2025-10-17,9:40:53.950843679,T,KO,I,83,67.94
2025-10-17,9:40:53.969394783,T,KO,,300,67.95
2025-10-17,9:40:53.969472995,T,KO,I,10,67.95
2025-10-17,9:40:54.005535123,T,KO,I,71,67.95
2025-10-17,9:40:54.379764160,T,KO,I,20,67.96
2025-10-17,9:40:54.379782295,T,KO,F I,5,67.96
2025-10-17,9:40:56.158365368,T,KO,,100,67.965
2025-10-17,9:40:56.158365368,T,KO,I,14,67.96
2025-10-17,9:40:56.158380327,T,KO,I,56,67.96
2025-10-17,9:40:56.158383358,T,KO,I,1,67.96
2025-10-17,9:40:56.158401349,T,KO,I,29,67.96
2025-10-17,9:40:56.172923001,T,KO,,200,67.955
2025-10-17,9:41:11.404190659,T,KO,I,25,67.98
2025-10-17,9:41:11.404295941,T,KO,I,25,67.98
2025-10-17,9:41:18.101005797,T,KO,,100,67.98
2025-10-17,9:41:20.026338332,T,KO,,100,67.99
2025-10-17,9:41:20.454368926,T,KO,,100,67.985
2025-10-17,9:41:21.222185031,T,KO,F,100,67.98
2025-10-17,9:41:21.222188001,T,KO,F I,17,67.98
2025-10-17,9:41:21.222190629,T,KO,F,283,67.98
2025-10-17,9:41:21.785335891,T,KO,,100,67.975
2025-10-17,9:41:25.204548571,T,KO,F,100,67.97
2025-10-17,9:41:25.827611460,T,KO,F,200,67.97
2025-10-17,9:41:26.842339380,T,KO,F,100,67.96
2025-10-17,9:41:36.479653902,T,KO,I,17,67.93
2025-10-17,9:41:36.479653902,T,KO,,100,67.93
2025-10-17,9:41:42.009732570,T,KO,I,59,67.94
2025-10-17,9:41:42.927896863,T,KO,I,10,67.945
2025-10-17,9:41:42.929770334,T,KO,,100,67.94
2025-10-17,9:41:49.989249086,T,KO,I,18,67.94
2025-10-17,9:41:52.412862597,T,KO,,100,67.94
2025-10-17,9:42:05.005565059,T,KO,I,1,67.945
2025-10-17,9:42:06.747872759,T,KO,I,10,67.945
2025-10-17,9:42:06.749108724,T,KO,F I,1,67.94
2025-10-17,9:42:06.749108724,T,KO,F I,5,67.94
2025-10-17,9:42:06.749111737,T,KO,F I,5,67.94
2025-10-17,9:42:06.749111737,T,KO,F I,90,67.94
2025-10-17,9:42:06.749114638,T,KO,F I,5,67.94
2025-10-17,9:42:06.749114638,T,KO,F,100,67.94
2025-10-17,9:42:09.103575947,T,KO,,200,67.95
2025-10-17,9:42:09.103575947,T,KO,,100,67.95
2025-10-17,9:42:09.103578690,T,KO,I,32,67.95
2025-10-17,9:42:09.103578690,T,KO,I,78,67.95
2025-10-17,9:42:09.103581421,T,KO,I,28,67.95
2025-10-17,9:42:10.138231749,T,KO,,100,67.945
2025-10-17,9:42:13.575360993,T,KO,I,15,67.945
2025-10-17,9:42:15.992187157,T,KO,F,100,67.95
2025-10-17,9:42:16.018226153,T,KO,,200,67.96
2025-10-17,9:42:16.405308138,T,KO,,100,67.97
2025-10-17,9:42:27.110871802,T,KO,,200,67.985
2025-10-17,9:42:28.219426102,T,KO,,100,67.985
2025-10-17,9:42:28.226234401,T,KO,F,118,67.98
2025-10-17,9:42:28.229009857,T,KO,,100,67.98
2025-10-17,9:42:28.260666262,T,KO,,100,67.97
2025-10-17,9:42:28.260711377,T,KO,F,100,67.97
2025-10-17,9:42:30.934761224,T,KO,F,100,67.96
2025-10-17,9:42:30.936791173,T,KO,I,31,67.96
2025-10-17,9:42:33.078461984,T,KO,F,100,67.95
2025-10-17,9:42:47.570942208,T,KO,F I,9,67.98
2025-10-17,9:42:47.573393096,T,KO,I,3,67.99
2025-10-17,9:42:47.573964643,T,KO,I,85,67.99
2025-10-17,9:42:47.573964643,T,KO,,100,67.99
2025-10-17,9:42:47.573988788,T,KO,I,1,67.99
2025-10-17,9:42:48.551704096,T,KO,,100,67.98
2025-10-17,9:42:48.551707077,T,KO,,200,67.98
2025-10-17,9:42:48.551710154,T,KO,,100,67.98
2025-10-17,9:42:50.626110767,T,KO,I,2,67.98
2025-10-17,9:42:50.656101214,T,KO,I,34,67.98
2025-10-17,9:42:51.473751626,T,KO,F I,5,67.97
2025-10-17,9:42:51.473772632,T,KO,I,1,67.97
2025-10-17,9:42:51.474043235,T,KO,I,22,67.97
2025-10-17,9:42:51.474049395,T,KO,F I,58,67.97
2025-10-17,9:42:51.474307901,T,KO,I,14,67.97
2025-10-17,9:42:51.485293115,T,KO,I,50,67.97
2025-10-17,9:42:52.088698180,T,KO,F I,1,67.97
2025-10-17,9:42:52.088942328,T,KO,F I,1,67.97
2025-10-17,9:42:52.088944853,T,KO,F I,2,67.97
2025-10-17,9:42:56.642453059,T,KO,I,12,67.97
2025-10-17,9:43:12.638733876,T,KO,I,33,67.99
2025-10-17,9:43:12.639193913,T,KO,F I,67,67.99
2025-10-17,9:43:12.691699151,T,KO,I,80,67.99
2025-10-17,9:43:19.134652659,T,KO,F I,10,68.0
2025-10-17,9:43:19.134652659,T,KO,F I,3,68.0
2025-10-17,9:43:19.134658472,T,KO,F,100,68.0
2025-10-17,9:43:19.134665037,T,KO,F,113,68.0
2025-10-17,9:43:19.134674043,T,KO,,113,68.0
2025-10-17,9:43:19.135032052,T,KO,F I,80,68.0
2025-10-17,9:43:19.135032052,T,KO,F,100,68.0
2025-10-17,9:43:19.135034465,T,KO,F I,80,68.0
2025-10-17,9:43:19.135037631,T,KO,F I,31,68.0
2025-10-17,9:43:19.135264106,T,KO,F I,60,67.99
2025-10-17,9:43:19.135269339,T,KO,F I,80,67.99
2025-10-17,9:43:19.135269339,T,KO,F I,51,67.99
2025-10-17,9:43:19.135272040,T,KO,F,100,67.99
2025-10-17,9:43:19.135286971,T,KO,I,1,67.99
2025-10-17,9:43:19.135756092,T,KO,I,80,67.99
2025-10-17,9:43:19.137825075,T,KO,F,100,67.99
2025-10-17,9:43:19.137834040,T,KO,F I,99,67.99
2025-10-17,9:43:21.066532399,T,KO,F I,11,67.98
2025-10-17,9:43:22.905901595,T,KO,F I,39,67.98
2025-10-17,9:43:22.905901595,T,KO,F I,1,67.98
2025-10-17,9:43:22.906295612,T,KO,F I,40,67.98
2025-10-17,9:43:22.906322629,T,KO,I,1,67.98
2025-10-17,9:43:22.906331685,T,KO,I,59,67.98
2025-10-17,9:43:23.545016886,T,KO,I,50,67.98
2025-10-17,9:43:25.126570722,T,KO,I,1,67.98
2025-10-17,9:43:27.256841510,T,KO,I,10,67.975
2025-10-17,9:43:27.256847420,T,KO,F I,50,67.97
2025-10-17,9:43:29.152318933,T,KO,I,1,67.97
2025-10-17,9:43:30.614221154,T,KO,I,48,67.97
2025-10-17,9:43:30.614221154,T,KO,I,52,67.97
2025-10-17,9:43:30.614257099,T,KO,I,48,67.97
2025-10-17,9:43:32.846729043,T,KO,,100,67.98
2025-10-17,9:43:32.862026536,T,KO,F I,50,67.98
2025-10-17,9:43:35.942972436,T,KO,I,50,67.99
2025-10-17,9:43:35.943044633,T,KO,I,50,67.99
2025-10-17,9:43:35.943116851,T,KO,I,25,67.99
2025-10-17,9:43:35.943176958,T,KO,I,50,67.99
2025-10-17,9:43:35.956784335,T,KO,I,25,67.99
2025-10-17,9:43:35.966873397,T,KO,I,25,67.99
2025-10-17,9:43:35.967020711,T,KO,I,50,67.99
2025-10-17,9:43:36.760129704,T,KO,F I,52,67.98
2025-10-17,9:43:36.760148021,T,KO,I,1,67.98
2025-10-17,9:43:36.760192862,T,KO,I,22,67.98
2025-10-17,9:43:36.760192862,T,KO,I,50,67.98
2025-10-17,9:43:36.760195866,T,KO,I,50,67.98
2025-10-17,9:43:40.074160784,T,KO,F I,25,67.98
2025-10-17,9:43:49.456822844,T,KO,,100,67.99
2025-10-17,9:43:54.058635042,T,KO,I,54,67.99
2025-10-17,9:43:57.219547527,T,KO,F I,1,67.99
2025-10-17,9:43:58.622487888,T,KO,F,100,68.0
2025-10-17,9:43:58.622487888,T,KO,F I,1,68.0
2025-10-17,9:43:58.622523982,T,KO,F,101,68.0
2025-10-17,9:43:58.623287954,T,KO,I,76,68.0
2025-10-17,9:43:58.623287954,T,KO,,100,68.0
2025-10-17,9:43:58.623290829,T,KO,I,14,68.0
2025-10-17,9:43:58.623312372,T,KO,I,1,68.0
2025-10-17,9:43:58.623314879,T,KO,I,85,68.0
2025-10-17,9:44:04.536884344,T,KO,F I,76,67.97
2025-10-17,9:44:09.752371152,T,KO,I,5,67.975
2025-10-17,9:44:10.954778888,T,KO,F I,1,67.97
2025-10-17,9:44:10.954778888,T,KO,F I,2,67.97
2025-10-17,9:44:10.954784918,T,KO,F I,16,67.97
2025-10-17,9:44:10.954784918,T,KO,F I,10,67.97
2025-10-17,9:44:10.954784918,T,KO,F I,38,67.97
2025-10-17,9:44:12.305623210,T,KO,F,100,67.97
2025-10-17,9:44:12.305632182,T,KO,F,100,67.97
2025-10-17,9:44:20.049526092,T,KO,,100,68.0
2025-10-17,9:44:20.049541196,T,KO,F,100,68.0
2025-10-17,9:44:20.049544608,T,KO,,100,68.0
2025-10-17,9:44:20.049553209,T,KO,,100,68.0
2025-10-17,9:44:21.165628389,T,KO,,100,67.995
2025-10-17,9:44:21.165631318,T,KO,,100,68.0
2025-10-17,9:44:21.165631318,T,KO,I,94,68.0
2025-10-17,9:44:22.880420538,T,KO,,100,68.0
2025-10-17,9:44:22.880423726,T,KO,,100,68.0
2025-10-17,9:44:26.060241951,T,KO,,170,68.0
2025-10-17,9:44:26.060954658,T,KO,,200,68.0
2025-10-17,9:44:31.552144306,T,KO,I,62,67.995
2025-10-17,9:44:31.602638014,T,KO,,100,67.99
2025-10-17,9:44:31.602640452,T,KO,,100,67.99
2025-10-17,9:44:31.602640452,T,KO,,100,67.99
2025-10-17,9:44:32.636532888,T,KO,,200,67.995
2025-10-17,9:44:39.405748575,T,KO,I,10,67.995
2025-10-17,9:44:45.880385318,T,KO,,100,67.995
2025-10-17,9:44:57.154988355,T,KO,F I,6,68.0
2025-10-17,9:45:00.047779636,T,KO,F,100,67.99
2025-10-17,9:45:00.047779636,T,KO,F,139,67.99
2025-10-17,9:45:00.047785317,T,KO,F I,5,67.99
2025-10-17,9:45:00.047785317,T,KO,F I,2,67.99
2025-10-17,9:45:00.047791752,T,KO,F I,17,67.99
2025-10-17,9:45:00.047794432,T,KO,F,100,67.99
2025-10-17,9:45:02.703292924,T,KO,F I,1,67.99
2025-10-17,9:45:04.289059810,T,KO,,100,67.995
2025-10-17,9:45:04.289062795,T,KO,I,39,67.995
2025-10-17,9:45:04.458206694,T,KO,,105,68.0
2025-10-17,9:45:12.891642811,T,KO,I,10,67.995
2025-10-17,9:45:12.891646574,T,KO,,100,67.99
2025-10-17,9:45:12.891648812,T,KO,I,90,67.99
2025-10-17,9:45:12.891745102,T,KO,F I,10,67.99
2025-10-17,9:45:12.892782579,T,KO,,100,67.99
2025-10-17,9:45:12.892932872,T,KO,F I,2,67.99
2025-10-17,9:45:12.978264187,T,KO,I,10,67.985
2025-10-17,9:45:13.596407455,T,KO,I,74,67.98
2025-10-17,9:45:13.596440446,T,KO,I,26,67.98
2025-10-17,9:45:13.596440446,T,KO,I,2,67.98
2025-10-17,9:45:13.596443850,T,KO,,100,67.98
2025-10-17,9:45:15.267307013,T,KO,I,1,67.975
2025-10-17,9:45:17.308809385,T,KO,,100,67.975
2025-10-17,9:45:25.619252634,T,KO,I,2,67.97
2025-10-17,9:45:25.619273671,T,KO,F I,98,67.97
2025-10-17,9:45:25.619277752,T,KO,F,100,67.97
2025-10-17,9:45:25.619283180,T,KO,F,100,67.97
2025-10-17,9:45:25.619283180,T,KO,F,750,67.97
2025-10-17,9:45:25.619301341,T,KO,F,100,67.97
2025-10-17,9:45:27.761657246,T,KO,I,10,67.975
2025-10-17,9:45:34.102111516,T,KO,F I,14,67.97
2025-10-17,9:45:35.082885358,T,KO,,200,67.965
2025-10-17,9:45:35.278850128,T,KO,I,89,67.965
2025-10-17,9:45:35.796617334,T,KO,,100,67.965
2025-10-17,9:45:37.011805700,T,KO,,100,67.965
2025-10-17,9:45:38.016880361,T,KO,F I,3,67.97
2025-10-17,9:45:38.045514692,T,KO,,100,67.975
2025-10-17,9:45:44.509045893,T,KO,F I,42,67.98
2025-10-17,9:45:44.509049073,T,KO,F I,80,67.98
2025-10-17,9:45:44.509049073,T,KO,F I,2,67.98
2025-10-17,9:45:44.509837977,T,KO,I,10,67.985
2025-10-17,9:45:44.509839973,T,KO,I,10,67.985
2025-10-17,9:45:44.509843558,T,KO,,100,67.985
2025-10-17,9:45:44.509843558,T,KO,,100,67.98
2025-10-17,9:45:44.509846712,T,KO,I,79,67.98
2025-10-17,9:45:44.509846712,T,KO,,100,67.98
2025-10-17,9:45:44.509849179,T,KO,I,30,67.98
2025-10-17,9:45:44.509849179,T,KO,I,60,67.98
2025-10-17,9:45:44.509861353,T,KO,I,1,67.98
2025-10-17,9:45:44.509902901,T,KO,,100,67.985
2025-10-17,9:45:44.543420733,T,KO,I,1,67.98
2025-10-17,9:45:46.528878554,T,KO,,100,67.975
2025-10-17,9:45:53.049819743,T,KO,I,83,67.975
2025-10-17,9:45:54.948888336,T,KO,I,13,67.975
2025-10-17,9:45:55.194639070,T,KO,I,17,67.975
2025-10-17,9:45:56.168093863,T,KO,I,78,67.98
2025-10-17,9:45:56.168093863,T,KO,I,5,67.98
2025-10-17,9:46:00.416937225,T,KO,I,1,67.985
2025-10-17,9:46:01.647495728,T,KO,I,3,67.98
2025-10-17,9:46:01.647498100,T,KO,,100,67.98
2025-10-17,9:46:01.647498100,T,KO,,100,67.98
2025-10-17,9:46:04.568000207,T,KO,F I,58,67.97
2025-10-17,9:46:04.568003318,T,KO,F,100,67.97
2025-10-17,9:46:04.568023930,T,KO,F,100,67.97
2025-10-17,9:46:04.571755859,T,KO,,100,67.97
2025-10-17,9:46:05.029518131,T,KO,I,18,67.965
2025-10-17,9:46:05.526506055,T,KO,F,100,67.97
2025-10-17,9:46:05.526506055,T,KO,F I,12,67.97
2025-10-17,9:46:05.526978033,T,KO,F I,12,67.97
2025-10-17,9:46:06.951567650,T,KO,,100,67.98
2025-10-17,9:46:06.951570235,T,KO,I,12,67.98
2025-10-17,9:46:06.951699248,T,KO,,100,67.98
2025-10-17,9:46:06.951840574,T,KO,F,100,67.98
2025-10-17,9:46:06.952027017,T,KO,F I,14,67.98
2025-10-17,9:46:07.023131315,T,KO,F I,5,67.99
2025-10-17,9:46:11.956305800,T,KO,I,33,68.0
2025-10-17,9:46:11.956327871,T,KO,F I,30,68.0
2025-10-17,9:46:11.956332842,T,KO,F I,7,68.0
2025-10-17,9:46:11.956332842,T,KO,F I,5,68.0
2025-10-17,9:46:11.956336547,T,KO,F,100,68.0
2025-10-17,9:46:11.956832114,T,KO,F I,16,68.0
2025-10-17,9:46:11.964211635,T,KO,,100,68.0
2025-10-17,9:46:11.967233881,T,KO,,100,68.0
2025-10-17,9:46:12.024956304,T,KO,,100,68.0
2025-10-17,9:46:12.024956304,T,KO,I,76,68.0
2025-10-17,9:46:12.284868353,T,KO,,100,67.995
2025-10-17,9:46:13.449407894,T,KO,F I,76,68.0
2025-10-17,9:46:13.449413038,T,KO,F,100,68.0
2025-10-17,9:46:13.449413038,T,KO,F I,11,68.0
2025-10-17,9:46:13.449434557,T,KO,F,242,68.0
2025-10-17,9:46:13.449440419,T,KO,F,217,68.0
2025-10-17,9:46:16.841997142,T,KO,F I,19,68.0
2025-10-17,9:46:16.841997142,T,KO,F I,1,68.0
2025-10-17,9:46:16.842000152,T,KO,F I,4,68.0
2025-10-17,9:46:16.842604603,T,KO,F I,6,68.0
2025-10-17,9:46:16.852026018,T,KO,,200,68.005
2025-10-17,9:46:16.971747395,T,KO,,100,68.0
2025-10-17,9:46:16.971747395,T,KO,,100,68.0
2025-10-17,9:46:16.971750256,T,KO,I,75,68.0
2025-10-17,9:46:16.976486457,T,KO,F I,6,68.0
2025-10-17,9:46:18.286581136,T,KO,F,118,67.99
2025-10-17,9:46:18.286581136,T,KO,F,100,67.99
2025-10-17,9:46:18.286917615,T,KO,I,25,67.99
2025-10-17,9:46:24.111619375,T,KO,I,49,67.985
2025-10-17,9:46:26.581434797,T,KO,F I,25,67.98
2025-10-17,9:46:26.581440959,T,KO,F,100,67.98
2025-10-17,9:46:26.581440959,T,KO,F,100,67.98
2025-10-17,9:46:26.581440959,T,KO,F,113,67.98
2025-10-17,9:46:26.581462667,T,KO,F,100,67.98
2025-10-17,9:46:26.592580012,T,KO,F,100,67.98
2025-10-17,9:46:26.592582596,T,KO,F I,77,67.98
2025-10-17,9:46:26.592585350,T,KO,F I,69,67.98
2025-10-17,9:46:26.592585350,T,KO,F I,6,67.98
2025-10-17,9:46:28.277726910,T,KO,F,100,67.985
2025-10-17,9:46:28.277730017,T,KO,F,200,67.99
2025-10-17,9:46:28.277732996,T,KO,F,100,67.99
2025-10-17,9:46:29.279515179,T,KO,F,100,67.99
2025-10-17,9:46:29.279518038,T,KO,F I,31,67.99
2025-10-17,9:46:29.279521003,T,KO,F I,98,67.99
2025-10-17,9:46:29.279521003,T,KO,F I,1,67.99
2025-10-17,9:46:30.307263725,T,KO,F,112,67.99
2025-10-17,9:46:30.307281783,T,KO,I,1,67.99
2025-10-17,9:46:30.307287783,T,KO,F,1857,67.99
2025-10-17,9:46:30.307290870,T,KO,F I,31,67.99
2025-10-17,9:46:36.166271431,T,KO,F,200,67.99
2025-10-17,9:46:36.166274450,T,KO,F I,60,67.99
2025-10-17,9:46:36.166277444,T,KO,F I,18,67.99
2025-10-17,9:46:36.166277444,T,KO,F,100,67.99
2025-10-17,9:46:36.166304674,T,KO,F,100,67.99
2025-10-17,9:46:36.166307474,T,KO,F I,50,67.99
2025-10-17,9:46:36.166355614,T,KO,F,100,67.99
2025-10-17,9:46:39.947486164,T,KO,F I,50,67.99
2025-10-17,9:46:53.281039227,T,KO,F I,94,67.98
2025-10-17,9:46:53.281087250,T,KO,,200,67.98
2025-10-17,9:46:53.284804091,T,KO,F I,81,67.98
2025-10-17,9:46:53.284807570,T,KO,F I,31,67.98
2025-10-17,9:46:53.287336300,T,KO,,100,67.98
2025-10-17,9:46:53.287361028,T,KO,I,81,67.98
2025-10-17,9:46:53.287361028,T,KO,I,88,67.975
2025-10-17,9:46:53.287363353,T,KO,I,12,67.975
2025-10-17,9:46:53.287367585,T,KO,,100,67.975
2025-10-17,9:46:53.287367585,T,KO,,100,67.975
2025-10-17,9:46:53.287372234,T,KO,,100,67.97
2025-10-17,9:46:53.287372234,T,KO,I,81,67.97
2025-10-17,9:46:53.287387556,T,KO,I,1,67.97
2025-10-17,9:46:53.287393883,T,KO,I,1,67.97
2025-10-17,9:46:53.287403133,T,KO,,100,67.975
2025-10-17,9:46:53.287409239,T,KO,I,17,67.97
2025-10-17,9:46:53.287411550,T,KO,,100,67.97
2025-10-17,9:46:53.287411550,T,KO,I,33,67.97
2025-10-17,9:46:53.287417429,T,KO,I,17,67.97
2025-10-17,9:46:53.289462268,T,KO,I,81,67.97
2025-10-17,9:46:54.564658406,T,KO,,100,67.975
2025-10-17,9:46:55.297344504,T,KO,,100,67.975
2025-10-17,9:47:00.026654287,T,KO,,200,67.975
2025-10-17,9:47:03.281462612,T,KO,F,119,67.975
2025-10-17,9:47:03.281465957,T,KO,F I,81,67.975
2025-10-17,9:47:03.281465957,T,KO,F I,5,67.98
2025-10-17,9:47:03.281468502,T,KO,F I,8,67.98
2025-10-17,9:47:03.286653320,T,KO,,100,67.98
2025-10-17,9:47:07.280738555,T,KO,,300,67.975
2025-10-17,9:47:10.770620087,T,KO,F,100,67.97
2025-10-17,9:47:10.770623073,T,KO,F I,81,67.97
2025-10-17,9:47:10.770785184,T,KO,,100,67.97
2025-10-17,9:47:11.418431516,T,KO,F,100,67.95
2025-10-17,9:47:11.916101717,T,KO,I,75,67.95
2025-10-17,9:47:11.916104669,T,KO,I,2,67.95
2025-10-17,9:47:15.509813905,T,KO,F,100,67.96
2025-10-17,9:47:15.509816911,T,KO,F I,7,67.96
2025-10-17,9:47:17.759914204,T,KO,I,10,67.97
2025-10-17,9:47:17.759914204,T,KO,I,10,67.97
2025-10-17,9:47:21.641441875,T,KO,I,1,67.97
2025-10-17,9:47:22.347301091,T,KO,I,28,67.97
2025-10-17,9:47:24.381712446,T,KO,I,5,67.98
2025-10-17,9:47:24.381712446,T,KO,I,25,67.98
2025-10-17,9:47:24.381724398,T,KO,F,175,67.98
2025-10-17,9:47:31.092282451,T,KO,F I,3,67.98
2025-10-17,9:47:31.092286268,T,KO,F I,63,67.98
2025-10-17,9:47:31.092286268,T,KO,F I,5,67.98
2025-10-17,9:47:32.325056565,T,KO,,100,67.985
2025-10-17,9:47:35.035009182,T,KO,F,384,67.995
2025-10-17,9:47:35.035012063,T,KO,F I,16,67.995
2025-10-17,9:47:35.035015311,T,KO,F,100,67.99
2025-10-17,9:47:35.035018657,T,KO,F,100,67.99
2025-10-17,9:47:35.035021038,T,KO,F I,84,67.99
2025-10-17,9:47:35.035021038,T,KO,F I,16,67.99
2025-10-17,9:47:35.035024265,T,KO,F I,10,67.99
2025-10-17,9:47:36.229949957,T,KO,I,30,67.985
2025-10-17,9:47:36.996385453,T,KO,F I,48,67.98
2025-10-17,9:47:36.996388463,T,KO,F I,50,67.98
2025-10-17,9:47:39.205350574,T,KO,I,27,67.98
2025-10-17,9:47:39.205365749,T,KO,F I,13,67.98
2025-10-17,9:47:39.205368682,T,KO,F I,5,67.98
2025-10-17,9:47:39.444423015,T,KO,I,10,67.985
2025-10-17,9:47:43.758549164,T,KO,F,100,67.98
2025-10-17,9:47:48.218053467,T,KO,I,12,67.98
2025-10-17,9:47:48.218072004,T,KO,F I,53,67.98
2025-10-17,9:47:48.218072004,T,KO,F I,5,67.98
2025-10-17,9:47:48.248413827,T,KO,F I,60,67.99
2025-10-17,9:47:59.583788423,T,KO,I,10,67.995
2025-10-17,9:48:01.893352228,T,KO,I,5,67.995
2025-10-17,9:48:02.287540056,T,KO,F,150,68.0
2025-10-17,9:48:02.287543214,T,KO,F I,5,68.0
2025-10-17,9:48:02.287546743,T,KO,F I,1,68.0
2025-10-17,9:48:02.287546743,T,KO,F,156,68.0
2025-10-17,9:48:02.287546743,T,KO,,156,68.0
2025-10-17,9:48:02.287705444,T,KO,F,156,68.0
2025-10-17,9:48:02.287775191,T,KO,F I,80,68.0
2025-10-17,9:48:02.287778603,T,KO,F,100,68.0
2025-10-17,9:48:02.287780910,T,KO,F,100,68.0
2025-10-17,9:48:02.287780910,T,KO,F,100,68.0
2025-10-17,9:48:02.287783687,T,KO,F I,20,68.0
2025-10-17,9:48:02.287862610,T,KO,I,74,68.0
2025-10-17,9:48:02.287952012,T,KO,,100,67.995
2025-10-17,9:48:02.310920740,T,KO,,100,67.995
2025-10-17,9:48:04.006716644,T,KO,,100,67.995
2025-10-17,9:48:04.017963447,T,KO,,100,67.995
2025-10-17,9:48:04.217933704,T,KO,,449,67.99
2025-10-17,9:48:04.217936698,T,KO,I,1,67.99
2025-10-17,9:48:04.217936698,T,KO,I,50,67.99
2025-10-17,9:48:04.217954787,T,KO,I,1,67.99
2025-10-17,9:48:04.217958029,T,KO,I,4,67.99
2025-10-17,9:48:04.217958029,T,KO,F I,1,67.99
2025-10-17,9:48:06.540518497,T,KO,,100,67.985
2025-10-17,9:48:06.540521553,T,KO,,100,67.985
2025-10-17,9:48:08.283872747,T,KO,,100,67.985
2025-10-17,9:48:08.283872747,T,KO,I,16,67.99
2025-10-17,9:48:08.284278775,T,KO,I,64,67.99
2025-10-17,9:48:08.284278775,T,KO,I,20,67.99
2025-10-17,9:48:08.284282072,T,KO,,100,67.99
2025-10-17,9:48:08.284299686,T,KO,I,1,67.99
2025-10-17,9:48:08.302880969,T,KO,,200,67.985
2025-10-17,9:48:12.191731189,T,KO,F I,5,67.99
2025-10-17,9:48:12.191740168,T,KO,I,5,67.99
2025-10-17,9:48:12.191938607,T,KO,F I,20,67.99
2025-10-17,9:48:12.201838212,T,KO,,200,67.995
2025-10-17,9:48:13.185634418,T,KO,I,39,68.0
2025-10-17,9:48:25.386759207,T,KO,F,305,67.995
2025-10-17,9:48:25.387189268,T,KO,F I,10,67.995
2025-10-17,9:48:25.387189268,T,KO,F,100,67.99
2025-10-17,9:48:25.387192413,T,KO,F,100,67.99
2025-10-17,9:48:25.387195208,T,KO,F I,5,67.99
2025-10-17,9:48:28.121138700,T,KO,I,5,67.995
2025-10-17,9:48:28.771489434,T,KO,F I,27,68.0
2025-10-17,9:48:28.771489434,T,KO,F I,5,68.0
2025-10-17,9:48:28.772000049,T,KO,F,200,68.0
2025-10-17,9:48:28.804748005,T,KO,I,25,68.0
2025-10-17,9:48:28.882341798,T,KO,,175,68.0
2025-10-17,9:48:28.882353780,T,KO,,100,68.0
2025-10-17,9:48:28.882567338,T,KO,F,100,68.0
2025-10-17,9:48:34.390395524,T,KO,I,5,68.0
2025-10-17,9:48:34.390399825,T,KO,I,45,68.0
2025-10-17,9:48:34.390413596,T,KO,I,1,68.0
2025-10-17,9:48:34.390422424,T,KO,F,727,68.0
2025-10-17,9:48:34.390425659,T,KO,F,163,68.0
2025-10-17,9:48:34.390425659,T,KO,,728,68.0
2025-10-17,9:48:34.390440539,T,KO,F,728,68.0
2025-10-17,9:48:34.390452733,T,KO,F,572,68.0
2025-10-17,9:48:35.366478229,T,KO,F,100,68.0
2025-10-17,9:48:35.528314739,T,KO,I,9,68.0
2025-10-17,9:48:40.071207560,T,KO,I,16,68.0
2025-10-17,9:48:40.071225585,T,KO,I,1,68.0
2025-10-17,9:48:42.429797220,T,KO,I,10,68.0
2025-10-17,9:48:42.429830213,T,KO,,173,68.0
2025-10-17,9:48:42.429830213,T,KO,I,5,68.0
2025-10-17,9:48:42.429857507,T,KO,,100,68.0
2025-10-17,9:48:42.430281223,T,KO,F,300,68.0
2025-10-17,9:48:42.435330249,T,KO,,100,68.0
2025-10-17,9:48:42.438394578,T,KO,,100,68.0
2025-10-17,9:48:42.439925308,T,KO,,100,68.0
2025-10-17,9:48:42.439985426,T,KO,,100,68.0
2025-10-17,9:48:42.440177904,T,KO,,100,68.0
2025-10-17,9:48:42.443876680,T,KO,,100,68.0
2025-10-17,9:48:43.530899733,T,KO,F,100,68.01
2025-10-17,9:48:44.334440444,T,KO,F,100,68.02
2025-10-17,9:48:44.553322938,T,KO,,100,68.015
2025-10-17,9:48:44.553322938,T,KO,,100,68.01
2025-10-17,9:48:44.553329390,T,KO,I,5,68.01
2025-10-17,9:48:44.553329390,T,KO,I,50,68.01
2025-10-17,9:48:44.553331733,T,KO,I,21,68.01
2025-10-17,9:48:44.553343791,T,KO,I,1,68.01
2025-10-17,9:48:47.845759641,T,KO,F I,1,68.01
2025-10-17,9:48:47.845759641,T,KO,F I,93,68.01
2025-10-17,9:48:47.845762481,T,KO,F I,7,68.01
2025-10-17,9:48:47.845793524,T,KO,F,100,68.01
2025-10-17,9:48:47.846048056,T,KO,F I,1,68.01
2025-10-17,9:48:53.895282826,T,KO,I,5,68.005
2025-10-17,9:48:58.743487238,T,KO,F I,50,68.0
2025-10-17,9:48:58.743490005,T,KO,F,100,68.0
2025-10-17,9:48:58.743492875,T,KO,F I,1,68.0
2025-10-17,9:48:58.743495881,T,KO,F,100,68.0
2025-10-17,9:48:59.474476884,T,KO,I,2,68.0
2025-10-17,9:49:00.945929514,T,KO,I,58,67.995
2025-10-17,9:49:03.790605766,T,KO,F I,96,67.99
2025-10-17,9:49:03.804730438,T,KO,I,50,67.99
2025-10-17,9:49:05.271227178,T,KO,I,10,67.995
2025-10-17,9:49:06.794277381,T,KO,F,100,68.0
2025-10-17,9:49:06.794279754,T,KO,F,100,68.0
2025-10-17,9:49:07.323456135,T,KO,I,52,68.0
2025-10-17,9:49:07.333725587,T,KO,I,48,68.0
2025-10-17,9:49:07.333728605,T,KO,I,50,68.0
2025-10-17,9:49:07.333728605,T,KO,I,2,68.0
2025-10-17,9:49:07.333749658,T,KO,I,1,68.0
2025-10-17,9:49:07.531046601,T,KO,,100,68.0
2025-10-17,9:49:07.602623048,T,KO,F I,97,68.0
2025-10-17,9:49:16.362676201,T,KO,,100,67.995
2025-10-17,9:49:16.369628745,T,KO,,100,67.995
2025-10-17,9:49:17.586263401,T,KO,F I,3,68.0
2025-10-17,9:49:17.586263401,T,KO,F I,50,68.0
2025-10-17,9:49:17.586284956,T,KO,F,200,68.0
2025-10-17,9:49:17.586287805,T,KO,F I,5,68.0
2025-10-17,9:49:20.333270013,T,KO,I,10,68.005
2025-10-17,9:49:29.596971705,T,KO,F,100,68.0
2025-10-17,9:49:29.596974885,T,KO,F I,50,68.0
2025-10-17,9:49:29.596977785,T,KO,F,150,68.0
2025-10-17,9:49:29.597001781,T,KO,F I,50,68.0
2025-10-17,9:49:29.597134490,T,KO,F,100,68.0
2025-10-17,9:49:33.737927372,T,KO,F,100,67.99
2025-10-17,9:49:33.737945470,T,KO,I,1,67.99
2025-10-17,9:49:33.737969763,T,KO,I,99,67.99
2025-10-17,9:49:33.738101928,T,KO,,100,67.99
2025-10-17,9:49:33.738222083,T,KO,,100,67.99
2025-10-17,9:49:33.814059747,T,KO,,100,67.985
2025-10-17,9:49:38.408426354,T,KO,F I,13,67.98
2025-10-17,9:49:38.408429359,T,KO,F,100,67.98
2025-10-17,9:49:38.408429359,T,KO,F I,50,67.98
2025-10-17,9:49:38.408441327,T,KO,,100,67.98
2025-10-17,9:49:38.408447310,T,KO,,100,67.98
2025-10-17,9:49:45.184471342,T,KO,F I,1,67.97
2025-10-17,9:49:45.184471342,T,KO,F,100,67.97
2025-10-17,9:49:45.184473969,T,KO,F,118,67.97
2025-10-17,9:49:45.184473969,T,KO,F I,5,67.97
2025-10-17,9:49:45.184486094,T,KO,F,100,67.97
2025-10-17,9:49:45.184765751,T,KO,F I,39,67.97
2025-10-17,9:49:50.020637398,T,KO,F I,10,67.96
2025-10-17,9:49:54.136287886,T,KO,I,26,67.965
2025-10-17,9:49:59.885666346,T,KO,I,10,67.965
2025-10-17,9:50:02.104825851,T,KO,F,190,67.96
2025-10-17,9:50:02.104825851,T,KO,F I,14,67.96
2025-10-17,9:50:02.104832220,T,KO,F,204,67.96
2025-10-17,9:50:02.104837783,T,KO,,200,67.96
2025-10-17,9:50:02.104843889,T,KO,F,200,67.96
2025-10-17,9:50:02.104847521,T,KO,F I,4,67.96
2025-10-17,9:50:02.104847521,T,KO,I,25,67.96
2025-10-17,9:50:02.104850670,T,KO,I,1,67.96
2025-10-17,9:50:02.104852834,T,KO,F,164,67.96
2025-10-17,9:50:02.105147524,T,KO,I,77,67.96
2025-10-17,9:50:03.978630757,T,KO,F,106,67.96
2025-10-17,9:50:03.978652108,T,KO,F I,94,67.96
2025-10-17,9:50:03.978652108,T,KO,F I,35,67.96
2025-10-17,9:50:03.978656185,T,KO,F I,77,67.96
2025-10-17,9:50:03.978656185,T,KO,F I,67,67.96
2025-10-17,9:50:03.978661097,T,KO,F,100,67.96
2025-10-17,9:50:03.978661097,T,KO,F,100,67.96
2025-10-17,9:50:03.978663941,T,KO,F I,97,67.96
2025-10-17,9:50:03.978663941,T,KO,F,100,67.96
2025-10-17,9:50:03.978667167,T,KO,I,3,67.96
2025-10-17,9:50:03.978669807,T,KO,,302,67.96
2025-10-17,9:50:04.953336826,T,KO,F I,9,67.95
2025-10-17,9:50:04.953339315,T,KO,F I,50,67.95
2025-10-17,9:50:04.953343142,T,KO,F I,50,67.95
2025-10-17,9:50:04.953345209,T,KO,F I,50,67.95
2025-10-17,9:50:04.953366353,T,KO,F,100,67.95
2025-10-17,9:50:04.954924072,T,KO,I,22,67.95
2025-10-17,9:50:04.954969083,T,KO,F I,78,67.95
2025-10-17,9:50:18.556024283,T,KO,F I,32,67.95
2025-10-17,9:50:18.556024283,T,KO,F,100,67.95
2025-10-17,9:50:18.556042708,T,KO,F,100,67.95
2025-10-17,9:50:18.556078446,T,KO,F,200,67.95
2025-10-17,9:50:18.556337102,T,KO,F I,30,67.95
2025-10-17,9:50:18.834646920,T,KO,F I,8,67.94
2025-10-17,9:50:18.834655990,T,KO,F,100,67.94
2025-10-17,9:50:19.262608945,T,KO,F I,43,67.93
2025-10-17,9:50:19.262611456,T,KO,F I,24,67.93
2025-10-17,9:50:19.262891003,T,KO,F I,29,67.93
2025-10-17,9:50:22.833688675,T,KO,,100,67.925
2025-10-17,9:50:23.249930983,T,KO,I,12,67.935
2025-10-17,9:50:31.973994639,T,KO,F,200,67.93
2025-10-17,9:50:31.973994639,T,KO,F,115,67.93
2025-10-17,9:50:37.218491868,T,KO,I,92,67.94
2025-10-17,9:50:37.218494543,T,KO,I,10,67.94
2025-10-17,9:50:37.719869651,T,KO,F I,16,67.95
2025-10-17,9:50:41.221382328,T,KO,I,4,67.96
2025-10-17,9:50:43.291807596,T,KO,F I,2,67.94
2025-10-17,9:50:43.291810599,T,KO,F I,3,67.94
2025-10-17,9:50:43.291810599,T,KO,F I,50,67.94
2025-10-17,9:50:43.291813628,T,KO,F I,50,67.94
2025-10-17,9:50:43.301640974,T,KO,I,50,67.94
2025-10-17,9:50:43.301716190,T,KO,I,23,67.94
2025-10-17,9:50:44.415304437,T,KO,,100,67.94
2025-10-17,9:50:44.415304437,T,KO,I,50,67.94
2025-10-17,9:50:44.415307432,T,KO,I,23,67.94
2025-10-17,9:50:44.415310483,T,KO,I,50,67.94
2025-10-17,9:50:44.415310483,T,KO,I,25,67.94
2025-10-17,9:50:48.267755940,T,KO,,100,67.925
2025-10-17,9:50:51.245285653,T,KO,I,2,67.92
2025-10-17,9:50:51.249282312,T,KO,I,15,67.92
2025-10-17,9:50:51.249285164,T,KO,I,25,67.92
2025-10-17,9:50:51.249285164,T,KO,I,50,67.92
2025-10-17,9:50:54.257758639,T,KO,F,200,67.91
2025-10-17,9:50:54.779125334,T,KO,I,50,67.915
2025-10-17,9:50:55.003246469,T,KO,F,100,67.92
2025-10-17,9:50:57.078185032,T,KO,,100,67.92
2025-10-17,9:50:57.078203061,T,KO,I,1,67.915
2025-10-17,9:50:57.078212240,T,KO,,100,67.915
2025-10-17,9:50:57.701149001,T,KO,F,181,67.91
2025-10-17,9:50:57.701149001,T,KO,F,100,67.91
2025-10-17,9:50:57.701229938,T,KO,F,100,67.91
2025-10-17,9:50:58.554816074,T,KO,,100,67.91
2025-10-17,9:50:58.643139341,T,KO,I,31,67.905
2025-10-17,9:51:03.123735923,T,KO,F I,5,67.91
2025-10-17,9:51:03.123735923,T,KO,F I,6,67.91
2025-10-17,9:51:03.123741963,T,KO,F I,5,67.91
2025-10-17,9:51:03.123763013,T,KO,I,5,67.91
2025-10-17,9:51:04.991352433,T,KO,F,181,67.91
2025-10-17,9:51:04.991352433,T,KO,F,100,67.91
2025-10-17,9:51:04.991355079,T,KO,F I,50,67.91
2025-10-17,9:51:05.649278449,T,KO,F,100,67.9
2025-10-17,9:51:05.649283908,T,KO,F I,1,67.9
2025-10-17,9:51:05.649283908,T,KO,F,100,67.9
2025-10-17,9:51:05.649283908,T,KO,F,100,67.9
2025-10-17,9:51:05.649286258,T,KO,F,100,67.9
2025-10-17,9:51:06.048384630,T,KO,F,181,67.89
2025-10-17,9:51:10.632604964,T,KO,F,181,67.88
2025-10-17,9:51:10.632623708,T,KO,F I,1,67.88
2025-10-17,9:51:10.632945407,T,KO,F,155,67.87
2025-10-17,9:51:10.632989914,T,KO,F I,25,67.87
2025-10-17,9:51:10.632995929,T,KO,F I,20,67.87
2025-10-17,9:51:10.632995929,T,KO,F,100,67.87
2025-10-17,9:51:11.525420060,T,KO,F I,1,67.86
2025-10-17,9:51:13.731990929,T,KO,F,181,67.86
2025-10-17,9:51:13.731990929,T,KO,F I,1,67.86
2025-10-17,9:51:13.732066181,T,KO,F I,4,67.86
2025-10-17,9:51:13.732580428,T,KO,I,77,67.86
2025-10-17,9:51:13.732580428,T,KO,,100,67.86
2025-10-17,9:51:13.732592336,T,KO,,177,67.86
2025-10-17,9:51:13.732598831,T,KO,I,23,67.86
2025-10-17,9:51:13.732601520,T,KO,I,77,67.86
2025-10-17,9:51:13.732608129,T,KO,I,1,67.86
2025-10-17,9:51:13.732608129,T,KO,F I,22,67.86
2025-10-17,9:51:13.733115641,T,KO,F I,81,67.86
2025-10-17,9:51:13.733115641,T,KO,F I,19,67.86
2025-10-17,9:51:14.658052605,T,KO,F I,43,67.86
2025-10-17,9:51:15.128950764,T,KO,F I,15,67.86
2025-10-17,9:51:15.141072074,T,KO,I,50,67.86
2025-10-17,9:51:15.731952340,T,KO,F I,50,67.86
2025-10-17,9:51:15.731955705,T,KO,F I,50,67.86
2025-10-17,9:51:15.731955705,T,KO,F I,50,67.86
2025-10-17,9:51:15.731959011,T,KO,F I,50,67.86
2025-10-17,9:51:20.126532052,T,KO,F I,3,67.86
2025-10-17,9:51:20.127777048,T,KO,F I,1,67.85
2025-10-17,9:51:26.996755201,T,KO,F I,5,67.85
2025-10-17,9:51:26.997386706,T,KO,,100,67.85
2025-10-17,9:51:27.432243461,T,KO,I,1,67.86
2025-10-17,9:51:28.799486315,T,KO,F I,49,67.86
2025-10-17,9:51:28.800941497,T,KO,F,100,67.86
2025-10-17,9:51:32.378634612,T,KO,F I,5,67.86
2025-10-17,9:51:32.379251082,T,KO,F,100,67.87
2025-10-17,9:51:35.949456292,T,KO,,200,67.875
2025-10-17,9:51:41.879427124,T,KO,F I,9,67.88
2025-10-17,9:51:41.879430104,T,KO,F I,5,67.88
2025-10-17,9:51:43.883207551,T,KO,F I,5,67.89
2025-10-17,9:51:44.164091533,T,KO,I,46,67.89
2025-10-17,9:51:44.442458507,T,KO,,100,67.885
2025-10-17,9:51:48.142961309,T,KO,F,100,67.89
2025-10-17,9:51:49.702416018,T,KO,I,1,67.88
2025-10-17,9:51:49.702436629,T,KO,F I,36,67.88
2025-10-17,9:51:49.702439750,T,KO,F,200,67.88
2025-10-17,9:51:52.586786249,T,KO,,100,67.875
2025-10-17,9:51:56.943415717,T,KO,,100,67.885
2025-10-17,9:51:59.681902949,T,KO,I,5,67.885
2025-10-17,9:52:03.072625879,T,KO,I,5,67.89
2025-10-17,9:52:03.072625879,T,KO,I,95,67.89
2025-10-17,9:52:03.073031958,T,KO,F I,3,67.89
2025-10-17,9:52:03.073034755,T,KO,F I,67,67.89
2025-10-17,9:52:03.073037801,T,KO,F I,4,67.89
2025-10-17,9:52:07.730471223,T,KO,F I,3,67.89
2025-10-17,9:52:07.730471223,T,KO,F I,64,67.89
2025-10-17,9:52:07.730476570,T,KO,F I,3,67.89
2025-10-17,9:52:07.730479613,T,KO,F,119,67.89
2025-10-17,9:52:07.731021186,T,KO,F,100,67.9
2025-10-17,9:52:07.731021186,T,KO,F I,3,67.9
2025-10-17,9:52:07.731023923,T,KO,F,100,67.9
2025-10-17,9:52:07.731026948,T,KO,F I,1,67.9
2025-10-17,9:52:07.731026948,T,KO,F,100,67.9
2025-10-17,9:52:07.731286114,T,KO,F,100,67.9
2025-10-17,9:52:07.733579921,T,KO,F,100,67.905
2025-10-17,9:52:07.733582984,T,KO,F,100,67.905
2025-10-17,9:52:07.733609973,T,KO,F,100,67.91
2025-10-17,9:52:07.733613150,T,KO,F,100,67.91
2025-10-17,9:52:07.737144463,T,KO,F,200,67.92
2025-10-17,9:52:07.737147701,T,KO,F,100,67.92
2025-10-17,9:52:07.737147701,T,KO,F,100,67.92
2025-10-17,9:52:07.737152524,T,KO,F,100,67.92
2025-10-17,9:52:07.772475144,T,KO,F I,67,67.92
2025-10-17,9:52:07.772475144,T,KO,F,100,67.92
2025-10-17,9:52:07.773250457,T,KO,,100,67.92
2025-10-17,9:52:07.773262460,T,KO,F I,67,67.92
2025-10-17,9:52:07.773265541,T,KO,F I,84,67.92
2025-10-17,9:52:07.773268575,T,KO,F,100,67.92
2025-10-17,9:52:08.390678025,T,KO,I,16,67.93
2025-10-17,9:52:09.533318430,T,KO,I,2,67.935
2025-10-17,9:52:14.044979104,T,KO,F I,5,67.94
2025-10-17,9:52:14.061494841,T,KO,I,73,67.94
2025-10-17,9:52:14.064970752,T,KO,,400,67.94
2025-10-17,9:52:17.241538532,T,KO,,100,67.94
2025-10-17,9:52:17.241541475,T,KO,,100,67.94
2025-10-17,9:52:25.529867078,T,KO,,100,67.925
2025-10-17,9:52:32.251154361,T,KO,,200,67.92
2025-10-17,9:52:32.251446149,T,KO,I,20,67.92
2025-10-17,9:52:33.899133543,T,KO,,100,67.92
2025-10-17,9:52:33.900282838,T,KO,F,100,67.92
2025-10-17,9:52:33.900282838,T,KO,F I,64,67.92
2025-10-17,9:52:33.900288805,T,KO,F I,81,67.92
2025-10-17,9:52:33.900420522,T,KO,F,100,67.92
2025-10-17,9:52:34.695568326,T,KO,I,92,67.93
2025-10-17,9:52:34.695571355,T,KO,I,12,67.93
2025-10-17,9:52:34.708686150,T,KO,F I,64,67.93
2025-10-17,9:52:34.708688599,T,KO,F I,64,67.93
2025-10-17,9:52:34.708688599,T,KO,F I,83,67.93
2025-10-17,9:52:35.011987961,T,KO,I,50,67.93
2025-10-17,9:52:35.012009016,T,KO,I,14,67.93
2025-10-17,9:52:35.217530487,T,KO,F I,36,67.93
2025-10-17,9:52:35.217533539,T,KO,F,100,67.93
2025-10-17,9:52:35.217533539,T,KO,F I,50,67.93
2025-10-17,9:52:35.251532552,T,KO,F,100,67.93
2025-10-17,9:52:35.251541483,T,KO,,100,67.935
2025-10-17,9:52:35.255086986,T,KO,,400,67.935
2025-10-17,9:52:35.376723662,T,KO,I,9,67.93
2025-10-17,9:52:37.280221417,T,KO,I,6,67.935
2025-10-17,9:52:42.834191505,T,KO,F I,5,67.93
2025-10-17,9:52:44.949883454,T,KO,F I,56,67.93
2025-10-17,9:52:44.949886613,T,KO,F I,25,67.93
2025-10-17,9:52:44.949886613,T,KO,F I,25,67.93
2025-10-17,9:52:44.949889409,T,KO,F,100,67.93
2025-10-17,9:53:04.826024014,T,KO,F I,5,67.92
2025-10-17,9:53:04.826026568,T,KO,F I,1,67.92
2025-10-17,9:53:04.826029339,T,KO,F I,1,67.92
2025-10-17,9:53:05.724401069,T,KO,,100,67.925
2025-10-17,9:53:11.069502812,T,KO,I,74,67.925
2025-10-17,9:53:12.016761859,T,KO,F I,5,67.93
2025-10-17,9:53:23.007407744,T,KO,F I,13,67.93
2025-10-17,9:53:23.007425797,T,KO,F I,2,67.93
2025-10-17,9:53:23.007428861,T,KO,I,13,67.93
2025-10-17,9:53:23.007437851,T,KO,F I,2,67.93
2025-10-17,9:53:23.007723494,T,KO,F I,24,67.93
2025-10-17,9:53:23.007723494,T,KO,I,24,67.93
2025-10-17,9:53:23.007729518,T,KO,F I,24,67.93
2025-10-17,9:53:23.007738617,T,KO,F I,11,67.93
2025-10-17,9:53:23.060778946,T,KO,,100,67.92
2025-10-17,9:53:26.556502777,T,KO,F I,43,67.91
2025-10-17,9:53:28.410938893,T,KO,F I,5,67.92
2025-10-17,9:53:28.410944644,T,KO,F,100,67.92
2025-10-17,9:53:28.410944644,T,KO,F,100,67.92
2025-10-17,9:53:28.410948429,T,KO,F,105,67.92
2025-10-17,9:53:28.411098009,T,KO,F I,95,67.92
2025-10-17,9:53:28.423066531,T,KO,F,100,67.92
2025-10-17,9:53:28.429706406,T,KO,I,1,67.915
2025-10-17,9:53:28.433287956,T,KO,I,99,67.915
2025-10-17,9:53:28.433291041,T,KO,,200,67.92
2025-10-17,9:53:28.433291041,T,KO,,100,67.92
2025-10-17,9:53:28.435916769,T,KO,F,100,67.92
2025-10-17,9:53:28.463127941,T,KO,I,20,67.92
2025-10-17,9:53:28.508313544,T,KO,I,16,67.915
2025-10-17,9:53:28.566189464,T,KO,I,30,67.91
2025-10-17,9:53:28.999837280,T,KO,,200,67.915
2025-10-17,9:53:29.010846494,T,KO,,200,67.915
2025-10-17,9:53:29.249512891,T,KO,,100,67.915
2025-10-17,9:53:29.260257521,T,KO,,200,67.915
2025-10-17,9:53:29.270066938,T,KO,,200,67.915
2025-10-17,9:53:29.329121495,T,KO,,200,67.915
2025-10-17,9:53:29.337379219,T,KO,,200,67.915
2025-10-17,9:53:29.346190253,T,KO,,200,67.915
2025-10-17,9:53:29.398322332,T,KO,,200,67.915
2025-10-17,9:53:30.680606420,T,KO,,200,67.91
2025-10-17,9:53:34.422436448,T,KO,F I,30,67.92
2025-10-17,9:53:34.436804703,T,KO,F I,66,67.92
2025-10-17,9:53:34.490984719,T,KO,F I,66,67.92
2025-10-17,9:53:37.132605403,T,KO,,100,67.925
2025-10-17,9:53:39.233712651,T,KO,I,1,67.93
2025-10-17,9:53:40.122780140,T,KO,I,10,67.935
2025-10-17,9:53:43.741268497,T,KO,F,120,67.94
2025-10-17,9:53:43.741268497,T,KO,F I,5,67.94
2025-10-17,9:53:43.759470855,T,KO,F,100,67.945
2025-10-17,9:53:43.759474022,T,KO,F,200,67.95
2025-10-17,9:53:43.759474022,T,KO,F I,51,67.95
2025-10-17,9:53:43.759491926,T,KO,I,1,67.95
2025-10-17,9:53:43.759500988,T,KO,F I,99,67.95
2025-10-17,9:53:45.624699375,T,KO,,100,67.965
2025-10-17,9:53:46.360864656,T,KO,I,6,67.97
2025-10-17,9:53:46.869598322,T,KO,,100,67.97
2025-10-17,9:53:48.285631950,T,KO,,100,67.975
2025-10-17,9:53:51.396923317,T,KO,,100,67.98
2025-10-17,9:53:56.341549143,T,KO,F,100,67.97
2025-10-17,9:53:56.728790607,T,KO,I,8,67.97
2025-10-17,9:53:56.734973383,T,KO,,100,67.975
2025-10-17,9:54:00.290783112,T,KO,,100,67.965
2025-10-17,9:54:11.872074842,T,KO,I,10,67.975
2025-10-17,9:54:11.946102094,T,KO,I,1,67.975
2025-10-17,9:54:11.948646230,T,KO,,100,67.975
2025-10-17,9:54:12.144917789,T,KO,,100,67.975
2025-10-17,9:54:13.644833084,T,KO,,100,67.975
2025-10-17,9:54:15.552378416,T,KO,F I,4,67.97
2025-10-17,9:54:15.552420424,T,KO,F,100,67.97
2025-10-17,9:54:20.935571846,T,KO,,100,67.965
2025-10-17,9:54:22.500586375,T,KO,,100,67.965
2025-10-17,9:54:26.516714735,T,KO,,100,67.965
2025-10-17,9:54:28.134796490,T,KO,F I,8,67.96
2025-10-17,9:54:28.134799521,T,KO,F I,92,67.96
2025-10-17,9:54:32.214854201,T,KO,I,75,67.96
2025-10-17,9:54:32.215175868,T,KO,F I,30,67.96
2025-10-17,9:54:32.433165082,T,KO,F,100,67.96
2025-10-17,9:54:32.433949943,T,KO,F I,23,67.96
2025-10-17,9:54:37.105483458,T,KO,F,100,67.95
2025-10-17,9:54:37.120101203,T,KO,,168,67.945
2025-10-17,9:54:43.485235434,T,KO,,200,67.94
2025-10-17,9:54:45.118743977,T,KO,,100,67.94
