DATE,TIME_M,EX,SYM_ROOT,TR_SCOND,SIZE,PRICE
2025-10-07,9:30:01.167647164,T,KO,,100,66.225
2025-10-07,9:30:01.167647164,T,KO,Q,100,66.225
2025-10-07,9:30:01.177567764,T,KO,,100,66.19
2025-10-07,9:30:01.192736359,T,KO,F I,36,66.16
2025-10-07,9:30:01.192741866,T,KO,I,64,66.16
2025-10-07,9:30:01.192741866,T,KO,,100,66.16
2025-10-07,9:30:01.193343329,T,KO,,100,66.145
2025-10-07,9:30:01.193601957,T,KO,I,13,66.17
2025-10-07,9:30:01.193608005,T,KO,I,1,66.17
2025-10-07,9:30:01.193710214,T,KO,,180,66.18
2025-10-07,9:30:01.197078203,T,KO,,100,66.17
2025-10-07,9:30:01.197586433,T,KO,F I,1,66.16
2025-10-07,9:30:01.197589399,T,KO,F,199,66.16
2025-10-07,9:30:01.197929252,T,KO,,100,66.19
2025-10-07,9:30:01.197980362,T,KO,I,99,66.19
2025-10-07,9:30:01.202626633,T,KO,I,9,66.18
2025-10-07,9:30:01.202629393,T,KO,,100,66.17
2025-10-07,9:30:01.202632481,T,KO,,193,66.16
2025-10-07,9:30:01.206665086,T,KO,F I,1,66.18
2025-10-07,9:30:01.211957603,T,KO,,100,66.175
2025-10-07,9:30:01.215097122,T,KO,F I,9,66.19
2025-10-07,9:30:01.215100089,T,KO,F,193,66.19
2025-10-07,9:30:01.232120730,T,KO,I,1,66.2
2025-10-07,9:30:01.232231890,T,KO,,100,66.19
2025-10-07,9:30:01.232677022,T,KO,,200,66.18
2025-10-07,9:30:01.232680036,T,KO,,100,66.18
2025-10-07,9:30:01.548122344,T,KO,I,17,66.18
2025-10-07,9:30:01.782503632,T,KO,,200,66.19
2025-10-07,9:30:02.269889433,T,KO,F,100,66.18
2025-10-07,9:30:02.283590140,T,KO,I,4,66.18
2025-10-07,9:30:02.283770497,T,KO,I,5,66.18
2025-10-07,9:30:02.284269757,T,KO,I,5,66.18
2025-10-07,9:30:02.308345785,T,KO,I,7,66.17
2025-10-07,9:30:02.308348099,T,KO,,100,66.17
2025-10-07,9:30:02.376992975,T,KO,F,200,66.16
2025-10-07,9:30:02.376992975,T,KO,F,400,66.16
2025-10-07,9:30:02.376996148,T,KO,F,100,66.16
2025-10-07,9:30:02.377061775,T,KO,,100,66.17
2025-10-07,9:30:02.377070900,T,KO,F,400,66.15
2025-10-07,9:30:02.377070900,T,KO,F,200,66.15
2025-10-07,9:30:02.377082767,T,KO,I,1,66.17
2025-10-07,9:30:02.377097810,T,KO,,200,66.16
2025-10-07,9:30:02.377112846,T,KO,,100,66.16
2025-10-07,9:30:02.377449665,T,KO,,100,66.15
2025-10-07,9:30:02.378002953,T,KO,F,100,66.15
2025-10-07,9:30:02.401597135,T,KO,F,200,66.14
2025-10-07,9:30:02.401600394,T,KO,F,100,66.14
2025-10-07,9:30:02.908061261,T,KO,,200,66.13
2025-10-07,9:30:02.908067330,T,KO,I,15,66.13
2025-10-07,9:30:02.908067330,T,KO,,100,66.13
2025-10-07,9:30:02.911356271,T,KO,,100,66.13
2025-10-07,9:30:03.041701798,T,KO,I,2,66.135
2025-10-07,9:30:03.472462691,T,KO,,400,66.16
2025-10-07,9:30:03.472760447,T,KO,I,31,66.16
2025-10-07,9:30:03.489474141,T,KO,I,22,66.16
2025-10-07,9:30:03.489477237,T,KO,I,15,66.16
2025-10-07,9:30:03.646730681,T,KO,I,8,66.15
2025-10-07,9:30:03.667083163,T,KO,I,5,66.15
2025-10-07,9:30:03.817937461,T,KO,I,40,66.15
2025-10-07,9:30:03.817979658,T,KO,I,28,66.16
2025-10-07,9:30:04.292708293,T,KO,I,4,66.15
2025-10-07,9:30:05.138932989,T,KO,,196,66.15
2025-10-07,9:30:05.138932989,T,KO,,145,66.15
2025-10-07,9:30:05.138939565,T,KO,I,59,66.15
2025-10-07,9:30:05.138951492,T,KO,F I,41,66.15
2025-10-07,9:30:05.138953817,T,KO,F I,6,66.15
2025-10-07,9:30:05.139122314,T,KO,F,200,66.14
2025-10-07,9:30:05.477446036,T,KO,,200,66.13
2025-10-07,9:30:05.477449090,T,KO,,100,66.13
2025-10-07,9:30:06.532181164,T,KO,I,83,66.13
2025-10-07,9:30:06.532209066,T,KO,F,117,66.13
2025-10-07,9:30:06.532214301,T,KO,F,100,66.13
2025-10-07,9:30:06.532214301,T,KO,F,346,66.13
2025-10-07,9:30:06.532978279,T,KO,F,100,66.12
2025-10-07,9:30:06.533703067,T,KO,,100,66.12
2025-10-07,9:30:06.533705937,T,KO,,200,66.12
2025-10-07,9:30:06.533708787,T,KO,,100,66.12
2025-10-07,9:30:06.533708787,T,KO,I,2,66.12
2025-10-07,9:30:06.533991424,T,KO,I,30,66.12
2025-10-07,9:30:06.534054591,T,KO,F,100,66.12
2025-10-07,9:30:06.534054591,T,KO,F I,4,66.12
2025-10-07,9:30:06.534081710,T,KO,F I,43,66.12
2025-10-07,9:30:06.534090741,T,KO,F,157,66.12
2025-10-07,9:30:06.534262235,T,KO,I,6,66.12
2025-10-07,9:30:06.534265307,T,KO,I,4,66.12
2025-10-07,9:30:06.534268140,T,KO,I,2,66.12
2025-10-07,9:30:06.534268140,T,KO,,399,66.12
2025-10-07,9:30:10.206172807,T,KO,F I,26,66.12
2025-10-07,9:30:10.206780210,T,KO,F I,2,66.12
2025-10-07,9:30:10.750418109,T,KO,F I,2,66.12
2025-10-07,9:30:10.750418109,T,KO,F I,2,66.12
2025-10-07,9:30:10.815787750,T,KO,F I,24,66.12
2025-10-07,9:30:12.343675940,T,KO,F I,2,66.12
2025-10-07,9:30:12.343799153,T,KO,F,399,66.14
2025-10-07,9:30:12.343799153,T,KO,F I,1,66.14
2025-10-07,9:30:12.343823303,T,KO,F I,13,66.14
2025-10-07,9:30:12.387198611,T,KO,,100,66.155
2025-10-07,9:30:12.387661676,T,KO,,100,66.16
2025-10-07,9:30:12.387664952,T,KO,,299,66.17
2025-10-07,9:30:12.387664952,T,KO,,100,66.17
2025-10-07,9:30:12.387766955,T,KO,I,10,66.16
2025-10-07,9:30:12.387769978,T,KO,I,90,66.16
2025-10-07,9:30:12.387788407,T,KO,I,1,66.16
2025-10-07,9:30:12.387808984,T,KO,,109,66.16
2025-10-07,9:30:12.387878229,T,KO,,200,66.17
2025-10-07,9:30:12.387881432,T,KO,,100,66.17
2025-10-07,9:30:12.388001525,T,KO,F,350,66.18
2025-10-07,9:30:12.388028576,T,KO,I,50,66.18
2025-10-07,9:30:12.463345926,T,KO,F,150,66.18
2025-10-07,9:30:12.522695315,T,KO,F,150,66.185
2025-10-07,9:30:12.522698294,T,KO,F I,1,66.19
2025-10-07,9:30:12.522698294,T,KO,F I,49,66.19
2025-10-07,9:30:12.522710368,T,KO,F I,1,66.19
2025-10-07,9:30:12.570839929,T,KO,F,100,66.185
2025-10-07,9:30:12.570857946,T,KO,F I,50,66.185
2025-10-07,9:30:12.617162409,T,KO,F,150,66.185
2025-10-07,9:30:12.617658408,T,KO,I,50,66.19
2025-10-07,9:30:12.617658408,T,KO,,100,66.19
2025-10-07,9:30:12.618067497,T,KO,,400,66.2
2025-10-07,9:30:12.618070777,T,KO,,100,66.2
2025-10-07,9:30:12.618070777,T,KO,I,11,66.2
2025-10-07,9:30:12.618365196,T,KO,F I,30,66.2
2025-10-07,9:30:12.618374210,T,KO,F I,30,66.2
2025-10-07,9:30:12.618392584,T,KO,F I,70,66.2
2025-10-07,9:30:12.731810351,T,KO,F I,7,66.19
2025-10-07,9:30:12.861963291,T,KO,F,150,66.195
2025-10-07,9:30:12.861966364,T,KO,F I,50,66.2
2025-10-07,9:30:12.925997889,T,KO,F,100,66.195
2025-10-07,9:30:12.926009875,T,KO,F I,50,66.195
2025-10-07,9:30:13.208734220,T,KO,F,100,66.195
2025-10-07,9:30:13.208749268,T,KO,F I,50,66.195
2025-10-07,9:30:13.246675657,T,KO,F,100,66.195
2025-10-07,9:30:13.246684640,T,KO,F I,50,66.195
2025-10-07,9:30:15.114246884,T,KO,F,100,66.195
2025-10-07,9:30:15.114258866,T,KO,F I,50,66.195
2025-10-07,9:30:15.130684042,T,KO,I,2,66.19
2025-10-07,9:30:15.130684042,T,KO,,198,66.19
2025-10-07,9:30:15.130705144,T,KO,F I,2,66.19
2025-10-07,9:30:15.131132147,T,KO,F I,93,66.19
2025-10-07,9:30:16.021940736,T,KO,F I,50,66.19
2025-10-07,9:30:16.021940736,T,KO,F,150,66.19
2025-10-07,9:30:16.650350426,T,KO,,186,66.18
2025-10-07,9:30:16.650368503,T,KO,F I,14,66.18
2025-10-07,9:30:16.799090736,T,KO,,250,66.16
2025-10-07,9:30:17.074907670,T,KO,,100,66.17
2025-10-07,9:30:17.074925677,T,KO,I,1,66.17
2025-10-07,9:30:20.438696119,T,KO,F,100,66.17
2025-10-07,9:30:20.438699183,T,KO,F,100,66.17
2025-10-07,9:30:20.438755655,T,KO,I,40,66.18
2025-10-07,9:30:20.438755655,T,KO,,100,66.18
2025-10-07,9:30:22.541068890,T,KO,,100,66.185
2025-10-07,9:30:25.303268423,T,KO,F,400,66.17
2025-10-07,9:30:25.303271781,T,KO,F,200,66.17
2025-10-07,9:30:25.303271781,T,KO,F I,1,66.17
2025-10-07,9:30:25.303737412,T,KO,F,100,66.17
2025-10-07,9:30:28.041689032,T,KO,F,100,66.16
2025-10-07,9:30:30.392664899,T,KO,F,200,66.13
2025-10-07,9:30:30.392664899,T,KO,F I,4,66.13
2025-10-07,9:30:30.392670663,T,KO,F I,45,66.13
2025-10-07,9:30:30.392670663,T,KO,F,158,66.13
2025-10-07,9:30:30.392712713,T,KO,,200,66.13
2025-10-07,9:30:30.393004429,T,KO,F,100,66.14
2025-10-07,9:30:30.393025486,T,KO,I,16,66.13
2025-10-07,9:30:30.393154919,T,KO,,184,66.13
2025-10-07,9:30:30.393154919,T,KO,,100,66.13
2025-10-07,9:30:30.393211889,T,KO,,100,66.13
2025-10-07,9:30:30.393437412,T,KO,F,100,66.13
2025-10-07,9:30:30.393482583,T,KO,,100,66.13
2025-10-07,9:30:30.393524950,T,KO,,100,66.13
2025-10-07,9:30:30.393524950,T,KO,,200,66.13
2025-10-07,9:30:30.393687031,T,KO,F,100,66.13
2025-10-07,9:30:30.393690083,T,KO,F,100,66.13
2025-10-07,9:30:30.393693001,T,KO,F,100,66.13
2025-10-07,9:30:30.393864454,T,KO,F,100,66.13
2025-10-07,9:30:30.393879446,T,KO,F,100,66.13
2025-10-07,9:30:30.403986856,T,KO,,100,66.135
2025-10-07,9:30:30.403989531,T,KO,,100,66.14
2025-10-07,9:30:30.405872003,T,KO,,100,66.14
2025-10-07,9:30:31.234406260,T,KO,I,4,66.1
2025-10-07,9:30:31.234411453,T,KO,,100,66.1
2025-10-07,9:30:31.234411453,T,KO,,200,66.1
2025-10-07,9:30:31.234414439,T,KO,I,9,66.1
2025-10-07,9:30:31.234854612,T,KO,,100,66.1
2025-10-07,9:30:31.235614271,T,KO,F,200,66.11
2025-10-07,9:30:31.235620376,T,KO,,200,66.1
2025-10-07,9:30:31.235648046,T,KO,I,18,66.11
2025-10-07,9:30:31.235737618,T,KO,I,82,66.11
2025-10-07,9:30:31.235747016,T,KO,,100,66.11
2025-10-07,9:30:31.235747016,T,KO,,200,66.1
2025-10-07,9:30:31.235764728,T,KO,I,17,66.1
2025-10-07,9:30:31.235782685,T,KO,,200,66.1
2025-10-07,9:30:31.236326982,T,KO,,200,66.12
2025-10-07,9:30:31.236339457,T,KO,,100,66.11
2025-10-07,9:30:31.236627680,T,KO,,100,66.11
2025-10-07,9:30:31.236627680,T,KO,,100,66.11
2025-10-07,9:30:31.236631304,T,KO,,200,66.11
2025-10-07,9:30:31.236631304,T,KO,I,17,66.11
2025-10-07,9:30:31.236844276,T,KO,,200,66.11
2025-10-07,9:30:31.236985619,T,KO,F,100,66.11
2025-10-07,9:30:31.236997664,T,KO,F,100,66.11
2025-10-07,9:30:31.237024773,T,KO,,200,66.11
2025-10-07,9:30:31.237084809,T,KO,F,100,66.12
2025-10-07,9:30:31.237090871,T,KO,I,98,66.11
2025-10-07,9:30:31.237154059,T,KO,,100,66.11
2025-10-07,9:30:31.237211079,T,KO,F I,8,66.11
2025-10-07,9:30:31.237580979,T,KO,F I,92,66.11
2025-10-07,9:30:31.237580979,T,KO,F,117,66.11
2025-10-07,9:30:31.237593062,T,KO,I,8,66.11
2025-10-07,9:30:31.237611051,T,KO,I,25,66.11
2025-10-07,9:30:31.238008035,T,KO,,100,66.11
2025-10-07,9:30:31.241123419,T,KO,F I,8,66.11
2025-10-07,9:30:31.244662853,T,KO,,100,66.11
2025-10-07,9:30:31.244692957,T,KO,I,1,66.11
2025-10-07,9:30:31.244698955,T,KO,I,99,66.11
2025-10-07,9:30:31.244698955,T,KO,I,1,66.11
2025-10-07,9:30:31.245877757,T,KO,I,76,66.12
2025-10-07,9:30:31.245877757,T,KO,,300,66.12
2025-10-07,9:30:31.246629564,T,KO,,100,66.12
2025-10-07,9:30:31.246632708,T,KO,,300,66.12
2025-10-07,9:30:31.246635557,T,KO,I,54,66.12
2025-10-07,9:30:31.246704785,T,KO,I,66,66.12
2025-10-07,9:30:31.247249035,T,KO,,100,66.11
2025-10-07,9:30:31.247937631,T,KO,,200,66.12
2025-10-07,9:30:31.247940636,T,KO,,100,66.12
2025-10-07,9:30:31.248641311,T,KO,,100,66.12
2025-10-07,9:30:31.270560563,T,KO,F,100,66.12
2025-10-07,9:30:32.849275677,T,KO,I,62,66.11
2025-10-07,9:30:34.885362200,T,KO,,150,66.115
2025-10-07,9:30:36.192220829,T,KO,,100,66.1
2025-10-07,9:30:36.192220829,T,KO,I,2,66.1
2025-10-07,9:30:36.192235874,T,KO,I,1,66.1
2025-10-07,9:30:36.192253965,T,KO,I,97,66.1
2025-10-07,9:30:36.192302081,T,KO,F,100,66.1
2025-10-07,9:30:39.687956977,T,KO,F,100,66.11
2025-10-07,9:30:41.784785232,T,KO,F I,2,66.125
2025-10-07,9:30:41.863599860,T,KO,F I,2,66.13
2025-10-07,9:30:42.069743933,T,KO,I,2,66.13
2025-10-07,9:30:42.070387325,T,KO,F I,96,66.13
2025-10-07,9:30:42.070892551,T,KO,I,2,66.14
2025-10-07,9:30:43.508250112,T,KO,,100,66.13
2025-10-07,9:30:43.508253035,T,KO,I,1,66.13
2025-10-07,9:30:47.256939669,T,KO,F,100,66.13
2025-10-07,9:30:47.256939669,T,KO,F I,50,66.13
2025-10-07,9:30:47.256960925,T,KO,F,249,66.13
2025-10-07,9:30:47.256960925,T,KO,F,100,66.13
2025-10-07,9:30:47.273963992,T,KO,,100,66.14
2025-10-07,9:30:47.273963992,T,KO,,299,66.14
2025-10-07,9:30:47.273966188,T,KO,,100,66.14
2025-10-07,9:31:00.476747326,T,KO,F,100,66.15
2025-10-07,9:31:00.476750220,T,KO,F,200,66.15
2025-10-07,9:31:03.314979209,T,KO,,100,66.16
2025-10-07,9:31:03.315027364,T,KO,F,200,66.16
2025-10-07,9:31:04.665339469,T,KO,I,1,66.16
2025-10-07,9:31:04.665360533,T,KO,I,41,66.16
2025-10-07,9:31:04.665360533,T,KO,I,59,66.16
2025-10-07,9:31:04.665390642,T,KO,,100,66.16
2025-10-07,9:31:04.665778503,T,KO,,100,66.17
2025-10-07,9:31:04.665778503,T,KO,,295,66.17
2025-10-07,9:31:04.667727175,T,KO,I,35,66.18
2025-10-07,9:31:04.667730185,T,KO,I,6,66.18
2025-10-07,9:31:04.667733195,T,KO,I,1,66.18
2025-10-07,9:31:04.981374204,T,KO,,100,66.19
2025-10-07,9:31:05.237855076,T,KO,F I,29,66.19
2025-10-07,9:31:05.276373832,T,KO,,100,66.2
2025-10-07,9:31:07.997503966,T,KO,F I,44,66.2
2025-10-07,9:31:10.838042594,T,KO,F I,19,66.22
2025-10-07,9:31:10.838046125,T,KO,F,100,66.22
2025-10-07,9:31:10.838051510,T,KO,F,100,66.22
2025-10-07,9:31:10.838051510,T,KO,F I,19,66.22
2025-10-07,9:31:10.838060514,T,KO,I,1,66.22
2025-10-07,9:31:10.838105746,T,KO,F I,3,66.22
2025-10-07,9:31:10.838108586,T,KO,F I,77,66.22
2025-10-07,9:31:13.936842083,T,KO,I,80,66.23
2025-10-07,9:31:13.937855554,T,KO,,198,66.23
2025-10-07,9:31:13.938123583,T,KO,F,100,66.23
2025-10-07,9:31:13.938123583,T,KO,F I,44,66.23
2025-10-07,9:31:13.938126226,T,KO,F,200,66.23
2025-10-07,9:31:14.013864513,T,KO,F,100,66.23
2025-10-07,9:31:15.816102054,T,KO,,200,66.25
2025-10-07,9:31:15.816102054,T,KO,,100,66.25
2025-10-07,9:31:21.653034368,T,KO,F,100,66.23
2025-10-07,9:31:21.653034368,T,KO,F,100,66.23
2025-10-07,9:31:21.653037397,T,KO,F I,57,66.23
2025-10-07,9:31:21.653056321,T,KO,F,145,66.23
2025-10-07,9:31:21.653056321,T,KO,F I,12,66.23
2025-10-07,9:31:21.653058456,T,KO,I,1,66.23
2025-10-07,9:31:21.653079510,T,KO,F I,30,66.23
2025-10-07,9:31:29.944608174,T,KO,I,70,66.195
2025-10-07,9:31:30.582670845,T,KO,F,200,66.18
2025-10-07,9:31:30.582673860,T,KO,F,100,66.18
2025-10-07,9:31:30.582673860,T,KO,F,400,66.18
2025-10-07,9:31:30.582819141,T,KO,F I,34,66.17
2025-10-07,9:31:30.582821241,T,KO,F I,16,66.17
2025-10-07,9:31:30.673069121,T,KO,F I,2,66.15
2025-10-07,9:31:31.096558811,T,KO,,100,66.16
2025-10-07,9:31:31.097924036,T,KO,,100,66.15
2025-10-07,9:31:36.303138751,T,KO,F,100,66.125
2025-10-07,9:31:36.931533495,T,KO,,100,66.12
2025-10-07,9:31:41.135399146,T,KO,F,400,66.11
2025-10-07,9:31:41.136523831,T,KO,F I,11,66.1
2025-10-07,9:31:41.486852215,T,KO,,100,66.11
2025-10-07,9:31:41.486852215,T,KO,,100,66.11
2025-10-07,9:31:55.577076978,T,KO,I,27,66.1
2025-10-07,9:31:55.623456399,T,KO,I,1,66.09
2025-10-07,9:31:56.103072649,T,KO,I,1,66.08
2025-10-07,9:31:56.103072649,T,KO,I,1,66.08
2025-10-07,9:31:56.103074773,T,KO,I,50,66.08
2025-10-07,9:31:56.103077822,T,KO,I,2,66.08
2025-10-07,9:31:56.103080858,T,KO,,200,66.08
2025-10-07,9:31:56.103080858,T,KO,I,50,66.08
2025-10-07,9:31:56.103093155,T,KO,F I,25,66.08
2025-10-07,9:31:56.103802592,T,KO,F I,5,66.07
2025-10-07,9:31:56.103805483,T,KO,F I,1,66.07
2025-10-07,9:31:56.103808537,T,KO,F,100,66.07
2025-10-07,9:31:59.651409176,T,KO,F I,2,66.09
2025-10-07,9:32:03.115930937,T,KO,F,100,66.09
2025-10-07,9:32:03.121455065,T,KO,,189,66.08
2025-10-07,9:32:03.522036164,T,KO,F,100,66.09
2025-10-07,9:32:07.424960133,T,KO,F I,1,66.1
2025-10-07,9:32:22.118635133,T,KO,,100,66.12
2025-10-07,9:32:23.906714838,T,KO,F I,1,66.13
2025-10-07,9:32:23.906717916,T,KO,F I,6,66.13
2025-10-07,9:32:23.906720887,T,KO,F I,1,66.13
2025-10-07,9:32:23.906805374,T,KO,F I,5,66.14
2025-10-07,9:32:23.906805374,T,KO,F I,4,66.14
2025-10-07,9:32:23.907129840,T,KO,I,82,66.13
2025-10-07,9:32:23.907132904,T,KO,,400,66.13
2025-10-07,9:32:23.908483025,T,KO,F I,3,66.12
2025-10-07,9:32:23.909857522,T,KO,F,100,66.11
2025-10-07,9:32:23.909857522,T,KO,F I,82,66.11
2025-10-07,9:32:23.909860347,T,KO,F I,29,66.11
2025-10-07,9:32:23.909891235,T,KO,I,71,66.11
2025-10-07,9:32:25.551897388,T,KO,F,103,66.12
2025-10-07,9:32:25.551900327,T,KO,F,118,66.12
2025-10-07,9:32:25.682465266,T,KO,,150,66.11
2025-10-07,9:32:27.397594356,T,KO,,100,66.125
2025-10-07,9:32:27.981774643,T,KO,F I,61,66.13
2025-10-07,9:32:27.981825808,T,KO,F I,35,66.12
2025-10-07,9:32:27.982770651,T,KO,F I,48,66.12
2025-10-07,9:32:27.982773221,T,KO,F,100,66.12
2025-10-07,9:32:27.982776050,T,KO,F,400,66.12
2025-10-07,9:32:27.989878947,T,KO,F,100,66.12
2025-10-07,9:32:27.989882088,T,KO,F,150,66.12
2025-10-07,9:32:27.989903022,T,KO,I,1,66.12
2025-10-07,9:32:27.989927111,T,KO,F I,2,66.12
2025-10-07,9:32:27.997029968,T,KO,F,142,66.12
2025-10-07,9:32:27.997063358,T,KO,F I,3,66.12
2025-10-07,9:32:27.997126427,T,KO,I,2,66.11
2025-10-07,9:32:27.997126427,T,KO,,400,66.11
2025-10-07,9:32:27.997411901,T,KO,,100,66.11
2025-10-07,9:32:27.997415033,T,KO,F,100,66.11
2025-10-07,9:32:27.997417911,T,KO,I,1,66.11
2025-10-07,9:32:27.997505119,T,KO,F I,50,66.11
2025-10-07,9:32:27.999071889,T,KO,F,100,66.1
2025-10-07,9:32:27.999074940,T,KO,F,400,66.1
2025-10-07,9:32:27.999092987,T,KO,,100,66.11
2025-10-07,9:32:27.999162518,T,KO,F I,50,66.105
2025-10-07,9:32:27.999165076,T,KO,F I,60,66.1
2025-10-07,9:32:27.999180145,T,KO,F I,40,66.1
2025-10-07,9:32:27.999568065,T,KO,F,100,66.1
2025-10-07,9:32:28.007446823,T,KO,F,400,66.09
2025-10-07,9:32:28.007446823,T,KO,F I,1,66.09
2025-10-07,9:32:29.124267821,T,KO,F I,76,66.1
2025-10-07,9:32:29.124297882,T,KO,F I,24,66.1
2025-10-07,9:32:29.124364227,T,KO,F,100,66.09
2025-10-07,9:32:29.124367125,T,KO,F,100,66.09
2025-10-07,9:32:29.125485785,T,KO,I,1,66.08
2025-10-07,9:32:31.097567875,T,KO,F I,2,66.07
2025-10-07,9:32:31.097570828,T,KO,F I,5,66.07
2025-10-07,9:32:31.097573803,T,KO,F I,93,66.07
2025-10-07,9:32:31.097585915,T,KO,I,1,66.07
2025-10-07,9:32:31.172674695,T,KO,F I,83,66.08
2025-10-07,9:32:31.172674695,T,KO,F I,48,66.08
2025-10-07,9:32:31.172903220,T,KO,F,172,66.07
2025-10-07,9:32:31.283663005,T,KO,I,22,66.07
2025-10-07,9:32:39.413626081,T,KO,F I,96,66.1
2025-10-07,9:32:39.413626081,T,KO,F I,4,66.1
2025-10-07,9:32:39.603925101,T,KO,F,400,66.08
2025-10-07,9:32:39.603928145,T,KO,F I,1,66.08
2025-10-07,9:32:44.773027383,T,KO,F I,28,66.085
2025-10-07,9:32:44.773036310,T,KO,F I,28,66.085
2025-10-07,9:32:44.773038771,T,KO,F I,28,66.085
2025-10-07,9:32:44.773059837,T,KO,F I,28,66.085
2025-10-07,9:32:48.392760071,T,KO,F I,3,66.07
2025-10-07,9:32:48.435392675,T,KO,F I,28,66.07
2025-10-07,9:32:49.852151122,T,KO,F,100,66.07
2025-10-07,9:32:49.852154102,T,KO,F,100,66.06
2025-10-07,9:32:49.852172119,T,KO,I,53,66.06
2025-10-07,9:32:49.859223939,T,KO,F,247,66.06
2025-10-07,9:32:49.864128605,T,KO,,100,66.07
2025-10-07,9:32:49.864131663,T,KO,I,84,66.07
2025-10-07,9:32:49.864131663,T,KO,I,16,66.07
2025-10-07,9:32:49.864152638,T,KO,I,1,66.07
2025-10-07,9:32:50.627683240,T,KO,I,86,66.075
2025-10-07,9:32:59.202711969,T,KO,,100,66.09
2025-10-07,9:32:59.203223238,T,KO,I,91,66.09
2025-10-07,9:32:59.203569048,T,KO,I,9,66.09
2025-10-07,9:32:59.203569048,T,KO,I,80,66.1
2025-10-07,9:32:59.203923828,T,KO,I,39,66.095
2025-10-07,9:32:59.204603521,T,KO,I,70,66.1
2025-10-07,9:32:59.204723884,T,KO,I,30,66.1
2025-10-07,9:33:00.306948002,T,KO,I,3,66.09
2025-10-07,9:33:00.306950967,T,KO,I,25,66.09
2025-10-07,9:33:04.571167475,T,KO,F,100,66.1
2025-10-07,9:33:05.150145449,T,KO,F I,3,66.11
2025-10-07,9:33:05.150148425,T,KO,F,100,66.11
2025-10-07,9:33:05.150148425,T,KO,F I,1,66.11
2025-10-07,9:33:05.150190512,T,KO,I,31,66.1
2025-10-07,9:33:12.649737893,T,KO,F I,1,66.09
2025-10-07,9:33:12.649740799,T,KO,F I,92,66.09
2025-10-07,9:33:12.649762339,T,KO,F I,13,66.09
2025-10-07,9:33:12.649764877,T,KO,F I,1,66.09
2025-10-07,9:33:12.649767870,T,KO,F I,3,66.09
2025-10-07,9:33:12.649785838,T,KO,F I,17,66.09
2025-10-07,9:33:16.067922077,T,KO,F I,36,66.07
2025-10-07,9:33:16.067925144,T,KO,F,100,66.07
2025-10-07,9:33:19.545667707,T,KO,F,100,66.06
2025-10-07,9:33:19.546231726,T,KO,F I,1,66.05
2025-10-07,9:33:19.546289037,T,KO,F,400,66.04
2025-10-07,9:33:19.546291840,T,KO,F,200,66.04
2025-10-07,9:33:19.958495629,T,KO,F I,1,66.03
2025-10-07,9:33:19.958495629,T,KO,F I,1,66.03
2025-10-07,9:33:20.577556044,T,KO,I,14,66.03
2025-10-07,9:33:20.577637285,T,KO,I,32,66.03
2025-10-07,9:33:20.578157528,T,KO,,201,66.04
2025-10-07,9:33:22.800727244,T,KO,F,201,66.04
2025-10-07,9:33:22.800727244,T,KO,F I,3,66.04
2025-10-07,9:33:40.380893177,T,KO,I,1,66.02
2025-10-07,9:33:40.380893177,T,KO,I,1,66.02
2025-10-07,9:33:40.380896121,T,KO,I,7,66.02
2025-10-07,9:33:40.380896121,T,KO,I,4,66.02
2025-10-07,9:33:40.380911109,T,KO,I,13,66.02
2025-10-07,9:33:40.380923218,T,KO,I,7,66.02
2025-10-07,9:33:40.380932235,T,KO,I,22,66.02
2025-10-07,9:33:40.381593735,T,KO,F I,63,66.02
2025-10-07,9:33:40.381608778,T,KO,F I,37,66.02
2025-10-07,9:33:40.382679354,T,KO,F,207,66.01
2025-10-07,9:33:40.382679354,T,KO,F,100,66.01
2025-10-07,9:33:40.466407800,T,KO,F I,1,66.0
2025-10-07,9:33:40.466411115,T,KO,F I,10,66.0
2025-10-07,9:33:40.466418465,T,KO,F I,1,66.0
2025-10-07,9:33:40.466424504,T,KO,F I,1,66.0
2025-10-07,9:33:40.466429502,T,KO,F I,2,66.0
2025-10-07,9:33:40.466429502,T,KO,F I,1,66.0
2025-10-07,9:33:40.466443863,T,KO,F I,2,66.0
2025-10-07,9:33:40.466443863,T,KO,F I,5,66.0
2025-10-07,9:33:40.466447032,T,KO,F,100,66.0
2025-10-07,9:33:40.466447032,T,KO,F I,1,66.0
2025-10-07,9:33:40.466450116,T,KO,F,530,66.0
2025-10-07,9:33:40.466453028,T,KO,F I,2,66.0
2025-10-07,9:33:40.466456497,T,KO,F I,20,66.0
2025-10-07,9:33:40.466458870,T,KO,F I,1,66.0
2025-10-07,9:33:40.466465080,T,KO,F I,5,66.0
2025-10-07,9:33:40.466468384,T,KO,F I,3,66.0
2025-10-07,9:33:40.466474276,T,KO,F I,1,66.0
2025-10-07,9:33:40.466477420,T,KO,F I,1,66.0
2025-10-07,9:33:40.466483860,T,KO,F I,1,66.0
2025-10-07,9:33:40.466483860,T,KO,F I,2,66.0
2025-10-07,9:33:40.466483860,T,KO,F I,24,66.0
2025-10-07,9:33:40.466492100,T,KO,F I,15,66.0
2025-10-07,9:33:40.666817093,T,KO,F,100,65.99
2025-10-07,9:33:40.667334369,T,KO,F I,1,65.98
2025-10-07,9:33:40.667337375,T,KO,F I,1,65.98
2025-10-07,9:33:40.667340354,T,KO,F I,4,65.98
2025-10-07,9:33:40.667340354,T,KO,F I,50,65.98
2025-10-07,9:33:40.667343807,T,KO,F I,1,65.98
2025-10-07,9:33:40.667346440,T,KO,F I,45,65.98
2025-10-07,9:33:40.667385470,T,KO,F I,55,65.98
2025-10-07,9:33:40.667389192,T,KO,F I,1,65.98
2025-10-07,9:33:40.667389192,T,KO,F I,8,65.98
2025-10-07,9:33:40.667716258,T,KO,I,57,65.98
2025-10-07,9:33:40.667725284,T,KO,F,100,65.98
2025-10-07,9:33:40.668001904,T,KO,F,100,65.98
2025-10-07,9:33:45.608671336,T,KO,F,100,65.99
2025-10-07,9:33:45.608673564,T,KO,F,100,65.99
2025-10-07,9:33:45.608676787,T,KO,F I,3,65.99
2025-10-07,9:33:45.608676787,T,KO,F,247,65.99
2025-10-07,9:33:45.608688591,T,KO,I,1,65.99
2025-10-07,9:33:45.650990323,T,KO,,150,65.995
2025-10-07,9:33:45.680878527,T,KO,I,7,65.99
2025-10-07,9:33:48.804658658,T,KO,F I,90,65.99
2025-10-07,9:33:55.495125748,T,KO,I,1,66.0
2025-10-07,9:33:56.621091658,T,KO,F I,10,66.0
2025-10-07,9:33:56.621094642,T,KO,F I,90,66.01
2025-10-07,9:33:56.621115763,T,KO,I,10,66.01
2025-10-07,9:33:56.621136719,T,KO,,200,66.01
2025-10-07,9:33:56.621350442,T,KO,,200,66.01
2025-10-07,9:33:56.621354531,T,KO,I,23,66.01
2025-10-07,9:33:56.621356852,T,KO,I,57,66.0
2025-10-07,9:33:56.621360132,T,KO,,100,66.0
2025-10-07,9:33:56.621360132,T,KO,,144,66.0
2025-10-07,9:33:56.621362609,T,KO,I,3,66.0
2025-10-07,9:33:56.621383576,T,KO,I,1,66.01
2025-10-07,9:33:56.621383576,T,KO,I,55,66.01
2025-10-07,9:33:57.424608435,T,KO,,100,65.985
2025-10-07,9:33:57.424963818,T,KO,I,95,65.99
2025-10-07,9:33:57.424966509,T,KO,,145,65.99
2025-10-07,9:33:57.424970375,T,KO,I,23,65.99
2025-10-07,9:33:57.424970375,T,KO,,100,65.99
2025-10-07,9:33:57.424975651,T,KO,,105,65.99
2025-10-07,9:33:57.424975651,T,KO,,400,65.99
2025-10-07,9:33:57.425140653,T,KO,,400,65.99
2025-10-07,9:33:58.060500019,T,KO,F I,39,66.0
2025-10-07,9:33:58.060505961,T,KO,F,100,66.0
2025-10-07,9:33:58.060505961,T,KO,F I,61,66.0
2025-10-07,9:33:59.030538351,T,KO,F,100,66.01
2025-10-07,9:33:59.212543836,T,KO,,132,66.03
2025-10-07,9:33:59.212543836,T,KO,I,68,66.03
2025-10-07,9:33:59.315406804,T,KO,,100,66.04
2025-10-07,9:34:00.236010533,T,KO,,200,66.06
2025-10-07,9:34:00.236037627,T,KO,I,1,66.06
2025-10-07,9:34:05.661060967,T,KO,F I,3,66.06
2025-10-07,9:34:05.661060967,T,KO,F,400,66.06
2025-10-07,9:34:05.661617107,T,KO,I,73,66.05
2025-10-07,9:34:05.661641141,T,KO,F I,27,66.05
2025-10-07,9:34:05.886664028,T,KO,,150,66.045
2025-10-07,9:34:06.420760123,T,KO,I,1,66.07
2025-10-07,9:34:06.427902206,T,KO,I,99,66.065
2025-10-07,9:34:14.647655654,T,KO,,200,66.08
2025-10-07,9:34:15.684489147,T,KO,,100,66.09
2025-10-07,9:34:16.766375956,T,KO,I,9,66.09
2025-10-07,9:34:17.632631205,T,KO,I,3,66.06
2025-10-07,9:34:17.771120028,T,KO,,125,66.055
2025-10-07,9:34:18.218630809,T,KO,I,1,66.05
2025-10-07,9:34:21.873779532,T,KO,I,84,66.05
2025-10-07,9:34:24.573694233,T,KO,F I,3,66.05
2025-10-07,9:34:24.573694233,T,KO,F I,51,66.05
2025-10-07,9:34:25.062000291,T,KO,,100,66.025
2025-10-07,9:34:33.651277118,T,KO,F I,4,66.02
2025-10-07,9:34:33.651277118,T,KO,F I,3,66.02
2025-10-07,9:34:33.861592149,T,KO,F,440,66.01
2025-10-07,9:34:33.861685134,T,KO,F,251,66.01
2025-10-07,9:34:33.861688162,T,KO,F I,2,66.01
2025-10-07,9:34:33.861868515,T,KO,F,100,66.01
2025-10-07,9:34:33.861893015,T,KO,I,1,66.01
2025-10-07,9:34:33.861919674,T,KO,F I,99,66.01
2025-10-07,9:34:33.861922672,T,KO,F,171,66.02
2025-10-07,9:34:33.862214353,T,KO,F,400,66.02
2025-10-07,9:34:34.411968701,T,KO,I,7,66.025
2025-10-07,9:34:36.801249350,T,KO,F I,25,66.02
2025-10-07,9:34:36.801252448,T,KO,F,100,66.02
2025-10-07,9:34:36.801255450,T,KO,F I,3,66.02
2025-10-07,9:34:36.801258400,T,KO,F,319,66.02
2025-10-07,9:34:36.801267476,T,KO,I,1,66.02
2025-10-07,9:34:36.801267476,T,KO,I,8,66.02
2025-10-07,9:34:36.801273854,T,KO,F I,26,66.02
2025-10-07,9:34:38.556361621,T,KO,I,52,66.02
2025-10-07,9:34:38.556397884,T,KO,,100,66.02
2025-10-07,9:34:38.556415830,T,KO,I,1,66.02
2025-10-07,9:34:38.556653854,T,KO,F,175,66.02
2025-10-07,9:34:38.556656461,T,KO,F,100,66.02
2025-10-07,9:34:38.556656461,T,KO,F,118,66.02
2025-10-07,9:34:38.556680861,T,KO,,184,66.02
2025-10-07,9:34:38.910722706,T,KO,I,3,66.02
2025-10-07,9:34:38.910725689,T,KO,I,82,66.02
2025-10-07,9:34:40.794556580,T,KO,I,2,66.01
2025-10-07,9:34:46.007316318,T,KO,F,200,66.03
2025-10-07,9:34:48.227997390,T,KO,,100,66.05
2025-10-07,9:34:50.699884802,T,KO,F I,86,66.05
2025-10-07,9:34:50.699902796,T,KO,I,1,66.05
2025-10-07,9:34:52.099565486,T,KO,I,7,66.055
2025-10-07,9:34:55.772982797,T,KO,I,1,66.05
2025-10-07,9:34:57.669497772,T,KO,F I,12,66.05
2025-10-07,9:34:57.669497772,T,KO,F,100,66.05
2025-10-07,9:34:57.669506809,T,KO,F,100,66.05
2025-10-07,9:34:59.817276356,T,KO,I,40,66.035
2025-10-07,9:34:59.875113074,T,KO,,100,66.035
2025-10-07,9:35:04.499386112,T,KO,,100,66.045
2025-10-07,9:35:05.116530980,T,KO,F I,6,66.04
2025-10-07,9:35:05.116552091,T,KO,I,20,66.04
2025-10-07,9:35:05.501459718,T,KO,I,14,66.04
2025-10-07,9:35:06.667664395,T,KO,I,60,66.04
2025-10-07,9:35:06.885133674,T,KO,F I,1,66.03
2025-10-07,9:35:06.885139320,T,KO,F,200,66.03
2025-10-07,9:35:06.885139320,T,KO,F I,7,66.03
2025-10-07,9:35:06.885139320,T,KO,F I,69,66.03
2025-10-07,9:35:07.475733997,T,KO,,100,66.03
2025-10-07,9:35:13.482856586,T,KO,,100,66.02
2025-10-07,9:35:15.584333863,T,KO,F,150,66.01
2025-10-07,9:35:18.782219533,T,KO,F,150,66.01
2025-10-07,9:35:23.493639957,T,KO,F I,87,66.03
2025-10-07,9:35:28.119946117,T,KO,F,100,66.03
2025-10-07,9:35:28.119946117,T,KO,F,100,66.03
2025-10-07,9:35:28.120168257,T,KO,F I,85,66.02
2025-10-07,9:35:28.120432857,T,KO,F I,83,66.03
2025-10-07,9:35:31.292655443,T,KO,,252,66.03
2025-10-07,9:35:31.292655443,T,KO,I,17,66.03
2025-10-07,9:35:31.292670490,T,KO,F,131,66.03
2025-10-07,9:35:31.294195094,T,KO,F,200,66.04
2025-10-07,9:35:31.304332210,T,KO,F,100,66.05
2025-10-07,9:35:31.304335201,T,KO,F I,5,66.05
2025-10-07,9:35:31.311059224,T,KO,I,1,66.06
2025-10-07,9:35:31.316818040,T,KO,I,1,66.07
2025-10-07,9:35:31.316818040,T,KO,,100,66.07
2025-10-07,9:35:31.358379949,T,KO,F,400,66.09
2025-10-07,9:35:31.358383494,T,KO,F,100,66.09
2025-10-07,9:35:31.358385955,T,KO,F I,53,66.09
2025-10-07,9:35:31.358431611,T,KO,F,100,66.09
2025-10-07,9:35:31.358434037,T,KO,F I,30,66.09
2025-10-07,9:35:31.359285789,T,KO,,200,66.1
2025-10-07,9:35:31.359285789,T,KO,I,30,66.1
2025-10-07,9:35:31.359288328,T,KO,I,30,66.1
2025-10-07,9:35:31.359288328,T,KO,I,2,66.1
2025-10-07,9:35:31.359354269,T,KO,,100,66.1
2025-10-07,9:35:31.359354269,T,KO,I,50,66.1
2025-10-07,9:35:31.359387320,T,KO,I,50,66.1
2025-10-07,9:35:31.359390378,T,KO,I,50,66.1
2025-10-07,9:35:31.359414823,T,KO,I,50,66.1
2025-10-07,9:35:31.359700405,T,KO,I,50,66.1
2025-10-07,9:35:31.359700405,T,KO,I,27,66.1
2025-10-07,9:35:31.359703065,T,KO,I,23,66.1
2025-10-07,9:35:31.368327586,T,KO,I,50,66.1
2025-10-07,9:35:31.368330689,T,KO,,100,66.1
2025-10-07,9:35:31.388424879,T,KO,,100,66.1
2025-10-07,9:35:31.388427691,T,KO,,100,66.1
2025-10-07,9:35:31.388430659,T,KO,I,26,66.1
2025-10-07,9:35:31.388433725,T,KO,I,50,66.1
2025-10-07,9:35:31.388433725,T,KO,I,77,66.1
2025-10-07,9:35:31.436749581,T,KO,F I,27,66.1
2025-10-07,9:35:31.436770612,T,KO,I,1,66.1
2025-10-07,9:35:31.452422988,T,KO,F I,2,66.1
2025-10-07,9:35:31.860467739,T,KO,F I,26,66.1
2025-10-07,9:35:31.860470781,T,KO,F I,47,66.1
2025-10-07,9:35:33.294054232,T,KO,I,10,66.09
2025-10-07,9:35:33.294072281,T,KO,I,74,66.09
2025-10-07,9:35:33.294162568,T,KO,I,5,66.09
2025-10-07,9:35:33.299710681,T,KO,,100,66.08
2025-10-07,9:35:33.302952420,T,KO,I,92,66.07
2025-10-07,9:35:33.302973511,T,KO,I,1,66.07
2025-10-07,9:35:33.345988030,T,KO,F,100,66.06
2025-10-07,9:35:33.345988030,T,KO,F,100,66.06
2025-10-07,9:35:43.397277816,T,KO,F,100,66.04
2025-10-07,9:35:43.451620159,T,KO,,100,66.04
2025-10-07,9:35:44.252647044,T,KO,F,100,66.04
2025-10-07,9:35:44.863612275,T,KO,,100,66.045
2025-10-07,9:35:48.939871882,T,KO,,285,66.06
2025-10-07,9:35:48.939889984,T,KO,I,1,66.06
2025-10-07,9:35:48.940122599,T,KO,F,253,66.05
2025-10-07,9:35:52.614744640,T,KO,F I,81,66.06
2025-10-07,9:35:52.614750925,T,KO,F I,19,66.06
2025-10-07,9:35:52.614750925,T,KO,F,253,66.06
2025-10-07,9:35:53.198534021,T,KO,F I,38,66.07
2025-10-07,9:35:53.198537095,T,KO,F,100,66.07
2025-10-07,9:35:58.522721055,T,KO,I,13,66.07
2025-10-07,9:36:03.428756007,T,KO,F I,80,66.06
2025-10-07,9:36:03.428759067,T,KO,F,520,66.06
2025-10-07,9:36:03.428774083,T,KO,F I,80,66.06
2025-10-07,9:36:10.095881499,T,KO,,100,66.055
2025-10-07,9:36:10.933520653,T,KO,F,100,66.05
2025-10-07,9:36:11.141150110,T,KO,,100,66.055
2025-10-07,9:36:11.159996010,T,KO,,100,66.055
2025-10-07,9:36:11.170863900,T,KO,,100,66.055
2025-10-07,9:36:11.284748186,T,KO,F I,4,66.06
2025-10-07,9:36:11.291842131,T,KO,,100,66.065
2025-10-07,9:36:11.291845049,T,KO,I,4,66.07
2025-10-07,9:36:11.291851137,T,KO,I,11,66.07
2025-10-07,9:36:11.291854150,T,KO,,101,66.07
2025-10-07,9:36:11.291863080,T,KO,I,1,66.07
2025-10-07,9:36:11.291875146,T,KO,I,99,66.07
2025-10-07,9:36:14.309475412,T,KO,I,39,66.08
2025-10-07,9:36:17.807033752,T,KO,F,100,66.06
2025-10-07,9:36:17.807057773,T,KO,I,1,66.06
2025-10-07,9:36:21.452448320,T,KO,F I,1,66.04
2025-10-07,9:36:21.452451254,T,KO,F,400,66.04
2025-10-07,9:36:23.561882596,T,KO,I,13,66.02
2025-10-07,9:36:34.215092008,T,KO,I,37,66.02
2025-10-07,9:36:34.764557714,T,KO,F,200,66.03
2025-10-07,9:36:34.764557714,T,KO,F,100,66.03
2025-10-07,9:36:36.547820127,T,KO,F,100,66.03
2025-10-07,9:36:43.060437618,T,KO,I,25,66.03
2025-10-07,9:36:43.060545869,T,KO,,100,66.04
2025-10-07,9:36:49.349665098,T,KO,F I,52,66.05
2025-10-07,9:36:49.350251511,T,KO,,100,66.06
2025-10-07,9:36:57.949788541,T,KO,F,100,66.05
2025-10-07,9:36:57.949794628,T,KO,F,100,66.05
2025-10-07,9:36:57.987805118,T,KO,,400,66.05
2025-10-07,9:36:57.988178017,T,KO,F I,29,66.05
2025-10-07,9:36:57.988178017,T,KO,F I,1,66.045
2025-10-07,9:36:57.988235137,T,KO,I,29,66.05
2025-10-07,9:36:57.988554457,T,KO,F,100,66.05
2025-10-07,9:36:57.988557049,T,KO,F,100,66.05
2025-10-07,9:36:57.988557049,T,KO,F,100,66.05
2025-10-07,9:36:58.012000704,T,KO,I,34,66.04
2025-10-07,9:36:58.012021825,T,KO,I,1,66.04
2025-10-07,9:36:59.639095231,T,KO,,100,66.04
2025-10-07,9:36:59.639095231,T,KO,,500,66.04
2025-10-07,9:37:02.389683349,T,KO,,130,66.04
2025-10-07,9:37:02.389686472,T,KO,I,75,66.04
2025-10-07,9:37:02.389686472,T,KO,I,1,66.04
2025-10-07,9:37:02.389689324,T,KO,I,7,66.04
2025-10-07,9:37:02.389689324,T,KO,I,1,66.04
2025-10-07,9:37:06.640478656,T,KO,I,2,66.04
2025-10-07,9:37:08.253403217,T,KO,F,100,66.03
2025-10-07,9:37:08.256915649,T,KO,I,40,66.02
2025-10-07,9:37:08.267660329,T,KO,F I,51,66.02
2025-10-07,9:37:08.267660329,T,KO,F,150,66.02
2025-10-07,9:37:08.590275355,T,KO,I,1,66.02
2025-10-07,9:37:08.590278452,T,KO,I,2,66.02
2025-10-07,9:37:09.957883962,T,KO,I,1,66.02
2025-10-07,9:37:09.957904926,T,KO,I,1,66.02
2025-10-07,9:37:09.957932334,T,KO,F,100,66.02
2025-10-07,9:37:09.957953050,T,KO,I,1,66.02
2025-10-07,9:37:09.957962796,T,KO,I,11,66.02
2025-10-07,9:37:09.957968587,T,KO,F I,30,66.02
2025-10-07,9:37:09.957971650,T,KO,F I,58,66.02
2025-10-07,9:37:09.957974106,T,KO,F I,19,66.02
2025-10-07,9:37:09.960142287,T,KO,I,3,66.02
2025-10-07,9:37:11.464791160,T,KO,F I,84,66.02
2025-10-07,9:37:11.464802985,T,KO,F I,13,66.02
2025-10-07,9:37:11.464806024,T,KO,F I,2,66.02
2025-10-07,9:37:14.094671737,T,KO,I,8,66.02
2025-10-07,9:37:14.094687132,T,KO,I,62,66.02
2025-10-07,9:37:14.094722923,T,KO,I,30,66.02
2025-10-07,9:37:14.410805694,T,KO,F I,30,66.02
2025-10-07,9:37:18.603373499,T,KO,I,6,66.02
2025-10-07,9:37:18.603394539,T,KO,I,1,66.02
2025-10-07,9:37:18.605616782,T,KO,F I,93,66.02
2025-10-07,9:37:21.504337913,T,KO,F I,74,66.01
2025-10-07,9:37:21.504362006,T,KO,F I,26,66.01
2025-10-07,9:37:21.504365083,T,KO,F I,26,66.01
2025-10-07,9:37:21.504367961,T,KO,I,1,66.01
2025-10-07,9:37:21.504382946,T,KO,I,26,66.01
2025-10-07,9:37:22.444461106,T,KO,,100,66.01
2025-10-07,9:37:27.283373238,T,KO,,100,66.01
2025-10-07,9:37:27.745938864,T,KO,F I,32,66.0
2025-10-07,9:37:27.745938864,T,KO,F I,60,66.0
2025-10-07,9:37:27.746358992,T,KO,F,100,65.99
2025-10-07,9:37:28.093962817,T,KO,I,77,65.98
2025-10-07,9:37:28.093962817,T,KO,I,7,65.98
2025-10-07,9:37:28.094086094,T,KO,F,100,65.98
2025-10-07,9:37:30.660990868,T,KO,I,40,65.98
2025-10-07,9:37:30.675747081,T,KO,I,60,65.98
2025-10-07,9:37:34.566540004,T,KO,I,36,65.99
2025-10-07,9:37:34.662985721,T,KO,F,400,65.98
2025-10-07,9:37:35.849046562,T,KO,I,9,65.975
2025-10-07,9:37:40.004111986,T,KO,F,100,65.97
2025-10-07,9:37:40.004114941,T,KO,F,100,65.97
2025-10-07,9:37:43.106874981,T,KO,F I,1,65.96
2025-10-07,9:37:43.106929110,T,KO,I,63,65.96
2025-10-07,9:37:44.895511753,T,KO,F I,50,65.95
2025-10-07,9:37:44.895514257,T,KO,F I,1,65.95
2025-10-07,9:37:44.895518825,T,KO,F I,20,65.95
2025-10-07,9:37:44.895518825,T,KO,F I,1,65.95
2025-10-07,9:37:44.895518825,T,KO,F I,2,65.95
2025-10-07,9:37:44.895523130,T,KO,F I,3,65.95
2025-10-07,9:37:44.895523130,T,KO,F I,40,65.95
2025-10-07,9:37:44.895526211,T,KO,F I,63,65.95
2025-10-07,9:37:44.895529406,T,KO,F,200,65.95
2025-10-07,9:37:44.896112545,T,KO,F,200,65.94
2025-10-07,9:37:44.896377250,T,KO,F,100,65.94
2025-10-07,9:37:47.831890890,T,KO,F I,3,65.94
2025-10-07,9:37:47.831890890,T,KO,F I,97,65.95
2025-10-07,9:37:51.986294736,T,KO,F I,1,65.93
2025-10-07,9:37:51.986294736,T,KO,F I,1,65.93
2025-10-07,9:37:51.986297752,T,KO,F I,10,65.93
2025-10-07,9:37:51.986301042,T,KO,F I,3,65.93
2025-10-07,9:37:51.986301042,T,KO,F I,15,65.93
2025-10-07,9:37:51.986303834,T,KO,F I,89,65.93
2025-10-07,9:37:52.793083498,T,KO,,100,65.93
2025-10-07,9:37:52.793137772,T,KO,I,88,65.93
2025-10-07,9:37:52.793141436,T,KO,,100,65.93
2025-10-07,9:37:52.793155552,T,KO,I,1,65.93
2025-10-07,9:37:52.793203649,T,KO,,100,65.93
2025-10-07,9:37:52.793209682,T,KO,F I,88,65.93
2025-10-07,9:37:52.793234559,T,KO,I,30,65.93
2025-10-07,9:37:52.793234559,T,KO,I,70,65.93
2025-10-07,9:37:52.793281823,T,KO,,100,65.93
2025-10-07,9:37:52.793299850,T,KO,F I,88,65.93
2025-10-07,9:37:52.793302808,T,KO,F I,70,65.93
2025-10-07,9:37:52.795615406,T,KO,F I,1,65.92
2025-10-07,9:37:52.795618412,T,KO,F I,10,65.92
2025-10-07,9:37:52.795618412,T,KO,F,100,65.92
2025-10-07,9:37:52.796060561,T,KO,F,100,65.92
2025-10-07,9:37:52.996338351,T,KO,F I,88,65.92
2025-10-07,9:37:53.055960440,T,KO,,150,65.925
2025-10-07,9:37:53.055960440,T,KO,,100,65.93
2025-10-07,9:37:53.069020521,T,KO,,100,65.93
2025-10-07,9:37:54.834865981,T,KO,F,100,65.92
2025-10-07,9:37:54.834865981,T,KO,F,131,65.92
2025-10-07,9:37:54.834868378,T,KO,F,100,65.92
2025-10-07,9:37:54.834883367,T,KO,I,1,65.92
2025-10-07,9:37:56.079271287,T,KO,,691,65.91
2025-10-07,9:37:56.079274717,T,KO,I,25,65.91
2025-10-07,9:37:57.154404117,T,KO,I,2,65.91
2025-10-07,9:37:57.154431206,T,KO,F I,98,65.91
2025-10-07,9:37:57.154434200,T,KO,F,178,65.91
2025-10-07,9:37:57.191738080,T,KO,F I,67,65.9
2025-10-07,9:37:57.191741219,T,KO,F I,5,65.9
2025-10-07,9:37:57.191744085,T,KO,F I,3,65.9
2025-10-07,9:37:57.191747196,T,KO,F I,2,65.9
2025-10-07,9:37:57.191747196,T,KO,F,300,65.9
2025-10-07,9:37:57.191750182,T,KO,F I,10,65.9
2025-10-07,9:37:57.191752995,T,KO,F I,7,65.9
2025-10-07,9:37:57.191752995,T,KO,F I,11,65.9
2025-10-07,9:37:57.191756092,T,KO,F I,1,65.9
2025-10-07,9:37:57.191756092,T,KO,F I,1,65.9
2025-10-07,9:37:57.191759085,T,KO,F I,5,65.9
2025-10-07,9:37:57.280019301,T,KO,I,31,65.9
2025-10-07,9:38:00.678247963,T,KO,F,100,65.91
2025-10-07,9:38:02.486635541,T,KO,F,200,65.92
2025-10-07,9:38:02.486638129,T,KO,F I,29,65.92
2025-10-07,9:38:02.486638129,T,KO,F I,9,65.92
2025-10-07,9:38:03.658574463,T,KO,I,1,65.93
2025-10-07,9:38:03.658610535,T,KO,I,99,65.93
2025-10-07,9:38:08.202553560,T,KO,F I,50,65.94
2025-10-07,9:38:08.202556223,T,KO,F I,50,65.94
2025-10-07,9:38:08.202571182,T,KO,I,1,65.94
2025-10-07,9:38:08.203810135,T,KO,I,54,65.94
2025-10-07,9:38:08.203831169,T,KO,I,1,65.94
2025-10-07,9:38:08.203852332,T,KO,,144,65.94
2025-10-07,9:38:08.204516895,T,KO,F,100,65.94
2025-10-07,9:38:08.204534892,T,KO,I,1,65.94
2025-10-07,9:38:08.204544542,T,KO,F I,87,65.94
2025-10-07,9:38:08.204546902,T,KO,F I,8,65.94
2025-10-07,9:38:13.168947988,T,KO,I,88,65.95
2025-10-07,9:38:13.353256985,T,KO,,150,65.945
2025-10-07,9:38:14.574931765,T,KO,,150,65.94
2025-10-07,9:38:25.142837030,T,KO,I,55,65.94
2025-10-07,9:38:25.143110705,T,KO,F I,45,65.94
2025-10-07,9:38:25.143114222,T,KO,F,100,65.94
2025-10-07,9:38:25.143131785,T,KO,I,1,65.94
2025-10-07,9:38:26.110204959,T,KO,I,5,65.94
2025-10-07,9:38:28.847152753,T,KO,F I,1,65.93
2025-10-07,9:38:28.847155801,T,KO,F I,4,65.93
2025-10-07,9:38:28.847200888,T,KO,F I,5,65.93
2025-10-07,9:38:28.847492587,T,KO,I,25,65.93
2025-10-07,9:38:28.847594832,T,KO,F I,25,65.93
2025-10-07,9:38:28.847600869,T,KO,F I,25,65.93
2025-10-07,9:38:36.086782152,T,KO,F I,25,65.92
2025-10-07,9:38:36.086788354,T,KO,F,100,65.92
2025-10-07,9:38:37.922022854,T,KO,F,150,65.92
2025-10-07,9:38:37.988430075,T,KO,F,200,65.93
2025-10-07,9:38:41.729030281,T,KO,I,10,65.935
2025-10-07,9:38:41.729616717,T,KO,F I,3,65.94
2025-10-07,9:38:41.729616717,T,KO,F I,51,65.94
2025-10-07,9:38:41.729658753,T,KO,F I,49,65.94
2025-10-07,9:38:47.203512347,T,KO,F,100,65.95
2025-10-07,9:38:47.203521234,T,KO,F I,5,65.95
2025-10-07,9:38:47.203521234,T,KO,F I,49,65.95
2025-10-07,9:38:48.800309421,T,KO,F I,50,65.95
2025-10-07,9:38:52.767547406,T,KO,F,100,65.95
2025-10-07,9:39:00.004370905,T,KO,F I,7,65.94
2025-10-07,9:39:00.004370905,T,KO,F,200,65.94
2025-10-07,9:39:04.679798519,T,KO,F I,7,65.92
2025-10-07,9:39:15.982849676,T,KO,F I,75,65.92
2025-10-07,9:39:19.384425473,T,KO,F,100,65.91
2025-10-07,9:39:19.384428452,T,KO,F I,98,65.91
2025-10-07,9:39:19.384443705,T,KO,F,107,65.91
2025-10-07,9:39:19.384443705,T,KO,I,1,65.91
2025-10-07,9:39:19.384452476,T,KO,F I,94,65.91
2025-10-07,9:39:19.384915572,T,KO,I,25,65.91
2025-10-07,9:39:19.385844994,T,KO,F I,41,65.91
2025-10-07,9:39:19.385847883,T,KO,F I,20,65.91
2025-10-07,9:39:19.904667612,T,KO,I,82,65.9
2025-10-07,9:39:20.167361290,T,KO,I,7,65.9
2025-10-07,9:39:20.167379555,T,KO,I,11,65.9
2025-10-07,9:39:20.167382705,T,KO,,179,65.9
2025-10-07,9:39:20.167403392,T,KO,F,221,65.9
2025-10-07,9:39:22.639961353,T,KO,I,41,65.9
2025-10-07,9:39:26.209814978,T,KO,I,1,65.9
2025-10-07,9:39:38.053283274,T,KO,F,200,65.91
2025-10-07,9:39:38.054179496,T,KO,F I,9,65.92
2025-10-07,9:39:38.054207142,T,KO,F I,16,65.92
2025-10-07,9:39:38.065227824,T,KO,,100,65.925
2025-10-07,9:39:39.896138604,T,KO,,100,65.925
2025-10-07,9:39:43.240136214,T,KO,F I,13,65.93
2025-10-07,9:39:43.240160315,T,KO,F I,87,65.93
2025-10-07,9:39:43.240163340,T,KO,F,100,65.93
2025-10-07,9:39:43.354348225,T,KO,F I,72,65.93
2025-10-07,9:39:43.662627683,T,KO,I,72,65.93
2025-10-07,9:39:52.735335570,T,KO,F I,99,65.93
2025-10-07,9:39:52.735368707,T,KO,F I,1,65.93
2025-10-07,9:39:52.735371805,T,KO,F I,28,65.93
2025-10-07,9:39:52.735374704,T,KO,I,1,65.93
2025-10-07,9:39:52.735729511,T,KO,F I,71,65.93
2025-10-07,9:39:52.735732528,T,KO,F,100,65.93
2025-10-07,9:39:55.908412207,T,KO,I,32,65.93
2025-10-07,9:40:01.450567232,T,KO,F,700,65.92
2025-10-07,9:40:06.683952976,T,KO,,100,65.91
2025-10-07,9:40:06.683955948,T,KO,I,25,65.91
2025-10-07,9:40:06.684407068,T,KO,I,72,65.91
2025-10-07,9:40:06.684458218,T,KO,I,3,65.91
2025-10-07,9:40:06.684458218,T,KO,I,97,65.91
2025-10-07,9:40:06.684476257,T,KO,I,1,65.91
2025-10-07,9:40:06.684485200,T,KO,F I,2,65.91
2025-10-07,9:40:06.684485200,T,KO,F I,1,65.91
2025-10-07,9:40:06.684491288,T,KO,F I,3,65.91
2025-10-07,9:40:06.684494362,T,KO,F I,96,65.91
2025-10-07,9:40:06.684500445,T,KO,F,100,65.92
2025-10-07,9:40:06.684500445,T,KO,F I,3,65.92
2025-10-07,9:40:06.684506283,T,KO,F,400,65.92
2025-10-07,9:40:06.684506283,T,KO,F,200,65.92
2025-10-07,9:40:06.684506283,T,KO,F I,82,65.92
2025-10-07,9:40:06.758076509,T,KO,I,75,65.92
2025-10-07,9:40:08.599394967,T,KO,,100,65.915
2025-10-07,9:40:12.322786252,T,KO,F I,30,65.92
2025-10-07,9:40:14.115090178,T,KO,F,200,65.93
2025-10-07,9:40:14.326583897,T,KO,F,500,65.93
2025-10-07,9:40:14.326656057,T,KO,,100,65.92
2025-10-07,9:40:14.326662066,T,KO,,100,65.92
2025-10-07,9:40:14.326662066,T,KO,,400,65.92
2025-10-07,9:40:14.326665142,T,KO,I,33,65.92
2025-10-07,9:40:14.326677165,T,KO,I,1,65.92
2025-10-07,9:40:14.327001885,T,KO,F I,66,65.92
2025-10-07,9:40:14.884217099,T,KO,I,3,65.92
2025-10-07,9:40:14.963495360,T,KO,F,400,65.93
2025-10-07,9:40:14.963497859,T,KO,F,200,65.93
2025-10-07,9:40:14.963500913,T,KO,F,100,65.93
2025-10-07,9:40:14.964123441,T,KO,,100,65.92
2025-10-07,9:40:14.964123441,T,KO,,100,65.92
2025-10-07,9:40:14.964130431,T,KO,,100,65.92
2025-10-07,9:40:14.964130431,T,KO,,100,65.92
2025-10-07,9:40:14.964130431,T,KO,I,83,65.92
2025-10-07,9:40:14.964132400,T,KO,,400,65.92
2025-10-07,9:40:14.964138474,T,KO,I,25,65.92
2025-10-07,9:40:14.964138474,T,KO,I,50,65.92
2025-10-07,9:40:14.964138474,T,KO,I,37,65.92
2025-10-07,9:40:14.964141485,T,KO,I,63,65.92
2025-10-07,9:40:14.994436240,T,KO,F I,63,65.92
2025-10-07,9:40:14.994436240,T,KO,F,103,65.92
2025-10-07,9:40:14.994438569,T,KO,F I,5,65.92
2025-10-07,9:40:14.994460202,T,KO,I,1,65.92
2025-10-07,9:40:14.994462618,T,KO,I,1,65.92
2025-10-07,9:40:15.824024538,T,KO,I,80,65.92
2025-10-07,9:40:16.578311093,T,KO,F,100,65.92
2025-10-07,9:40:16.578311093,T,KO,F,100,65.92
2025-10-07,9:40:17.397209585,T,KO,,100,65.91
2025-10-07,9:40:17.397212591,T,KO,,100,65.91
2025-10-07,9:40:17.397231093,T,KO,I,1,65.91
2025-10-07,9:40:17.397233657,T,KO,I,6,65.91
2025-10-07,9:40:17.397239707,T,KO,F I,1,65.91
2025-10-07,9:40:17.397771924,T,KO,I,82,65.91
2025-10-07,9:40:19.533402288,T,KO,I,23,65.9
2025-10-07,9:40:19.533402288,T,KO,I,2,65.9
2025-10-07,9:40:19.533404946,T,KO,I,82,65.9
2025-10-07,9:40:19.533408087,T,KO,,100,65.9
2025-10-07,9:40:19.533410318,T,KO,,100,65.9
2025-10-07,9:40:19.533413337,T,KO,I,1,65.9
2025-10-07,9:40:19.533864466,T,KO,I,25,65.9
2025-10-07,9:40:19.533918606,T,KO,I,83,65.9
2025-10-07,9:40:19.950178971,T,KO,I,15,65.9
2025-10-07,9:40:19.950200100,T,KO,I,1,65.9
2025-10-07,9:40:20.854547013,T,KO,I,67,65.9
2025-10-07,9:40:22.783001290,T,KO,F I,1,65.92
2025-10-07,9:40:22.783004109,T,KO,F I,24,65.92
2025-10-07,9:40:23.591179089,T,KO,,100,65.925
2025-10-07,9:40:32.171665714,T,KO,F I,77,65.93
2025-10-07,9:40:35.690103278,T,KO,,100,65.93
2025-10-07,9:40:35.690105828,T,KO,,100,65.93
2025-10-07,9:40:35.690108780,T,KO,,100,65.93
2025-10-07,9:40:35.891095518,T,KO,I,23,65.92
2025-10-07,9:40:40.513103954,T,KO,,100,65.915
2025-10-07,9:40:43.017553109,T,KO,F,100,65.93
2025-10-07,9:40:43.017553109,T,KO,F I,1,65.93
2025-10-07,9:40:43.017555987,T,KO,F I,1,65.93
2025-10-07,9:40:46.105640977,T,KO,F I,5,65.94
2025-10-07,9:40:46.105643950,T,KO,F I,20,65.94
2025-10-07,9:40:46.782023951,T,KO,F I,13,65.94
2025-10-07,9:41:02.086113688,T,KO,,100,65.955
2025-10-07,9:41:03.391453620,T,KO,,100,65.97
2025-10-07,9:41:03.391480737,T,KO,I,85,65.97
2025-10-07,9:41:03.391501808,T,KO,I,4,65.97
2025-10-07,9:41:04.331255082,T,KO,F I,87,65.98
2025-10-07,9:41:11.416328120,T,KO,F,100,65.97
2025-10-07,9:41:11.416331177,T,KO,F,100,65.97
2025-10-07,9:41:11.416331177,T,KO,F,600,65.97
2025-10-07,9:41:11.416358214,T,KO,I,88,65.97
2025-10-07,9:41:11.416358214,T,KO,I,1,65.97
2025-10-07,9:41:11.416373685,T,KO,F,311,65.97
2025-10-07,9:41:14.010739304,T,KO,,100,65.96
2025-10-07,9:41:15.349957992,T,KO,F,300,65.96
2025-10-07,9:41:15.349957992,T,KO,F I,11,65.96
2025-10-07,9:41:15.494596515,T,KO,F I,9,65.94
2025-10-07,9:41:15.494599514,T,KO,F I,1,65.94
2025-10-07,9:41:16.666439757,T,KO,F,200,65.94
2025-10-07,9:41:16.666439757,T,KO,F I,4,65.94
2025-10-07,9:41:16.666442614,T,KO,F I,5,65.94
2025-10-07,9:41:19.813110171,T,KO,F,200,65.94
2025-10-07,9:41:19.813937206,T,KO,,100,65.94
2025-10-07,9:41:19.880551756,T,KO,I,44,65.94
2025-10-07,9:41:22.022009235,T,KO,F I,54,65.94
2025-10-07,9:41:22.022033585,T,KO,I,32,65.94
2025-10-07,9:41:22.022036240,T,KO,F,214,65.94
2025-10-07,9:41:22.968676055,T,KO,,100,65.93
2025-10-07,9:41:26.545803878,T,KO,F I,44,65.93
2025-10-07,9:41:26.545806863,T,KO,F,100,65.93
2025-10-07,9:41:31.654629939,T,KO,,100,65.93
2025-10-07,9:41:31.654632850,T,KO,,100,65.93
2025-10-07,9:41:38.967501725,T,KO,F I,32,65.92
2025-10-07,9:41:38.967501725,T,KO,F I,5,65.92
2025-10-07,9:41:38.967504889,T,KO,F I,1,65.92
2025-10-07,9:41:46.100749373,T,KO,F I,56,65.92
2025-10-07,9:41:46.100749373,T,KO,F,100,65.92
2025-10-07,9:41:46.101173223,T,KO,I,25,65.92
2025-10-07,9:41:46.101239424,T,KO,I,80,65.92
2025-10-07,9:41:49.678637847,T,KO,I,80,65.92
2025-10-07,9:41:49.679031791,T,KO,F I,2,65.92
2025-10-07,9:41:49.679185237,T,KO,I,78,65.92
2025-10-07,9:41:49.679185237,T,KO,,100,65.92
2025-10-07,9:41:51.192641794,T,KO,F I,1,65.91
2025-10-07,9:41:51.192641794,T,KO,F I,2,65.91
2025-10-07,9:41:51.192644812,T,KO,F I,87,65.91
2025-10-07,9:41:51.192659792,T,KO,I,12,65.91
2025-10-07,9:41:51.194602464,T,KO,F,193,65.91
2025-10-07,9:41:51.194620654,T,KO,I,1,65.91
2025-10-07,9:41:51.194641641,T,KO,,237,65.91
2025-10-07,9:41:52.553830928,T,KO,I,7,65.91
2025-10-07,9:41:53.609125941,T,KO,I,63,65.91
2025-10-07,9:41:53.609125941,T,KO,,100,65.91
2025-10-07,9:41:53.609128374,T,KO,,100,65.91
2025-10-07,9:41:53.612610691,T,KO,I,20,65.9
2025-10-07,9:41:53.612634660,T,KO,I,5,65.9
2025-10-07,9:41:53.612652784,T,KO,I,7,65.9
2025-10-07,9:41:53.612652784,T,KO,I,4,65.9
2025-10-07,9:41:54.737746496,T,KO,I,15,65.89
2025-10-07,9:41:54.737749513,T,KO,I,1,65.89
2025-10-07,9:41:54.737752498,T,KO,I,14,65.89
2025-10-07,9:41:54.737752498,T,KO,I,25,65.89
2025-10-07,9:41:54.737755473,T,KO,,100,65.89
2025-10-07,9:41:54.738231110,T,KO,I,25,65.89
2025-10-07,9:41:55.651596114,T,KO,F I,80,65.89
2025-10-07,9:41:57.574646235,T,KO,F I,14,65.9
2025-10-07,9:41:57.772773189,T,KO,F I,85,65.9
2025-10-07,9:41:57.772776166,T,KO,F I,15,65.9
2025-10-07,9:41:57.772794233,T,KO,I,1,65.9
2025-10-07,9:41:57.938768669,T,KO,I,85,65.9
2025-10-07,9:41:57.938768669,T,KO,I,15,65.9
2025-10-07,9:41:57.938792526,T,KO,I,1,65.9
2025-10-07,9:42:01.113838816,T,KO,F,100,65.905
2025-10-07,9:42:04.848280365,T,KO,F I,64,65.91
2025-10-07,9:42:04.848283441,T,KO,F,236,65.91
2025-10-07,9:42:05.251589357,T,KO,F,100,65.91
2025-10-07,9:42:05.251589357,T,KO,F,100,65.91
2025-10-07,9:42:05.251907724,T,KO,F I,1,65.91
2025-10-07,9:42:05.251910704,T,KO,F I,2,65.91
2025-10-07,9:42:05.265788791,T,KO,,100,65.905
2025-10-07,9:42:11.038040061,T,KO,F I,34,65.91
2025-10-07,9:42:11.038058017,T,KO,F I,66,65.91
2025-10-07,9:42:11.230474326,T,KO,F I,17,65.9
2025-10-07,9:42:11.230663951,T,KO,F I,83,65.9
2025-10-07,9:42:11.230663951,T,KO,F,100,65.9
2025-10-07,9:42:11.230666704,T,KO,F,100,65.9
2025-10-07,9:42:11.230904255,T,KO,F,100,65.9
2025-10-07,9:42:11.231018601,T,KO,I,25,65.9
2025-10-07,9:42:11.231111957,T,KO,,100,65.9
2025-10-07,9:42:11.231250562,T,KO,F I,25,65.9
2025-10-07,9:42:11.231432159,T,KO,,100,65.9
2025-10-07,9:42:11.231436705,T,KO,I,32,65.9
2025-10-07,9:42:11.231436705,T,KO,I,75,65.9
2025-10-07,9:42:11.231436705,T,KO,,100,65.9
2025-10-07,9:42:11.231440634,T,KO,I,89,65.9
2025-10-07,9:42:11.231442810,T,KO,,100,65.9
2025-10-07,9:42:15.423679491,T,KO,F I,5,65.91
2025-10-07,9:42:15.423685421,T,KO,F,100,65.91
2025-10-07,9:42:15.430057609,T,KO,I,58,65.91
2025-10-07,9:42:16.277181406,T,KO,F,100,65.92
2025-10-07,9:42:16.277199473,T,KO,I,1,65.92
2025-10-07,9:42:17.325210587,T,KO,I,1,65.92
2025-10-07,9:42:17.884987857,T,KO,F I,24,65.92
2025-10-07,9:42:17.884987857,T,KO,F I,5,65.92
2025-10-07,9:42:19.081754124,T,KO,F,100,65.92
2025-10-07,9:42:19.081754124,T,KO,F I,8,65.92
2025-10-07,9:42:19.081760202,T,KO,F I,25,65.92
2025-10-07,9:42:19.081760202,T,KO,F,109,65.92
2025-10-07,9:42:19.081766471,T,KO,F,200,65.92
2025-10-07,9:42:19.081766471,T,KO,F,100,65.92
2025-10-07,9:42:19.081976777,T,KO,F I,55,65.92
2025-10-07,9:42:19.082060930,T,KO,I,25,65.92
2025-10-07,9:42:19.082211220,T,KO,I,62,65.92
2025-10-07,9:42:19.082214314,T,KO,I,38,65.92
2025-10-07,9:42:19.082343547,T,KO,I,23,65.92
2025-10-07,9:42:19.082370744,T,KO,F I,18,65.92
2025-10-07,9:42:19.082370744,T,KO,F I,25,65.92
2025-10-07,9:42:19.082373757,T,KO,F I,12,65.92
2025-10-07,9:42:19.082373757,T,KO,F I,62,65.92
2025-10-07,9:42:19.746204696,T,KO,F,100,65.92
2025-10-07,9:42:26.031682140,T,KO,I,1,65.91
2025-10-07,9:42:26.287468461,T,KO,I,10,65.915
2025-10-07,9:42:30.512700028,T,KO,F,100,65.92
2025-10-07,9:42:30.515244002,T,KO,I,8,65.925
2025-10-07,9:42:34.389909442,T,KO,F,100,65.92
2025-10-07,9:42:34.389912939,T,KO,F I,33,65.92
2025-10-07,9:42:34.389915463,T,KO,F,100,65.92
2025-10-07,9:42:34.389918641,T,KO,F I,37,65.92
2025-10-07,9:42:34.389918641,T,KO,F,100,65.92
2025-10-07,9:42:35.158116133,T,KO,F I,70,65.91
2025-10-07,9:42:43.763529239,T,KO,,100,65.905
2025-10-07,9:42:43.763532269,T,KO,,100,65.905
2025-10-07,9:42:43.763532269,T,KO,I,33,65.91
2025-10-07,9:42:43.763535312,T,KO,I,5,65.91
2025-10-07,9:42:43.763535312,T,KO,I,70,65.91
2025-10-07,9:42:43.763676558,T,KO,,125,65.91
2025-10-07,9:42:43.763679667,T,KO,I,25,65.91
2025-10-07,9:42:43.763679667,T,KO,,158,65.91
2025-10-07,9:42:50.646250452,T,KO,F,200,65.9
2025-10-07,9:42:50.646250452,T,KO,F,193,65.9
2025-10-07,9:42:50.646280476,T,KO,,152,65.9
2025-10-07,9:42:50.646283386,T,KO,,100,65.9
2025-10-07,9:42:50.646806686,T,KO,I,25,65.9
2025-10-07,9:42:51.378548506,T,KO,F,100,65.895
2025-10-07,9:42:51.734626753,T,KO,I,4,65.89
2025-10-07,9:42:51.734626753,T,KO,I,25,65.89
2025-10-07,9:42:51.735077602,T,KO,I,50,65.89
2025-10-07,9:42:53.555358106,T,KO,I,25,65.89
2025-10-07,9:42:53.555361196,T,KO,,100,65.89
2025-10-07,9:42:53.555376394,T,KO,,101,65.89
2025-10-07,9:42:53.555379153,T,KO,I,1,65.89
2025-10-07,9:42:53.555727928,T,KO,I,20,65.89
2025-10-07,9:42:53.555758581,T,KO,I,30,65.89
2025-10-07,9:42:59.295083759,T,KO,I,4,65.88
2025-10-07,9:42:59.295083759,T,KO,I,30,65.88
2025-10-07,9:42:59.306501983,T,KO,I,6,65.875
2025-10-07,9:43:01.548909942,T,KO,F I,11,65.875
2025-10-07,9:43:01.548922237,T,KO,F I,9,65.875
2025-10-07,9:43:01.548922237,T,KO,F I,2,65.88
2025-10-07,9:43:01.548933886,T,KO,F I,9,65.88
2025-10-07,9:43:03.277790602,T,KO,I,18,65.88
2025-10-07,9:43:03.714295887,T,KO,F,100,65.88
2025-10-07,9:43:03.726341939,T,KO,,100,65.875
2025-10-07,9:43:04.109117601,T,KO,I,50,65.875
2025-10-07,9:43:07.971255485,T,KO,F I,10,65.87
2025-10-07,9:43:07.971259519,T,KO,F I,3,65.87
2025-10-07,9:43:07.971264477,T,KO,F,100,65.87
2025-10-07,9:43:07.971264477,T,KO,F,100,65.87
2025-10-07,9:43:07.971267403,T,KO,F,100,65.87
2025-10-07,9:43:07.971279754,T,KO,I,1,65.87
2025-10-07,9:43:07.971283538,T,KO,I,9,65.87
2025-10-07,9:43:09.206104445,T,KO,,100,65.875
2025-10-07,9:43:09.215525903,T,KO,F,400,65.88
2025-10-07,9:43:12.054738369,T,KO,,100,65.89
2025-10-07,9:43:12.054756489,T,KO,I,1,65.89
2025-10-07,9:43:12.137309475,T,KO,F I,91,65.89
2025-10-07,9:43:12.137312046,T,KO,F I,95,65.89
2025-10-07,9:43:12.137330088,T,KO,I,1,65.89
2025-10-07,9:43:12.137465306,T,KO,I,99,65.89
2025-10-07,9:43:12.177845493,T,KO,F I,14,65.89
2025-10-07,9:43:19.154101304,T,KO,I,10,65.895
2025-10-07,9:43:19.154673717,T,KO,F,100,65.9
2025-10-07,9:43:19.154673717,T,KO,F I,42,65.9
2025-10-07,9:43:19.154675884,T,KO,F,100,65.9
2025-10-07,9:43:19.154678737,T,KO,,100,65.9
2025-10-07,9:43:22.327870544,T,KO,,100,65.91
2025-10-07,9:43:22.327872481,T,KO,I,77,65.91
2025-10-07,9:43:28.778067342,T,KO,F,100,65.9
2025-10-07,9:43:28.778070316,T,KO,F I,5,65.9
2025-10-07,9:43:36.234997058,T,KO,F I,1,65.9
2025-10-07,9:43:36.235009126,T,KO,F I,1,65.9
2025-10-07,9:43:36.235012071,T,KO,F I,1,65.9
2025-10-07,9:43:36.235015263,T,KO,F I,1,65.9
2025-10-07,9:43:36.235021598,T,KO,F I,1,65.9
2025-10-07,9:43:36.235030100,T,KO,F I,1,65.9
2025-10-07,9:43:36.235288777,T,KO,F I,1,65.9
2025-10-07,9:43:36.235781945,T,KO,I,94,65.9
2025-10-07,9:43:36.546223312,T,KO,,100,65.895
2025-10-07,9:43:36.876770770,T,KO,F I,25,65.89
2025-10-07,9:43:36.876770770,T,KO,F,100,65.89
2025-10-07,9:43:36.876773610,T,KO,F,100,65.89
2025-10-07,9:43:36.877011226,T,KO,I,10,65.89
2025-10-07,9:43:45.380538585,T,KO,I,3,65.88
2025-10-07,9:43:45.380541583,T,KO,,100,65.88
2025-10-07,9:43:45.380541583,T,KO,I,2,65.88
2025-10-07,9:43:55.353912898,T,KO,F I,90,65.87
2025-10-07,9:43:57.182745731,T,KO,F I,2,65.88
2025-10-07,9:44:01.079697302,T,KO,F I,5,65.89
2025-10-07,9:44:02.975788321,T,KO,F I,81,65.9
2025-10-07,9:44:02.989350854,T,KO,I,78,65.9
2025-10-07,9:44:02.989354028,T,KO,I,25,65.9
2025-10-07,9:44:02.989356687,T,KO,,100,65.9
2025-10-07,9:44:02.989359700,T,KO,I,2,65.9
2025-10-07,9:44:02.989359700,T,KO,I,5,65.9
2025-10-07,9:44:05.427759368,T,KO,I,25,65.89
2025-10-07,9:44:05.428014963,T,KO,I,30,65.89
2025-10-07,9:44:05.428099269,T,KO,I,47,65.89
2025-10-07,9:44:07.240122066,T,KO,I,80,65.885
2025-10-07,9:44:07.624834297,T,KO,I,16,65.885
2025-10-07,9:44:09.386845115,T,KO,F I,34,65.885
2025-10-07,9:44:09.386848126,T,KO,F I,60,65.89
2025-10-07,9:44:09.386851131,T,KO,F I,34,65.89
2025-10-07,9:44:09.386884179,T,KO,I,18,65.89
2025-10-07,9:44:09.386926314,T,KO,I,42,65.89
2025-10-07,9:44:09.386941253,T,KO,F I,1,65.89
2025-10-07,9:44:09.913125522,T,KO,,100,65.89
2025-10-07,9:44:10.590037819,T,KO,,100,65.89
2025-10-07,9:44:10.590058873,T,KO,I,1,65.89
2025-10-07,9:44:13.021025384,T,KO,F I,48,65.9
2025-10-07,9:44:13.021025384,T,KO,F I,25,65.9
2025-10-07,9:44:13.021027847,T,KO,F I,27,65.9
2025-10-07,9:44:15.070439197,T,KO,F I,73,65.9
2025-10-07,9:44:15.070439197,T,KO,F I,64,65.9
2025-10-07,9:44:19.572774620,T,KO,I,10,65.905
2025-10-07,9:44:19.572783656,T,KO,F I,5,65.91
2025-10-07,9:44:19.583251650,T,KO,I,77,65.91
2025-10-07,9:44:19.583251650,T,KO,I,25,65.91
2025-10-07,9:44:24.439882009,T,KO,F I,77,65.91
2025-10-07,9:44:35.195178733,T,KO,F,100,65.91
2025-10-07,9:44:35.195178733,T,KO,F I,25,65.91
2025-10-07,9:44:35.237486410,T,KO,F,100,65.92
2025-10-07,9:44:35.237489563,T,KO,F,100,65.92
2025-10-07,9:44:35.237492473,T,KO,F I,25,65.92
2025-10-07,9:44:35.237805219,T,KO,F,100,65.92
2025-10-07,9:44:35.399028144,T,KO,I,10,65.925
2025-10-07,9:44:38.075562064,T,KO,I,10,65.925
2025-10-07,9:44:38.219743489,T,KO,I,4,65.925
2025-10-07,9:44:40.475542201,T,KO,F I,12,65.925
2025-10-07,9:44:40.475839977,T,KO,F I,12,65.925
2025-10-07,9:44:40.477454911,T,KO,I,7,65.93
2025-10-07,9:44:40.477457834,T,KO,I,1,65.93
2025-10-07,9:44:40.479412517,T,KO,,100,65.93
2025-10-07,9:44:44.616161298,T,KO,,100,65.925
2025-10-07,9:44:45.094005408,T,KO,F I,5,65.93
2025-10-07,9:44:46.475198114,T,KO,,100,65.94
2025-10-07,9:44:47.723967492,T,KO,I,25,65.94
2025-10-07,9:44:47.723991566,T,KO,,100,65.94
2025-10-07,9:44:51.864192477,T,KO,F I,48,65.93
2025-10-07,9:44:51.864195467,T,KO,F,200,65.93
2025-10-07,9:44:51.864210455,T,KO,I,1,65.93
2025-10-07,9:45:00.262165519,T,KO,,345,65.92
2025-10-07,9:45:00.262712831,T,KO,F,100,65.92
2025-10-07,9:45:00.262712831,T,KO,F I,84,65.92
2025-10-07,9:45:00.262715799,T,KO,F,100,65.92
2025-10-07,9:45:00.266725001,T,KO,F I,22,65.93
2025-10-07,9:45:00.394721288,T,KO,I,20,65.925
2025-10-07,9:45:00.479851158,T,KO,F I,61,65.93
2025-10-07,9:45:00.479851158,T,KO,F,100,65.93
2025-10-07,9:45:00.882359680,T,KO,,100,65.94
2025-10-07,9:45:01.874498207,T,KO,,105,65.93
2025-10-07,9:45:01.874498207,T,KO,,100,65.93
2025-10-07,9:45:01.874500908,T,KO,I,2,65.93
2025-10-07,9:45:01.874503791,T,KO,,100,65.93
2025-10-07,9:45:05.895783596,T,KO,I,10,65.93
2025-10-07,9:45:05.895804687,T,KO,I,1,65.93
2025-10-07,9:45:05.895852761,T,KO,I,68,65.93
2025-10-07,9:45:05.895906894,T,KO,I,35,65.93
2025-10-07,9:45:05.896824048,T,KO,F I,50,65.93
2025-10-07,9:45:05.896827663,T,KO,F,100,65.93
2025-10-07,9:45:06.246823019,T,KO,,100,65.93
2025-10-07,9:45:06.246823019,T,KO,I,35,65.93
2025-10-07,9:45:06.246827729,T,KO,I,15,65.93
2025-10-07,9:45:06.246827729,T,KO,I,35,65.93
2025-10-07,9:45:07.295750050,T,KO,F I,5,65.93
2025-10-07,9:45:08.990652858,T,KO,F I,4,65.94
2025-10-07,9:45:12.696496304,T,KO,F,400,65.96
2025-10-07,9:45:12.696499286,T,KO,F I,25,65.96
2025-10-07,9:45:12.885439260,T,KO,I,10,65.96
2025-10-07,9:45:12.885460317,T,KO,I,1,65.96
2025-10-07,9:45:12.885496481,T,KO,I,33,65.96
2025-10-07,9:45:12.885520532,T,KO,F,100,65.96
2025-10-07,9:45:13.889504528,T,KO,I,25,65.97
2025-10-07,9:45:13.889507012,T,KO,,100,65.97
2025-10-07,9:45:13.889509842,T,KO,I,33,65.97
2025-10-07,9:45:13.889512852,T,KO,,100,65.97
2025-10-07,9:45:13.897875699,T,KO,I,42,65.96
2025-10-07,9:45:13.897896801,T,KO,I,1,65.96
2025-10-07,9:45:13.897917804,T,KO,I,46,65.96
2025-10-07,9:45:13.897920994,T,KO,I,11,65.96
2025-10-07,9:45:14.534254930,T,KO,F,100,65.96
2025-10-07,9:45:14.534258403,T,KO,F,100,65.96
2025-10-07,9:45:14.534260788,T,KO,F I,25,65.96
2025-10-07,9:45:14.534260788,T,KO,F,278,65.96
2025-10-07,9:45:14.534275484,T,KO,F,122,65.96
2025-10-07,9:45:15.710484990,T,KO,I,54,65.96
2025-10-07,9:45:15.726245531,T,KO,I,46,65.96
2025-10-07,9:45:16.584820483,T,KO,,100,65.95
2025-10-07,9:45:17.951344116,T,KO,I,1,65.97
2025-10-07,9:45:21.404552942,T,KO,I,10,65.97
2025-10-07,9:45:21.404555907,T,KO,I,90,65.97
2025-10-07,9:45:21.410765764,T,KO,F,400,65.98
2025-10-07,9:45:21.410768698,T,KO,F I,25,65.98
2025-10-07,9:45:21.412720419,T,KO,F,100,65.99
2025-10-07,9:45:21.413033119,T,KO,F I,25,65.99
2025-10-07,9:45:21.413042099,T,KO,F I,25,65.99
2025-10-07,9:45:21.413046315,T,KO,F I,87,65.99
2025-10-07,9:45:21.413046315,T,KO,F,100,65.99
2025-10-07,9:45:21.675955362,T,KO,,100,65.975
2025-10-07,9:45:21.687920841,T,KO,F,399,65.97
2025-10-07,9:45:21.687944853,T,KO,I,1,65.97
2025-10-07,9:45:21.687947852,T,KO,F I,26,65.97
2025-10-07,9:45:21.687959901,T,KO,I,74,65.97
2025-10-07,9:45:21.689607824,T,KO,F I,33,65.97
2025-10-07,9:45:21.689610873,T,KO,F I,87,65.97
2025-10-07,9:45:21.689610873,T,KO,F,100,65.97
2025-10-07,9:45:24.168005810,T,KO,,100,65.99
2025-10-07,9:45:24.168008820,T,KO,,100,65.99
2025-10-07,9:45:24.168011884,T,KO,I,82,65.99
2025-10-07,9:45:27.912525234,T,KO,F I,33,65.99
2025-10-07,9:45:27.912528039,T,KO,F,100,65.99
2025-10-07,9:45:27.912530524,T,KO,F I,5,65.99
2025-10-07,9:45:27.912542547,T,KO,F,100,65.99
2025-10-07,9:45:27.912545517,T,KO,F,100,65.99
2025-10-07,9:45:30.373928956,T,KO,,100,65.99
2025-10-07,9:45:35.843912294,T,KO,I,29,66.0
2025-10-07,9:45:37.068329625,T,KO,I,20,66.0
2025-10-07,9:45:39.986558163,T,KO,F I,90,65.995
2025-10-07,9:45:39.986618253,T,KO,I,10,65.995
2025-10-07,9:45:39.986618253,T,KO,I,8,66.0
2025-10-07,9:45:39.988374495,T,KO,,335,65.995
2025-10-07,9:45:41.179325259,T,KO,I,11,66.0
2025-10-07,9:45:41.179325259,T,KO,I,28,66.0
2025-10-07,9:45:41.179331080,T,KO,I,5,66.0
2025-10-07,9:45:41.179334096,T,KO,I,52,66.0
2025-10-07,9:45:41.404122535,T,KO,,131,65.99
2025-10-07,9:45:43.817228963,T,KO,I,10,65.995
2025-10-07,9:45:43.981014314,T,KO,I,48,66.0
2025-10-07,9:45:43.981014314,T,KO,I,48,66.0
2025-10-07,9:45:43.981029079,T,KO,I,1,66.0
2025-10-07,9:45:43.981359916,T,KO,I,51,66.0
2025-10-07,9:45:43.981362898,T,KO,,100,66.0
2025-10-07,9:45:43.982099605,T,KO,F,100,66.0
2025-10-07,9:45:43.982123807,T,KO,I,8,66.0
2025-10-07,9:45:47.902736070,T,KO,I,80,66.02
2025-10-07,9:45:47.902736070,T,KO,I,25,66.02
2025-10-07,9:45:47.905493311,T,KO,I,88,66.02
2025-10-07,9:45:47.938448864,T,KO,F,100,66.015
2025-10-07,9:45:47.938452593,T,KO,F,100,66.015
2025-10-07,9:45:47.938452593,T,KO,F I,84,66.01
2025-10-07,9:45:47.938455110,T,KO,F I,25,66.01
2025-10-07,9:45:47.938457903,T,KO,F I,28,66.01
2025-10-07,9:45:47.938457903,T,KO,F,200,66.01
2025-10-07,9:45:47.938472843,T,KO,I,1,66.01
2025-10-07,9:45:48.290358992,T,KO,F I,84,66.02
2025-10-07,9:45:49.344261170,T,KO,F,400,66.02
2025-10-07,9:45:49.344264226,T,KO,F I,25,66.02
2025-10-07,9:45:49.344264226,T,KO,F I,11,66.02
2025-10-07,9:45:49.344270194,T,KO,F I,44,66.02
2025-10-07,9:45:49.344270194,T,KO,F I,71,66.02
2025-10-07,9:45:49.344420540,T,KO,,100,66.02
2025-10-07,9:45:49.344886587,T,KO,F I,25,66.02
2025-10-07,9:45:49.344938415,T,KO,F I,25,66.02
2025-10-07,9:45:49.456933545,T,KO,F I,59,66.02
2025-10-07,9:45:50.100541396,T,KO,I,20,66.02
2025-10-07,9:45:52.534764205,T,KO,F I,39,66.02
2025-10-07,9:45:52.534842413,T,KO,F I,39,66.02
2025-10-07,9:45:52.534854427,T,KO,I,25,66.02
2025-10-07,9:45:57.602314093,T,KO,,100,66.01
2025-10-07,9:45:57.602317388,T,KO,I,5,66.01
2025-10-07,9:45:57.602317388,T,KO,F,100,66.01
2025-10-07,9:45:57.602641914,T,KO,I,25,66.01
2025-10-07,9:46:00.340428624,T,KO,F I,2,66.01
2025-10-07,9:46:00.345937688,T,KO,I,79,66.01
2025-10-07,9:46:00.345940979,T,KO,I,35,66.01
2025-10-07,9:46:00.345940979,T,KO,I,25,66.01
2025-10-07,9:46:00.345952903,T,KO,F,100,66.01
2025-10-07,9:46:00.346295884,T,KO,I,25,66.01
2025-10-07,9:46:00.346295884,T,KO,I,15,66.01
2025-10-07,9:46:01.393447023,T,KO,F I,1,66.0
2025-10-07,9:46:01.393447023,T,KO,F I,5,66.0
2025-10-07,9:46:01.393461765,T,KO,F,100,66.0
2025-10-07,9:46:01.393840644,T,KO,I,35,66.0
2025-10-07,9:46:01.393840644,T,KO,I,5,66.0
2025-10-07,9:46:01.395169812,T,KO,I,50,65.995
2025-10-07,9:46:01.398279270,T,KO,I,20,65.99
2025-10-07,9:46:01.519470863,T,KO,I,3,65.99
2025-10-07,9:46:01.658762916,T,KO,F I,79,65.99
2025-10-07,9:46:01.658762916,T,KO,F I,79,65.99
2025-10-07,9:46:02.734995975,T,KO,F I,79,65.99
2025-10-07,9:46:02.734995975,T,KO,F I,11,65.99
2025-10-07,9:46:05.547712225,T,KO,F I,1,65.98
2025-10-07,9:46:05.547715204,T,KO,F I,1,65.98
2025-10-07,9:46:11.614048860,T,KO,,100,65.985
2025-10-07,9:46:11.618261897,T,KO,,100,65.99
2025-10-07,9:46:12.313278192,T,KO,F I,20,65.985
2025-10-07,9:46:12.313278192,T,KO,F I,80,65.985
2025-10-07,9:46:12.338143498,T,KO,,100,65.985
2025-10-07,9:46:12.346825144,T,KO,,100,65.985
2025-10-07,9:46:13.031432728,T,KO,,100,65.985
2025-10-07,9:46:13.031640227,T,KO,F,141,65.98
2025-10-07,9:46:13.031661323,T,KO,I,18,65.98
2025-10-07,9:46:13.031661323,T,KO,F I,79,65.98
2025-10-07,9:46:16.001134867,T,KO,,100,65.975
2025-10-07,9:46:19.174340705,T,KO,F I,90,65.975
2025-10-07,9:46:20.810796319,T,KO,F I,4,65.97
2025-10-07,9:46:20.810799380,T,KO,F I,5,65.97
2025-10-07,9:46:20.810802348,T,KO,F,108,65.97
2025-10-07,9:46:20.810817388,T,KO,I,1,65.97
2025-10-07,9:46:20.811127213,T,KO,I,25,65.97
2025-10-07,9:46:20.821243279,T,KO,I,81,65.97
2025-10-07,9:46:20.821246245,T,KO,I,25,65.97
2025-10-07,9:46:20.854231886,T,KO,,100,65.965
2025-10-07,9:46:22.356228253,T,KO,F,145,65.96
2025-10-07,9:46:24.164708621,T,KO,I,17,65.95
2025-10-07,9:46:24.164708621,T,KO,I,25,65.95
2025-10-07,9:46:33.713270295,T,KO,F I,81,65.94
2025-10-07,9:46:33.713270295,T,KO,F I,77,65.94
2025-10-07,9:46:33.713273183,T,KO,F I,2,65.94
2025-10-07,9:46:39.608018175,T,KO,F I,72,65.94
2025-10-07,9:46:39.608021232,T,KO,F I,18,65.94
2025-10-07,9:46:39.657377766,T,KO,,100,65.935
2025-10-07,9:46:39.722473850,T,KO,I,10,65.94
2025-10-07,9:46:44.451907369,T,KO,F I,5,65.93
2025-10-07,9:46:44.451907369,T,KO,F I,26,65.93
2025-10-07,9:46:44.451952397,T,KO,F I,74,65.93
2025-10-07,9:46:44.451955419,T,KO,F,160,65.93
2025-10-07,9:46:45.772680493,T,KO,I,30,65.93
2025-10-07,9:46:45.772683548,T,KO,I,25,65.93
2025-10-07,9:46:45.772686088,T,KO,I,19,65.93
2025-10-07,9:46:45.772686088,T,KO,I,26,65.93
2025-10-07,9:46:45.772977749,T,KO,F I,23,65.93
2025-10-07,9:46:45.776414861,T,KO,F I,51,65.93
2025-10-07,9:46:45.776417925,T,KO,F,100,65.93
2025-10-07,9:46:49.677002662,T,KO,,100,65.93
2025-10-07,9:46:49.677002662,T,KO,I,23,65.93
2025-10-07,9:46:49.677005348,T,KO,I,28,65.93
2025-10-07,9:46:49.677005348,T,KO,I,23,65.93
2025-10-07,9:46:49.677008365,T,KO,I,90,65.93
2025-10-07,9:46:49.677008365,T,KO,I,25,65.93
2025-10-07,9:47:03.037066908,T,KO,I,26,65.95
2025-10-07,9:47:03.464285577,T,KO,I,25,65.94
2025-10-07,9:47:03.464289024,T,KO,,100,65.94
2025-10-07,9:47:03.464291844,T,KO,,100,65.94
2025-10-07,9:47:03.464291844,T,KO,,100,65.94
2025-10-07,9:47:03.464294652,T,KO,I,1,65.94
2025-10-07,9:47:03.464294652,T,KO,,400,65.94
2025-10-07,9:47:03.464297528,T,KO,I,5,65.94
2025-10-07,9:47:03.465040306,T,KO,F I,34,65.93
2025-10-07,9:47:04.169838132,T,KO,I,1,65.94
2025-10-07,9:47:04.169841109,T,KO,I,25,65.94
2025-10-07,9:47:06.948858973,T,KO,F I,51,65.95
2025-10-07,9:47:06.948862090,T,KO,F I,8,65.95
2025-10-07,9:47:06.948865001,T,KO,F I,5,65.95
2025-10-07,9:47:06.948865001,T,KO,F I,57,65.95
2025-10-07,9:47:06.950070845,T,KO,F I,77,65.96
2025-10-07,9:47:06.950073839,T,KO,F I,60,65.96
2025-10-07,9:47:12.055940872,T,KO,,100,65.97
2025-10-07,9:47:12.055944229,T,KO,,100,65.97
2025-10-07,9:47:12.055944229,T,KO,,100,65.97
2025-10-07,9:47:12.055947049,T,KO,I,25,65.97
2025-10-07,9:47:12.056125185,T,KO,I,25,65.97
2025-10-07,9:47:12.056169472,T,KO,I,50,65.97
2025-10-07,9:47:12.065837424,T,KO,,100,65.965
2025-10-07,9:47:12.183402439,T,KO,,100,65.975
2025-10-07,9:47:12.835186882,T,KO,I,50,65.975
2025-10-07,9:47:16.180119826,T,KO,,169,65.98
2025-10-07,9:47:16.180143879,T,KO,,100,65.98
2025-10-07,9:47:16.180143879,T,KO,I,1,65.98
2025-10-07,9:47:16.180156357,T,KO,F,130,65.98
2025-10-07,9:47:16.180156357,T,KO,F I,25,65.98
2025-10-07,9:47:16.180158861,T,KO,F I,14,65.98
2025-10-07,9:47:17.294054015,T,KO,F I,60,65.98
2025-10-07,9:47:17.294114149,T,KO,I,49,65.98
2025-10-07,9:47:20.803767335,T,KO,I,16,65.98
2025-10-07,9:47:21.899995296,T,KO,I,50,65.99
2025-10-07,9:47:21.907438038,T,KO,F I,87,65.99
2025-10-07,9:47:21.910256072,T,KO,I,87,65.99
2025-10-07,9:47:21.910256072,T,KO,I,87,65.99
2025-10-07,9:47:21.910258666,T,KO,,100,65.99
2025-10-07,9:47:23.612685508,T,KO,,400,66.0
2025-10-07,9:47:23.625508409,T,KO,,100,66.01
2025-10-07,9:47:23.625508409,T,KO,,100,66.01
2025-10-07,9:47:23.625511126,T,KO,,100,66.01
2025-10-07,9:47:23.625532391,T,KO,,100,66.01
2025-10-07,9:47:23.760695062,T,KO,,100,66.02
2025-10-07,9:47:23.760716150,T,KO,I,44,66.02
2025-10-07,9:47:23.760728064,T,KO,F I,56,66.02
2025-10-07,9:47:25.881129697,T,KO,I,25,66.02
2025-10-07,9:47:25.881132811,T,KO,I,87,66.02
2025-10-07,9:47:25.881463223,T,KO,I,22,66.02
2025-10-07,9:47:25.882918708,T,KO,F,100,66.02
2025-10-07,9:47:27.268240223,T,KO,I,25,66.02
2025-10-07,9:47:27.268540973,T,KO,I,25,66.02
2025-10-07,9:47:27.272230695,T,KO,I,89,66.02
2025-10-07,9:47:33.496635993,T,KO,I,21,66.02
2025-10-07,9:47:35.476927681,T,KO,,100,66.01
2025-10-07,9:47:35.476978880,T,KO,I,20,66.01
2025-10-07,9:47:45.659435142,T,KO,F I,48,66.01
2025-10-07,9:47:47.309612506,T,KO,F I,25,66.01
2025-10-07,9:47:47.309615512,T,KO,F I,65,66.01
2025-10-07,9:47:47.311816753,T,KO,F,135,66.01
2025-10-07,9:47:47.311877577,T,KO,I,92,66.01
2025-10-07,9:47:47.311900910,T,KO,I,8,66.01
2025-10-07,9:47:47.311900910,T,KO,I,80,66.01
2025-10-07,9:47:47.311904775,T,KO,I,12,66.01
2025-10-07,9:47:47.311933983,T,KO,I,88,66.01
2025-10-07,9:47:47.311937162,T,KO,,100,66.01
2025-10-07,9:47:47.311940041,T,KO,,100,66.01
2025-10-07,9:47:47.311940041,T,KO,,100,66.01
2025-10-07,9:47:47.311943009,T,KO,I,50,66.01
2025-10-07,9:47:47.312541919,T,KO,F I,80,66.01
2025-10-07,9:47:47.312545369,T,KO,F,100,66.01
2025-10-07,9:47:47.312551072,T,KO,F I,36,66.01
2025-10-07,9:47:47.312551072,T,KO,F I,80,66.01
2025-10-07,9:47:47.312551072,T,KO,F,100,66.01
2025-10-07,9:47:47.312554031,T,KO,F,400,66.01
2025-10-07,9:47:48.568645256,T,KO,,100,66.01
2025-10-07,9:47:48.568649046,T,KO,I,36,66.01
2025-10-07,9:47:48.568649046,T,KO,I,70,66.01
2025-10-07,9:47:48.568666323,T,KO,I,30,66.01
2025-10-07,9:47:48.568669433,T,KO,I,21,66.01
2025-10-07,9:47:48.568669433,T,KO,I,1,66.01
2025-10-07,9:47:48.570536863,T,KO,I,25,66.01
2025-10-07,9:47:48.570539950,T,KO,I,47,66.01
2025-10-07,9:47:48.570539950,T,KO,I,7,66.01
2025-10-07,9:47:50.850013993,T,KO,I,47,66.01
2025-10-07,9:47:50.865314417,T,KO,,100,66.015
2025-10-07,9:47:54.111477073,T,KO,I,3,66.0
2025-10-07,9:47:54.111834925,T,KO,I,53,66.01
2025-10-07,9:47:54.211829051,T,KO,I,79,66.01
2025-10-07,9:47:54.718884750,T,KO,,100,66.01
2025-10-07,9:47:54.719675646,T,KO,,100,66.015
2025-10-07,9:47:55.395249682,T,KO,I,50,66.02
2025-10-07,9:48:03.807699257,T,KO,F I,97,66.0
2025-10-07,9:48:03.807699257,T,KO,F I,4,66.0
2025-10-07,9:48:08.172334038,T,KO,,100,65.99
2025-10-07,9:48:08.172337050,T,KO,,100,65.99
2025-10-07,9:48:08.172659592,T,KO,I,25,65.99
2025-10-07,9:48:08.172797111,T,KO,,100,65.99
2025-10-07,9:48:08.632321529,T,KO,F I,91,65.99
2025-10-07,9:48:08.632321529,T,KO,F I,17,65.99
2025-10-07,9:48:09.554052851,T,KO,I,40,65.99
2025-10-07,9:48:11.981010222,T,KO,F I,5,65.99
2025-10-07,9:48:17.100352372,T,KO,,100,65.995
2025-10-07,9:48:17.517999201,T,KO,F I,50,65.99
2025-10-07,9:48:21.684870766,T,KO,F I,2,66.0
2025-10-07,9:48:21.684870766,T,KO,F I,71,66.0
2025-10-07,9:48:21.685057122,T,KO,F I,1,66.0
2025-10-07,9:48:28.965475705,T,KO,F,108,66.01
2025-10-07,9:48:29.061476295,T,KO,F I,10,66.03
2025-10-07,9:48:29.061476295,T,KO,F I,25,66.03
2025-10-07,9:48:29.062529648,T,KO,F I,65,66.04
2025-10-07,9:48:29.317470029,T,KO,,100,66.04
2025-10-07,9:48:29.368691075,T,KO,I,40,66.03
2025-10-07,9:48:33.652441925,T,KO,F,100,66.03
2025-10-07,9:48:33.652444869,T,KO,F I,25,66.03
2025-10-07,9:48:33.652463260,T,KO,I,1,66.03
2025-10-07,9:48:33.652727579,T,KO,I,99,66.03
2025-10-07,9:48:33.652754530,T,KO,I,40,66.03
2025-10-07,9:48:33.653347486,T,KO,I,83,66.03
2025-10-07,9:48:33.653350076,T,KO,,100,66.03
2025-10-07,9:48:33.653353009,T,KO,I,60,66.03
2025-10-07,9:48:35.111002797,T,KO,F I,5,66.04
2025-10-07,9:48:35.935687276,T,KO,F I,2,66.05
2025-10-07,9:48:39.039701160,T,KO,I,83,66.07
2025-10-07,9:48:39.039704160,T,KO,I,15,66.07
2025-10-07,9:48:39.974056742,T,KO,F,100,66.06
2025-10-07,9:48:46.740821749,T,KO,,100,66.05
2025-10-07,9:48:49.999073049,T,KO,F,100,66.05
2025-10-07,9:48:50.006500766,T,KO,I,21,66.06
2025-10-07,9:48:50.006790368,T,KO,I,25,66.06
2025-10-07,9:48:50.006793538,T,KO,I,25,66.06
2025-10-07,9:48:50.006799601,T,KO,I,87,66.06
2025-10-07,9:48:50.006799601,T,KO,,100,66.06
2025-10-07,9:48:50.006799601,T,KO,,100,66.06
2025-10-07,9:48:50.006804460,T,KO,I,1,66.06
2025-10-07,9:48:50.007088143,T,KO,I,87,66.06
2025-10-07,9:48:50.007090329,T,KO,,100,66.06
2025-10-07,9:48:50.007093851,T,KO,,100,66.06
2025-10-07,9:48:50.007093851,T,KO,I,87,66.06
2025-10-07,9:48:50.007096191,T,KO,I,25,66.06
2025-10-07,9:48:50.007099088,T,KO,,200,66.06
2025-10-07,9:48:50.022090071,T,KO,,100,66.065
2025-10-07,9:48:50.022092811,T,KO,,200,66.07
2025-10-07,9:48:50.022096363,T,KO,I,17,66.07
2025-10-07,9:48:50.022096363,T,KO,I,25,66.07
2025-10-07,9:48:50.022098885,T,KO,,100,66.07
2025-10-07,9:48:50.022101872,T,KO,I,1,66.07
2025-10-07,9:48:50.022104939,T,KO,,300,66.07
2025-10-07,9:48:50.260584991,T,KO,F,100,66.075
2025-10-07,9:48:50.260584991,T,KO,F I,2,66.07
2025-10-07,9:48:50.260590920,T,KO,F I,10,66.07
2025-10-07,9:48:50.260954788,T,KO,F I,10,66.07
2025-10-07,9:48:50.260975919,T,KO,I,65,66.07
2025-10-07,9:48:53.959451639,T,KO,,100,66.055
2025-10-07,9:48:57.181767571,T,KO,,100,66.06
2025-10-07,9:49:00.521001883,T,KO,F I,8,66.06
2025-10-07,9:49:00.521001883,T,KO,F I,80,66.06
2025-10-07,9:49:01.790466412,T,KO,I,66,66.07
2025-10-07,9:49:01.792258717,T,KO,,100,66.065
2025-10-07,9:49:01.792616530,T,KO,I,5,66.07
2025-10-07,9:49:01.792616530,T,KO,I,1,66.07
2025-10-07,9:49:01.805144461,T,KO,I,96,66.07
2025-10-07,9:49:02.022703634,T,KO,I,96,66.07
2025-10-07,9:49:02.223323339,T,KO,,100,66.07
2025-10-07,9:49:03.056914836,T,KO,,100,66.07
2025-10-07,9:49:03.056917844,T,KO,,100,66.07
2025-10-07,9:49:07.539270814,T,KO,I,69,66.075
2025-10-07,9:49:07.581644676,T,KO,I,66,66.08
2025-10-07,9:49:07.581647634,T,KO,I,9,66.08
2025-10-07,9:49:07.660014289,T,KO,F I,6,66.09
2025-10-07,9:49:07.660047515,T,KO,,100,66.09
2025-10-07,9:49:07.660047515,T,KO,I,93,66.09
2025-10-07,9:49:07.660050449,T,KO,I,7,66.09
2025-10-07,9:49:07.660068596,T,KO,I,1,66.09
2025-10-07,9:49:07.660068596,T,KO,I,30,66.09
2025-10-07,9:49:07.660071436,T,KO,I,25,66.09
2025-10-07,9:49:07.660188799,T,KO,F I,6,66.09
2025-10-07,9:49:07.663466668,T,KO,I,87,66.09
2025-10-07,9:49:07.663469548,T,KO,I,13,66.09
2025-10-07,9:49:07.681377173,T,KO,I,25,66.09
2025-10-07,9:49:13.381907653,T,KO,,100,66.09
2025-10-07,9:49:13.388613723,T,KO,I,7,66.08
2025-10-07,9:49:13.388617491,T,KO,I,4,66.08
2025-10-07,9:49:13.388620001,T,KO,I,3,66.08
2025-10-07,9:49:13.388622858,T,KO,,400,66.08
2025-10-07,9:49:13.388625623,T,KO,I,77,66.08
2025-10-07,9:49:13.388625623,T,KO,I,23,66.08
2025-10-07,9:49:13.388628624,T,KO,,153,66.08
2025-10-07,9:49:13.388628624,T,KO,I,25,66.08
2025-10-07,9:49:13.388640723,T,KO,,100,66.08
2025-10-07,9:49:13.389065257,T,KO,I,25,66.08
2025-10-07,9:49:13.389068394,T,KO,I,25,66.08
2025-10-07,9:49:13.389121908,T,KO,F,100,66.08
2025-10-07,9:49:13.389127915,T,KO,F,100,66.08
2025-10-07,9:49:13.640632590,T,KO,,100,66.07
2025-10-07,9:49:13.640635917,T,KO,,153,66.07
2025-10-07,9:49:13.640635917,T,KO,I,25,66.07
2025-10-07,9:49:13.640637906,T,KO,F,100,66.07
2025-10-07,9:49:17.060662707,T,KO,,150,66.065
2025-10-07,9:49:18.318056600,T,KO,F,100,66.07
2025-10-07,9:49:23.346886195,T,KO,F,100,66.06
2025-10-07,9:49:23.346886195,T,KO,F I,25,66.06
2025-10-07,9:49:23.346973451,T,KO,F I,25,66.06
2025-10-07,9:49:23.708200163,T,KO,F I,25,66.06
2025-10-07,9:49:23.708200163,T,KO,F,100,66.06
2025-10-07,9:49:23.708202791,T,KO,F,100,66.06
2025-10-07,9:49:23.708642505,T,KO,F,267,66.06
2025-10-07,9:49:23.727326155,T,KO,I,97,66.06
2025-10-07,9:49:23.727328912,T,KO,,100,66.06
2025-10-07,9:49:23.727334367,T,KO,I,35,66.06
2025-10-07,9:49:23.727352656,T,KO,F I,25,66.06
2025-10-07,9:49:23.727352656,T,KO,F I,65,66.06
2025-10-07,9:49:23.727355429,T,KO,I,1,66.06
2025-10-07,9:49:28.211657160,T,KO,F I,2,66.05
2025-10-07,9:49:30.392442427,T,KO,F,100,66.045
2025-10-07,9:49:30.392449529,T,KO,F I,26,66.05
2025-10-07,9:49:30.392449529,T,KO,F,155,66.05
2025-10-07,9:49:30.392451441,T,KO,F,124,66.05
2025-10-07,9:49:30.392454681,T,KO,F I,25,66.05
2025-10-07,9:49:30.392454681,T,KO,F,100,66.05
2025-10-07,9:49:30.392458724,T,KO,F I,30,66.05
2025-10-07,9:49:30.676237354,T,KO,F,100,66.05
2025-10-07,9:49:34.435274720,T,KO,F,100,66.05
2025-10-07,9:49:34.435277612,T,KO,F I,73,66.05
2025-10-07,9:49:35.080515517,T,KO,I,8,66.055
2025-10-07,9:49:36.212769387,T,KO,F I,31,66.04
2025-10-07,9:49:36.212769387,T,KO,F I,25,66.04
2025-10-07,9:49:36.212775150,T,KO,F,159,66.04
2025-10-07,9:49:36.212775150,T,KO,F I,9,66.04
2025-10-07,9:49:36.213069876,T,KO,I,3,66.04
2025-10-07,9:49:36.213874124,T,KO,F I,25,66.04
2025-10-07,9:49:36.213875824,T,KO,F,100,66.04
2025-10-07,9:49:36.213882012,T,KO,F,100,66.04
2025-10-07,9:49:36.213884817,T,KO,F I,39,66.04
2025-10-07,9:49:36.213884817,T,KO,F,200,66.04
2025-10-07,9:49:36.213884817,T,KO,F,100,66.04
2025-10-07,9:49:36.213903244,T,KO,I,40,66.04
2025-10-07,9:49:38.230214314,T,KO,,150,66.045
2025-10-07,9:49:38.910552137,T,KO,,151,66.05
2025-10-07,9:49:38.910555008,T,KO,I,10,66.05
2025-10-07,9:49:38.910555008,T,KO,I,39,66.05
2025-10-07,9:49:38.910570626,T,KO,I,5,66.05
2025-10-07,9:49:38.910572756,T,KO,F I,55,66.05
2025-10-07,9:49:38.923816313,T,KO,,100,66.055
2025-10-07,9:49:39.874425635,T,KO,F I,25,66.05
2025-10-07,9:49:39.874428503,T,KO,F I,39,66.05
2025-10-07,9:49:39.874432071,T,KO,F,100,66.05
2025-10-07,9:49:39.874432071,T,KO,F I,36,66.05
2025-10-07,9:49:39.874444535,T,KO,I,1,66.05
2025-10-07,9:49:39.874452477,T,KO,I,63,66.05
2025-10-07,9:49:39.874462077,T,KO,I,1,66.05
2025-10-07,9:49:40.636437354,T,KO,I,40,66.045
2025-10-07,9:49:40.756161654,T,KO,F I,39,66.05
2025-10-07,9:49:41.022641254,T,KO,F,100,66.05
2025-10-07,9:49:41.022641254,T,KO,F I,44,66.05
2025-10-07,9:49:41.232712618,T,KO,I,56,66.05
2025-10-07,9:49:44.279566592,T,KO,F,100,66.05
2025-10-07,9:49:44.279584566,T,KO,I,1,66.05
2025-10-07,9:49:46.248993298,T,KO,F I,99,66.05
2025-10-07,9:49:46.249014352,T,KO,I,1,66.05
2025-10-07,9:49:46.249180015,T,KO,I,10,66.05
2025-10-07,9:49:49.823999168,T,KO,F,400,66.04
2025-10-07,9:49:49.823999168,T,KO,F I,25,66.04
2025-10-07,9:49:49.824004795,T,KO,F,100,66.04
2025-10-07,9:49:49.824013268,T,KO,I,1,66.04
2025-10-07,9:49:50.779301519,T,KO,I,6,66.04
2025-10-07,9:49:51.206841885,T,KO,I,20,66.04
2025-10-07,9:49:52.707704517,T,KO,I,39,66.04
2025-10-07,9:49:52.707704517,T,KO,I,25,66.04
2025-10-07,9:49:52.821724331,T,KO,F,100,66.04
2025-10-07,9:49:52.821724331,T,KO,F I,15,66.04
2025-10-07,9:49:54.257355450,T,KO,F,100,66.04
2025-10-07,9:49:54.349867793,T,KO,,100,66.04
2025-10-07,9:49:54.349882863,T,KO,I,1,66.04
2025-10-07,9:49:54.363697717,T,KO,I,18,66.04
2025-10-07,9:49:54.363697717,T,KO,I,82,66.04
2025-10-07,9:49:54.659608524,T,KO,F,100,66.04
2025-10-07,9:49:54.660035592,T,KO,F,100,66.04
2025-10-07,9:49:54.660035592,T,KO,F I,76,66.04
2025-10-07,9:49:54.660065659,T,KO,F I,24,66.04
2025-10-07,9:49:54.660068858,T,KO,F,100,66.04
2025-10-07,9:49:54.660071765,T,KO,F I,40,66.04
2025-10-07,9:49:54.660074684,T,KO,F,164,66.04
2025-10-07,9:49:54.787572329,T,KO,I,10,66.035
2025-10-07,9:49:54.787638481,T,KO,I,90,66.035
2025-10-07,9:49:54.787641555,T,KO,I,46,66.035
2025-10-07,9:49:58.295183701,T,KO,F I,40,66.03
2025-10-07,9:49:58.295187057,T,KO,F I,40,66.03
2025-10-07,9:49:58.295219777,T,KO,I,40,66.03
2025-10-07,9:50:00.009566952,T,KO,I,1,66.025
2025-10-07,9:50:03.164203676,T,KO,,100,66.025
2025-10-07,9:50:05.359612485,T,KO,F,100,66.01
2025-10-07,9:50:06.158017836,T,KO,F,100,66.01
2025-10-07,9:50:06.158017836,T,KO,F,100,66.01
2025-10-07,9:50:06.158020536,T,KO,F I,1,66.01
2025-10-07,9:50:06.358050601,T,KO,,100,66.005
2025-10-07,9:50:07.257059737,T,KO,I,10,66.005
2025-10-07,9:50:08.682641227,T,KO,,137,66.01
2025-10-07,9:50:09.067314952,T,KO,F,122,66.02
2025-10-07,9:50:09.067317603,T,KO,F I,3,66.02
2025-10-07,9:50:10.544333346,T,KO,,100,66.025
2025-10-07,9:50:12.129510836,T,KO,,100,66.03
2025-10-07,9:50:12.129510836,T,KO,I,57,66.03
2025-10-07,9:50:13.571487264,T,KO,F,100,66.03
2025-10-07,9:50:13.571487264,T,KO,F,100,66.03
2025-10-07,9:50:13.928846392,T,KO,F,100,66.02
2025-10-07,9:50:13.928846392,T,KO,F,100,66.02
2025-10-07,9:50:18.509311105,T,KO,,100,66.025
2025-10-07,9:50:18.999881881,T,KO,F I,10,66.025
2025-10-07,9:50:18.999885329,T,KO,F I,29,66.03
2025-10-07,9:50:18.999885329,T,KO,F I,68,66.03
2025-10-07,9:50:18.999887542,T,KO,F I,10,66.03
2025-10-07,9:50:19.117464551,T,KO,F,100,66.03
2025-10-07,9:50:19.117464551,T,KO,F I,3,66.03
2025-10-07,9:50:19.199581392,T,KO,F,100,66.02
2025-10-07,9:50:19.199584230,T,KO,F I,25,66.02
2025-10-07,9:50:19.199587233,T,KO,F,400,66.02
2025-10-07,9:50:19.199587233,T,KO,F,100,66.02
2025-10-07,9:50:19.577064202,T,KO,,100,66.015
2025-10-07,9:50:19.578471901,T,KO,F,100,66.015
2025-10-07,9:50:19.578474738,T,KO,F,400,66.01
2025-10-07,9:50:19.578474738,T,KO,F I,25,66.01
2025-10-07,9:50:19.578474738,T,KO,F I,50,66.01
2025-10-07,9:50:19.578492599,T,KO,I,1,66.01
2025-10-07,9:50:21.992197471,T,KO,I,98,66.01
2025-10-07,9:50:21.992215488,T,KO,I,1,66.01
2025-10-07,9:50:22.845179132,T,KO,,100,66.01
2025-10-07,9:50:23.912565404,T,KO,,200,66.01
2025-10-07,9:50:24.918476248,T,KO,F I,1,66.0
2025-10-07,9:50:24.918479218,T,KO,F I,1,66.0
2025-10-07,9:50:24.918479218,T,KO,F,100,66.0
2025-10-07,9:50:24.918500274,T,KO,F,100,66.0
2025-10-07,9:50:24.918500274,T,KO,F,800,66.0
2025-10-07,9:50:24.936119235,T,KO,I,20,65.995
2025-10-07,9:50:24.938657335,T,KO,,100,65.995
2025-10-07,9:50:25.120858472,T,KO,F I,25,66.0
2025-10-07,9:50:26.136395036,T,KO,,100,66.0
2025-10-07,9:50:26.136909310,T,KO,F,150,66.0
2025-10-07,9:50:26.850647263,T,KO,,100,66.0
2025-10-07,9:50:29.750938155,T,KO,,100,66.005
2025-10-07,9:50:43.136765177,T,KO,,100,66.0
2025-10-07,9:50:43.136768250,T,KO,,100,66.0
2025-10-07,9:50:43.136771285,T,KO,I,3,66.0
2025-10-07,9:50:43.136804338,T,KO,F,103,66.0
2025-10-07,9:50:43.136831419,T,KO,F I,6,66.0
2025-10-07,9:50:43.136831419,T,KO,F,897,66.0
2025-10-07,9:50:43.136861556,T,KO,F I,6,66.0
2025-10-07,9:50:43.136891562,T,KO,I,94,66.0
2025-10-07,9:50:43.137065916,T,KO,F,100,66.0
2025-10-07,9:50:43.137069678,T,KO,F,100,66.0
2025-10-07,9:50:43.137069678,T,KO,F,100,66.0
2025-10-07,9:50:43.151187637,T,KO,,100,65.995
2025-10-07,9:50:43.810712473,T,KO,I,10,65.995
2025-10-07,9:50:47.962662540,T,KO,I,25,66.0
2025-10-07,9:50:47.967552734,T,KO,I,88,66.0
2025-10-07,9:50:47.967555364,T,KO,,100,66.0
2025-10-07,9:50:47.967558211,T,KO,I,54,66.0
2025-10-07,9:50:47.967582205,T,KO,I,1,66.0
2025-10-07,9:50:47.968048414,T,KO,I,14,66.0
2025-10-07,9:50:47.987212993,T,KO,,100,65.995
2025-10-07,9:50:48.128209853,T,KO,,100,66.0
2025-10-07,9:50:48.128213475,T,KO,I,86,66.0
2025-10-07,9:50:48.128215791,T,KO,I,88,66.0
2025-10-07,9:50:53.311989629,T,KO,I,20,66.005
2025-10-07,9:50:54.098362540,T,KO,,146,66.01
2025-10-07,9:50:54.098369211,T,KO,I,5,66.01
2025-10-07,9:50:54.098371491,T,KO,I,51,66.01
2025-10-07,9:50:54.098371491,T,KO,,200,66.01
2025-10-07,9:50:54.098377584,T,KO,I,68,66.01
2025-10-07,9:50:54.098377584,T,KO,,100,66.01
2025-10-07,9:50:54.098377584,T,KO,I,6,66.01
2025-10-07,9:50:54.098651183,T,KO,I,32,66.01
2025-10-07,9:50:54.099550315,T,KO,I,68,66.01
2025-10-07,9:50:54.099553373,T,KO,I,32,66.01
2025-10-07,9:50:54.099607515,T,KO,F I,87,66.01
2025-10-07,9:50:54.099617193,T,KO,F I,42,66.01
2025-10-07,9:50:54.099617193,T,KO,F I,86,66.01
2025-10-07,9:50:56.189531413,T,KO,F I,10,66.0
2025-10-07,9:50:56.189534183,T,KO,F,100,66.0
2025-10-07,9:50:56.189534183,T,KO,F,100,66.0
2025-10-07,9:50:56.189537408,T,KO,F,100,66.0
2025-10-07,9:50:56.189816917,T,KO,F,100,66.0
2025-10-07,9:50:56.189831964,T,KO,F,100,66.0
2025-10-07,9:50:56.619654695,T,KO,,100,65.995
2025-10-07,9:50:57.149357366,T,KO,F I,87,66.0
2025-10-07,9:50:57.149360321,T,KO,F,100,66.0
2025-10-07,9:50:57.150006884,T,KO,F I,25,66.01
2025-10-07,9:50:57.150319598,T,KO,F I,43,66.01
2025-10-07,9:50:57.151624711,T,KO,,100,66.01
2025-10-07,9:51:00.323140582,T,KO,F,100,66.01
2025-10-07,9:51:00.323143654,T,KO,F,300,66.01
2025-10-07,9:51:01.111381053,T,KO,,100,66.0
2025-10-07,9:51:01.111384579,T,KO,I,10,66.0
2025-10-07,9:51:01.111387077,T,KO,,100,66.0
2025-10-07,9:51:01.111387077,T,KO,,200,66.0
2025-10-07,9:51:01.111390075,T,KO,,100,66.0
2025-10-07,9:51:03.725937770,T,KO,F I,1,66.0
2025-10-07,9:51:03.725937770,T,KO,F I,25,66.0
2025-10-07,9:51:03.725940354,T,KO,F,400,66.0
2025-10-07,9:51:03.727095676,T,KO,,100,66.0
2025-10-07,9:51:03.727098378,T,KO,I,85,66.0
2025-10-07,9:51:03.727101879,T,KO,,100,66.0
2025-10-07,9:51:03.727101879,T,KO,I,25,66.0
2025-10-07,9:51:03.727296614,T,KO,,100,66.0
2025-10-07,9:51:08.444018788,T,KO,F,100,66.0
2025-10-07,9:51:08.444039780,T,KO,F I,6,66.0
2025-10-07,9:51:08.444042814,T,KO,F I,1,66.0
2025-10-07,9:51:08.444268402,T,KO,F I,78,66.0
2025-10-07,9:51:13.807702270,T,KO,F I,2,66.01
2025-10-07,9:51:13.807702270,T,KO,F I,63,66.01
2025-10-07,9:51:13.807704771,T,KO,F I,40,66.01
2025-10-07,9:51:13.807704771,T,KO,F I,1,66.01
2025-10-07,9:51:13.811045727,T,KO,F I,17,66.01
2025-10-07,9:51:13.811430663,T,KO,I,57,66.01
2025-10-07,9:51:13.811433718,T,KO,I,87,66.01
2025-10-07,9:51:19.843074096,T,KO,F I,87,66.01
2025-10-07,9:51:19.843077141,T,KO,F,100,66.01
2025-10-07,9:51:19.843077141,T,KO,F I,47,66.01
2025-10-07,9:51:33.274050919,T,KO,F I,59,66.02
2025-10-07,9:51:33.274053403,T,KO,F I,94,66.02
2025-10-07,9:51:33.274056433,T,KO,F,100,66.02
2025-10-07,9:51:33.274056433,T,KO,F I,5,66.02
2025-10-07,9:51:33.274059451,T,KO,F,100,66.02
2025-10-07,9:51:33.277872510,T,KO,F I,63,66.03
2025-10-07,9:51:33.311444442,T,KO,,100,66.035
2025-10-07,9:51:35.310398662,T,KO,I,10,66.035
2025-10-07,9:51:35.310401787,T,KO,,200,66.04
2025-10-07,9:51:35.310404546,T,KO,I,15,66.04
2025-10-07,9:51:35.310419639,T,KO,I,10,66.04
2025-10-07,9:51:35.570897026,T,KO,F I,3,66.045
2025-10-07,9:51:37.186095096,T,KO,F I,3,66.04
2025-10-07,9:51:37.287120800,T,KO,F,200,66.03
2025-10-07,9:51:37.287120800,T,KO,F,100,66.03
2025-10-07,9:51:37.287123775,T,KO,F I,34,66.03
2025-10-07,9:51:41.698086663,T,KO,F,100,66.02
2025-10-07,9:51:41.908497747,T,KO,,100,66.015
2025-10-07,9:51:49.016160545,T,KO,,100,66.01
2025-10-07,9:51:49.016160545,T,KO,I,1,66.01
2025-10-07,9:51:51.067448405,T,KO,F I,16,66.01
2025-10-07,9:51:53.938235906,T,KO,F,100,66.0
2025-10-07,9:51:53.939694386,T,KO,I,1,66.0
2025-10-07,9:51:53.939803781,T,KO,,100,66.0
2025-10-07,9:51:53.939803781,T,KO,I,80,66.0
2025-10-07,9:51:53.939806383,T,KO,,100,66.0
2025-10-07,9:51:53.939823778,T,KO,I,90,66.0
2025-10-07,9:51:53.939832834,T,KO,I,10,66.0
2025-10-07,9:51:54.031608310,T,KO,I,20,66.005
2025-10-07,9:51:57.100207000,T,KO,F I,84,66.01
2025-10-07,9:51:57.100207000,T,KO,F I,5,66.01
2025-10-07,9:51:57.499245493,T,KO,I,80,66.01
2025-10-07,9:51:57.499245493,T,KO,I,20,66.01
2025-10-07,9:51:57.499263461,T,KO,I,1,66.01
2025-10-07,9:52:02.545937364,T,KO,I,20,66.015
2025-10-07,9:52:02.545940395,T,KO,I,14,66.015
2025-10-07,9:52:02.545958443,T,KO,I,34,66.015
2025-10-07,9:52:02.546160402,T,KO,F I,34,66.015
2025-10-07,9:52:02.546211044,T,KO,I,18,66.015
2025-10-07,9:52:02.546214019,T,KO,I,16,66.02
2025-10-07,9:52:02.546235698,T,KO,I,1,66.02
2025-10-07,9:52:02.546734290,T,KO,I,16,66.02
2025-10-07,9:52:02.546738172,T,KO,I,1,66.02
2025-10-07,9:52:02.546740294,T,KO,I,25,66.02
2025-10-07,9:52:02.546740294,T,KO,I,56,66.02
2025-10-07,9:52:02.550589420,T,KO,F I,81,66.02
2025-10-07,9:52:02.550589420,T,KO,F I,73,66.02
2025-10-07,9:52:02.646376602,T,KO,I,10,66.015
2025-10-07,9:52:12.057080783,T,KO,F I,10,66.015
2025-10-07,9:52:12.057086923,T,KO,F,100,66.02
2025-10-07,9:52:12.057089910,T,KO,F I,81,66.02
2025-10-07,9:52:12.057089910,T,KO,F,137,66.02
2025-10-07,9:52:12.057093017,T,KO,F I,64,66.02
2025-10-07,9:52:12.057093017,T,KO,F I,33,66.02
2025-10-07,9:52:13.865299647,T,KO,,100,66.025
2025-10-07,9:52:16.163373125,T,KO,F I,26,66.03
2025-10-07,9:52:16.913106845,T,KO,I,15,66.035
2025-10-07,9:52:17.043304910,T,KO,F,100,66.04
2025-10-07,9:52:19.677413848,T,KO,,100,66.045
2025-10-07,9:52:31.280158879,T,KO,F I,5,66.05
2025-10-07,9:52:31.280161933,T,KO,F I,31,66.05
2025-10-07,9:52:31.280165342,T,KO,F I,11,66.05
2025-10-07,9:52:39.246387633,T,KO,F I,2,66.06
2025-10-07,9:52:39.246390875,T,KO,F,100,66.06
2025-10-07,9:52:39.246393709,T,KO,F,100,66.06
2025-10-07,9:52:39.246393709,T,KO,F I,1,66.06
2025-10-07,9:52:41.425525595,T,KO,F I,25,66.06
2025-10-07,9:52:41.425528062,T,KO,F,100,66.06
2025-10-07,9:52:41.425528062,T,KO,F,100,66.06
2025-10-07,9:52:41.425530982,T,KO,F,128,66.06
2025-10-07,9:52:41.425530982,T,KO,F I,72,66.06
2025-10-07,9:52:45.140467985,T,KO,I,1,66.07
2025-10-07,9:52:48.863479593,T,KO,F,100,66.07
2025-10-07,9:52:48.863479593,T,KO,F,100,66.07
2025-10-07,9:52:48.863494599,T,KO,I,1,66.07
2025-10-07,9:52:48.863524644,T,KO,I,10,66.07
2025-10-07,9:52:56.948187362,T,KO,I,25,66.07
2025-10-07,9:52:56.948190392,T,KO,I,1,66.07
2025-10-07,9:52:56.948193413,T,KO,,100,66.07
2025-10-07,9:52:59.211877042,T,KO,I,40,66.06
2025-10-07,9:52:59.211886078,T,KO,I,25,66.06
2025-10-07,9:53:00.155380172,T,KO,F I,10,66.06
2025-10-07,9:53:01.103842232,T,KO,I,20,66.055
2025-10-07,9:53:04.840789053,T,KO,I,1,66.06
2025-10-07,9:53:04.840791819,T,KO,I,9,66.06
2025-10-07,9:53:05.676785869,T,KO,F I,1,66.06
2025-10-07,9:53:07.704184741,T,KO,I,10,66.065
2025-10-07,9:53:07.746495551,T,KO,F,100,66.07
2025-10-07,9:53:07.746495551,T,KO,F I,23,66.07
2025-10-07,9:53:07.746498485,T,KO,F I,4,66.07
2025-10-07,9:53:19.143523631,T,KO,F I,70,66.08
2025-10-07,9:53:19.152812788,T,KO,F I,76,66.08
2025-10-07,9:53:19.152815799,T,KO,F,100,66.08
2025-10-07,9:53:19.196194148,T,KO,I,85,66.08
2025-10-07,9:53:26.061888525,T,KO,I,77,66.09
2025-10-07,9:53:26.061888525,T,KO,I,25,66.09
2025-10-07,9:53:26.061894472,T,KO,I,76,66.09
2025-10-07,9:53:33.733258907,T,KO,I,20,66.095
2025-10-07,9:53:33.733264903,T,KO,I,58,66.1
2025-10-07,9:53:34.631735785,T,KO,I,5,66.11
2025-10-07,9:53:41.105933881,T,KO,,100,66.11
2025-10-07,9:53:41.105933881,T,KO,I,35,66.11
2025-10-07,9:53:41.105939933,T,KO,I,25,66.11
2025-10-07,9:53:41.105939933,T,KO,I,27,66.11
2025-10-07,9:53:42.208931175,T,KO,,100,66.105
2025-10-07,9:53:42.208931175,T,KO,I,25,66.1
2025-10-07,9:53:42.208934228,T,KO,I,1,66.1
2025-10-07,9:53:42.208934228,T,KO,,300,66.1
2025-10-07,9:53:46.831219193,T,KO,F I,5,66.1
2025-10-07,9:53:52.861972052,T,KO,,100,66.095
2025-10-07,9:53:52.862507419,T,KO,I,50,66.095
2025-10-07,9:53:52.862507419,T,KO,I,50,66.095
2025-10-07,9:53:52.863015557,T,KO,I,7,66.095
2025-10-07,9:53:59.455960410,T,KO,I,10,66.105
2025-10-07,9:54:04.336558468,T,KO,F I,11,66.11
2025-10-07,9:54:04.336558468,T,KO,F I,7,66.11
2025-10-07,9:54:04.336563947,T,KO,F I,1,66.11
2025-10-07,9:54:12.432524646,T,KO,F,100,66.11
2025-10-07,9:54:12.432527496,T,KO,F,100,66.11
2025-10-07,9:54:17.083227458,T,KO,I,1,66.1
2025-10-07,9:54:17.084496425,T,KO,I,3,66.09
2025-10-07,9:54:17.084496425,T,KO,,197,66.09
2025-10-07,9:54:17.087160819,T,KO,I,88,66.09
2025-10-07,9:54:17.087160819,T,KO,I,12,66.09
2025-10-07,9:54:17.136685734,T,KO,I,5,66.095
2025-10-07,9:54:17.929367790,T,KO,I,6,66.095
2025-10-07,9:54:22.160923241,T,KO,F I,88,66.09
2025-10-07,9:54:22.160926335,T,KO,F,100,66.09
2025-10-07,9:54:23.179782916,T,KO,I,40,66.085
2025-10-07,9:54:23.445522900,T,KO,I,28,66.085
2025-10-07,9:54:24.659983469,T,KO,,100,66.09
2025-10-07,9:54:24.659990104,T,KO,,100,66.09
2025-10-07,9:54:24.659992577,T,KO,I,25,66.09
2025-10-07,9:54:24.660004576,T,KO,I,1,66.09
2025-10-07,9:54:24.660010576,T,KO,I,74,66.09
2025-10-07,9:54:28.262106862,T,KO,F,100,66.09
2025-10-07,9:54:30.380309954,T,KO,F,100,66.09
2025-10-07,9:54:36.971823508,T,KO,F I,3,66.09
2025-10-07,9:54:36.971823508,T,KO,F I,1,66.09
2025-10-07,9:54:39.695768253,T,KO,I,20,66.085
2025-10-07,9:54:50.050026587,T,KO,I,1,66.08
2025-10-07,9:54:50.050047602,T,KO,F I,1,66.08
2025-10-07,9:54:50.050050712,T,KO,F I,1,66.08
2025-10-07,9:54:50.050050712,T,KO,F I,16,66.08
2025-10-07,9:54:50.050267099,T,KO,I,3,66.08
2025-10-07,9:54:57.856770282,T,KO,I,3,66.075
2025-10-07,9:55:07.400794817,T,KO,I,20,66.075
2025-10-07,9:55:07.400806340,T,KO,F I,5,66.08
2025-10-07,9:55:07.400806340,T,KO,F I,80,66.08
2025-10-07,9:55:07.400812020,T,KO,F I,1,66.08
2025-10-07,9:55:07.400812020,T,KO,F I,7,66.08
2025-10-07,9:55:07.400815119,T,KO,F I,25,66.08
2025-10-07,9:55:07.401254108,T,KO,F,104,66.08
2025-10-07,9:55:07.401257177,T,KO,F I,99,66.08
2025-10-07,9:55:07.401407438,T,KO,I,67,66.08
2025-10-07,9:55:07.401410547,T,KO,,100,66.08
2025-10-07,9:55:07.401410547,T,KO,I,33,66.08
2025-10-07,9:55:07.401467571,T,KO,F I,5,66.08
2025-10-07,9:55:07.936480855,T,KO,I,5,66.07
2025-10-07,9:55:07.936484539,T,KO,I,90,66.07
2025-10-07,9:55:07.936484539,T,KO,I,25,66.07
2025-10-07,9:55:07.936486886,T,KO,I,24,66.07
2025-10-07,9:55:07.936928973,T,KO,F I,32,66.07
2025-10-07,9:55:08.503147473,T,KO,F I,25,66.07
2025-10-07,9:55:08.503150469,T,KO,F I,67,66.07
2025-10-07,9:55:08.503153501,T,KO,F,108,66.07
2025-10-07,9:55:08.503169001,T,KO,,100,66.07
2025-10-07,9:55:08.503180717,T,KO,,192,66.07
2025-10-07,9:55:08.932501094,T,KO,I,25,66.07
2025-10-07,9:55:08.935959783,T,KO,F I,10,66.065
2025-10-07,9:55:08.935962403,T,KO,F,100,66.07
2025-10-07,9:55:08.935965336,T,KO,F I,66,66.07
2025-10-07,9:55:08.935965336,T,KO,F I,67,66.07
2025-10-07,9:55:08.935968364,T,KO,F I,15,66.07
2025-10-07,9:55:15.306605777,T,KO,I,20,66.075
2025-10-07,9:55:16.378412529,T,KO,I,61,66.075
2025-10-07,9:55:17.123016049,T,KO,F I,25,66.08
2025-10-07,9:55:17.123019002,T,KO,F I,79,66.08
2025-10-07,9:55:17.123022127,T,KO,F I,66,66.08
2025-10-07,9:55:17.123025106,T,KO,F,400,66.08
2025-10-07,9:55:17.710612529,T,KO,I,52,66.08
2025-10-07,9:55:17.710615825,T,KO,I,11,66.08
2025-10-07,9:55:17.710618622,T,KO,I,37,66.08
2025-10-07,9:55:17.710636808,T,KO,I,1,66.08
2025-10-07,9:55:17.710639606,T,KO,I,8,66.08
2025-10-07,9:55:17.710669722,T,KO,F I,30,66.08
2025-10-07,9:55:31.944254873,T,KO,F I,30,66.09
2025-10-07,9:55:31.944258510,T,KO,F I,5,66.09
2025-10-07,9:55:31.944258510,T,KO,F I,37,66.09
2025-10-07,9:55:32.060045509,T,KO,F I,68,66.09
2025-10-07,9:55:32.060045509,T,KO,F I,7,66.09
2025-10-07,9:55:37.409375262,T,KO,F,100,66.08
2025-10-07,9:55:37.409379277,T,KO,F I,22,66.08
2025-10-07,9:55:37.409379277,T,KO,F,100,66.08
2025-10-07,9:55:37.409384328,T,KO,F I,92,66.08
2025-10-07,9:55:37.409384328,T,KO,F I,8,66.08
2025-10-07,9:55:42.010180409,T,KO,I,68,66.08
2025-10-07,9:55:42.010180409,T,KO,,100,66.08
2025-10-07,9:55:46.927251633,T,KO,I,46,66.09
2025-10-07,9:55:50.707678788,T,KO,F I,35,66.09
2025-10-07,9:55:50.707844246,T,KO,I,78,66.09
2025-10-07,9:55:50.716149981,T,KO,,100,66.09
2025-10-07,9:55:57.930049717,T,KO,,100,66.085
2025-10-07,9:55:58.872503454,T,KO,,100,66.085
2025-10-07,9:55:59.683002962,T,KO,,108,66.085
2025-10-07,9:55:59.687991808,T,KO,,192,66.085
2025-10-07,9:55:59.693245340,T,KO,,100,66.085
2025-10-07,9:55:59.694132385,T,KO,,100,66.085
2025-10-07,9:55:59.694590461,T,KO,F I,5,66.09
2025-10-07,9:55:59.694593414,T,KO,F I,70,66.09
2025-10-07,9:55:59.694596434,T,KO,F,104,66.09
2025-10-07,9:55:59.694596434,T,KO,F I,25,66.09
2025-10-07,9:55:59.694598576,T,KO,F I,36,66.09
2025-10-07,9:55:59.694601508,T,KO,F I,39,66.09
2025-10-07,9:55:59.694601508,T,KO,F,400,66.09
2025-10-07,9:55:59.694960393,T,KO,F,100,66.09
2025-10-07,9:55:59.694960393,T,KO,F I,66,66.09
2025-10-07,9:55:59.695428523,T,KO,,100,66.09
2025-10-07,9:55:59.695930710,T,KO,F I,53,66.09
2025-10-07,9:55:59.696995305,T,KO,,200,66.09
2025-10-07,9:56:01.505117929,T,KO,F,100,66.095
2025-10-07,9:56:01.505117929,T,KO,F I,1,66.09
2025-10-07,9:56:01.505434318,T,KO,I,2,66.09
2025-10-07,9:56:01.505437371,T,KO,I,97,66.09
2025-10-07,9:56:01.505439555,T,KO,I,1,66.09
2025-10-07,9:56:05.169778788,T,KO,I,16,66.09
2025-10-07,9:56:05.169782015,T,KO,I,25,66.09
2025-10-07,9:56:05.169788174,T,KO,I,63,66.09
2025-10-07,9:56:05.169847253,T,KO,F I,2,66.09
2025-10-07,9:56:05.169850328,T,KO,F,100,66.09
2025-10-07,9:56:05.169871293,T,KO,I,40,66.09
2025-10-07,9:56:05.169871293,T,KO,I,1,66.09
2025-10-07,9:56:05.169874357,T,KO,I,59,66.09
2025-10-07,9:56:05.169878064,T,KO,I,33,66.09
2025-10-07,9:56:05.169878064,T,KO,F I,35,66.09
2025-10-07,9:56:05.251700019,T,KO,F I,71,66.1
2025-10-07,9:56:05.251700019,T,KO,F I,26,66.1
2025-10-07,9:56:05.251705271,T,KO,F I,44,66.1
2025-10-07,9:56:05.251726375,T,KO,F I,33,66.1
2025-10-07,9:56:05.251729250,T,KO,F,114,66.1
2025-10-07,9:56:07.093222972,T,KO,I,68,66.1
2025-10-07,9:56:07.093225570,T,KO,,169,66.1
2025-10-07,9:56:07.093228282,T,KO,,281,66.1
2025-10-07,9:56:07.093228282,T,KO,I,7,66.1
2025-10-07,9:56:07.850588271,T,KO,F,100,66.1
2025-10-07,9:56:07.850591612,T,KO,F I,13,66.1
2025-10-07,9:56:07.850591612,T,KO,F I,47,66.1
2025-10-07,9:56:07.850594306,T,KO,F,195,66.1
2025-10-07,9:56:07.850597290,T,KO,F I,43,66.1
2025-10-07,9:56:13.627587714,T,KO,F I,25,66.11
2025-10-07,9:56:13.627590644,T,KO,F,261,66.11
2025-10-07,9:56:13.638970102,T,KO,F,200,66.12
2025-10-07,9:56:13.652962033,T,KO,I,31,66.13
2025-10-07,9:56:13.652965083,T,KO,I,25,66.13
2025-10-07,9:56:13.652968146,T,KO,I,77,66.13
2025-10-07,9:56:13.654057417,T,KO,I,70,66.13
2025-10-07,9:56:13.654060532,T,KO,I,13,66.13
2025-10-07,9:56:13.654060532,T,KO,I,11,66.13
2025-10-07,9:56:13.654063279,T,KO,,100,66.13
2025-10-07,9:56:13.654453686,T,KO,I,13,66.13
2025-10-07,9:56:13.654457007,T,KO,,100,66.13
2025-10-07,9:56:13.654460343,T,KO,I,70,66.13
2025-10-07,9:56:13.654463069,T,KO,,100,66.13
2025-10-07,9:56:13.654463069,T,KO,I,56,66.13
2025-10-07,9:56:13.654469092,T,KO,I,70,66.13
2025-10-07,9:56:13.654469092,T,KO,,400,66.13
2025-10-07,9:56:13.654472120,T,KO,,200,66.13
2025-10-07,9:56:13.654474671,T,KO,I,66,66.13
2025-10-07,9:56:13.654474671,T,KO,F I,34,66.13
2025-10-07,9:56:13.654477807,T,KO,F,150,66.13
2025-10-07,9:56:13.654482025,T,KO,F,200,66.14
2025-10-07,9:56:13.654487187,T,KO,F,100,66.14
2025-10-07,9:56:13.654487187,T,KO,F I,12,66.14
2025-10-07,9:56:13.654490568,T,KO,F I,25,66.14
2025-10-07,9:56:13.654490568,T,KO,F,100,66.14
2025-10-07,9:56:13.654490568,T,KO,F,400,66.14
2025-10-07,9:56:13.654492982,T,KO,F,1000,66.14
2025-10-07,9:56:13.664693228,T,KO,,100,66.13
2025-10-07,9:56:13.664693228,T,KO,I,70,66.13
2025-10-07,9:56:13.664699001,T,KO,I,56,66.13
2025-10-07,9:56:13.664702288,T,KO,I,50,66.13
2025-10-07,9:56:13.664705126,T,KO,I,13,66.13
2025-10-07,9:56:13.664708288,T,KO,,100,66.13
2025-10-07,9:56:13.664708288,T,KO,I,70,66.13
2025-10-07,9:56:14.043309789,T,KO,I,87,66.13
2025-10-07,9:56:14.043309789,T,KO,I,1,66.13
2025-10-07,9:56:25.126609738,T,KO,I,82,66.13
2025-10-07,9:56:25.126612729,T,KO,,111,66.13
2025-10-07,9:56:25.126612729,T,KO,I,5,66.13
2025-10-07,9:56:25.127015774,T,KO,,100,66.13
2025-10-07,9:56:25.138918769,T,KO,,100,66.135
2025-10-07,9:56:25.138921116,T,KO,,125,66.14
2025-10-07,9:56:25.138942411,T,KO,I,75,66.14
2025-10-07,9:56:25.138945101,T,KO,I,25,66.14
2025-10-07,9:56:25.139528928,T,KO,F I,72,66.14
2025-10-07,9:56:25.139528928,T,KO,F I,65,66.14
2025-10-07,9:56:25.139531573,T,KO,F,100,66.14
2025-10-07,9:56:25.327229579,T,KO,I,25,66.13
2025-10-07,9:56:27.743562689,T,KO,,100,66.13
2025-10-07,9:56:27.743565839,T,KO,I,65,66.13
2025-10-07,9:56:27.743565839,T,KO,I,72,66.13
2025-10-07,9:56:30.724316074,T,KO,F I,25,66.14
2025-10-07,9:56:30.724319118,T,KO,F I,23,66.14
2025-10-07,9:56:31.340381434,T,KO,I,77,66.14
2025-10-07,9:56:31.917873962,T,KO,F,100,66.14
2025-10-07,9:56:37.152354361,T,KO,,100,66.145
2025-10-07,9:56:37.152357261,T,KO,I,25,66.14
2025-10-07,9:56:37.152360297,T,KO,,100,66.14
2025-10-07,9:56:37.152360297,T,KO,I,15,66.14
2025-10-07,9:56:37.153146186,T,KO,I,64,66.14
2025-10-07,9:56:37.153148883,T,KO,,100,66.14
2025-10-07,9:56:37.153151132,T,KO,I,73,66.14
2025-10-07,9:56:37.153518045,T,KO,I,62,66.14
2025-10-07,9:56:37.153521043,T,KO,I,38,66.14
2025-10-07,9:56:37.153527138,T,KO,F,104,66.14
2025-10-07,9:56:37.153755623,T,KO,,100,66.14
2025-10-07,9:56:37.154272865,T,KO,I,2,66.14
2025-10-07,9:56:37.154272865,T,KO,I,62,66.14
2025-10-07,9:56:37.154275994,T,KO,,400,66.14
2025-10-07,9:56:37.154275994,T,KO,I,61,66.14
2025-10-07,9:56:37.154447287,T,KO,I,63,66.14
2025-10-07,9:56:37.154549537,T,KO,I,76,66.14
2025-10-07,9:56:37.154549537,T,KO,I,92,66.14
2025-10-07,9:56:37.154552536,T,KO,,121,66.14
2025-10-07,9:56:37.155033662,T,KO,,268,66.14
2025-10-07,9:56:37.155072734,T,KO,I,11,66.145
2025-10-07,9:56:41.826404803,T,KO,I,23,66.14
2025-10-07,9:56:41.826407881,T,KO,I,33,66.14
2025-10-07,9:56:41.826410860,T,KO,,100,66.14
2025-10-07,9:56:48.634903186,T,KO,I,5,66.135
2025-10-07,9:57:09.526279509,T,KO,I,1,66.13
2025-10-07,9:57:09.526357724,T,KO,I,99,66.13
2025-10-07,9:57:09.526360755,T,KO,,100,66.13
2025-10-07,9:57:09.545507478,T,KO,I,75,66.125
2025-10-07,9:57:09.545510398,T,KO,I,9,66.125
2025-10-07,9:57:22.053203768,T,KO,,100,66.125
2025-10-07,9:57:22.478645056,T,KO,,100,66.125
2025-10-07,9:57:23.160167554,T,KO,F I,62,66.13
2025-10-07,9:57:23.160170402,T,KO,F I,38,66.13
2025-10-07,9:57:23.160170402,T,KO,F I,66,66.13
2025-10-07,9:57:23.269787398,T,KO,I,3,66.135
2025-10-07,9:57:23.270644437,T,KO,F I,1,66.14
2025-10-07,9:57:23.270647439,T,KO,F I,2,66.14
2025-10-07,9:57:24.050771466,T,KO,F,100,66.14
2025-10-07,9:57:24.050774547,T,KO,I,3,66.14
2025-10-07,9:57:27.256093894,T,KO,I,5,66.135
2025-10-07,9:57:27.256935868,T,KO,F,100,66.13
2025-10-07,9:57:27.256957293,T,KO,I,1,66.13
2025-10-07,9:57:27.256974985,T,KO,I,43,66.13
2025-10-07,9:57:30.971701664,T,KO,F I,56,66.13
2025-10-07,9:57:30.971701664,T,KO,F I,2,66.13
2025-10-07,9:57:30.989636404,T,KO,,100,66.125
2025-10-07,9:57:35.092590665,T,KO,F,200,66.12
2025-10-07,9:57:35.523974058,T,KO,I,75,66.12
2025-10-07,9:57:37.451183300,T,KO,I,3,66.11
2025-10-07,9:57:37.451189235,T,KO,,100,66.11
2025-10-07,9:57:37.451189235,T,KO,I,94,66.11
2025-10-07,9:57:37.451201353,T,KO,I,1,66.11
2025-10-07,9:57:44.419304841,T,KO,,100,66.105
2025-10-07,9:57:50.272072840,T,KO,I,5,66.11
2025-10-07,9:57:50.272072840,T,KO,I,50,66.11
2025-10-07,9:57:50.272075821,T,KO,I,30,66.11
2025-10-07,9:57:50.272091770,T,KO,I,36,66.11
2025-10-07,9:57:53.452462781,T,KO,I,7,66.11
2025-10-07,9:57:53.452465836,T,KO,I,75,66.11
2025-10-07,9:57:53.452751471,T,KO,I,6,66.11
2025-10-07,9:58:04.381113409,T,KO,F I,5,66.1
2025-10-07,9:58:04.381116976,T,KO,F I,1,66.1
2025-10-07,9:58:04.381116976,T,KO,F I,2,66.1
2025-10-07,9:58:04.381120104,T,KO,F I,1,66.1
2025-10-07,9:58:05.012653569,T,KO,F I,6,66.1
