DATE,TIME_M,EX,SYM_ROOT,TR_SCOND,SIZE,PRICE
2025-12-17,9:30:00.576845775,T,KO,I,1,70.64
2025-12-17,9:30:00.576851725,T,KO,Q,1,70.64
2025-12-17,9:30:01.138532575,T,KO,F I,1,70.69
2025-12-17,9:30:01.320445145,T,KO,,100,70.45
2025-12-17,9:30:01.320447808,T,KO,,200,70.45
2025-12-17,9:30:01.320450840,T,KO,I,25,70.45
2025-12-17,9:30:01.320453850,T,KO,,300,70.45
2025-12-17,9:30:01.320622350,T,KO,,100,70.47
2025-12-17,9:30:01.320730486,T,KO,F,100,70.47
2025-12-17,9:30:01.389194596,T,KO,I,16,70.53
2025-12-17,9:30:01.391841698,T,KO,I,25,70.52
2025-12-17,9:30:01.391843934,T,KO,,100,70.52
2025-12-17,9:30:01.391843934,T,KO,I,68,70.51
2025-12-17,9:30:01.391865228,T,KO,I,1,70.51
2025-12-17,9:30:01.737300648,T,KO,,100,70.51
2025-12-17,9:30:02.067129101,T,KO,I,8,70.52
2025-12-17,9:30:02.259367923,T,KO,I,10,70.51
2025-12-17,9:30:02.833681743,T,KO,I,2,70.52
2025-12-17,9:30:02.833696755,T,KO,I,4,70.52
2025-12-17,9:30:02.833720848,T,KO,I,2,70.52
2025-12-17,9:30:02.833820123,T,KO,I,9,70.52
2025-12-17,9:30:02.902581826,T,KO,I,25,70.52
2025-12-17,9:30:02.905288302,T,KO,F,100,70.53
2025-12-17,9:30:03.689285503,T,KO,,100,70.57
2025-12-17,9:30:03.689285503,T,KO,I,25,70.57
2025-12-17,9:30:03.689288750,T,KO,I,31,70.57
2025-12-17,9:30:03.689288750,T,KO,I,74,70.57
2025-12-17,9:30:04.012594948,T,KO,I,1,70.55
2025-12-17,9:30:04.012594948,T,KO,I,99,70.55
2025-12-17,9:30:04.012609639,T,KO,I,1,70.55
2025-12-17,9:30:04.580737660,T,KO,I,7,70.535
2025-12-17,9:30:05.944870525,T,KO,F I,1,70.55
2025-12-17,9:30:05.945105113,T,KO,,100,70.54
2025-12-17,9:30:06.378265736,T,KO,,100,70.55
2025-12-17,9:30:06.378283768,T,KO,I,1,70.55
2025-12-17,9:30:06.543948372,T,KO,F I,25,70.58
2025-12-17,9:30:06.543987417,T,KO,I,3,70.57
2025-12-17,9:30:06.543990670,T,KO,I,97,70.56
2025-12-17,9:30:06.544465541,T,KO,I,3,70.58
2025-12-17,9:30:06.544468577,T,KO,I,97,70.58
2025-12-17,9:30:06.545052033,T,KO,I,16,70.58
2025-12-17,9:30:06.546308991,T,KO,I,25,70.59
2025-12-17,9:30:06.558812789,T,KO,I,25,70.59
2025-12-17,9:30:06.559859228,T,KO,I,25,70.59
2025-12-17,9:30:06.559967537,T,KO,I,25,70.59
2025-12-17,9:30:07.658165010,T,KO,F I,25,70.6
2025-12-17,9:30:08.025610248,T,KO,F I,6,70.61
2025-12-17,9:30:10.135892203,T,KO,,100,70.625
2025-12-17,9:30:10.210800711,T,KO,,100,70.62
2025-12-17,9:30:10.210800711,T,KO,,100,70.62
2025-12-17,9:30:10.211026111,T,KO,,100,70.63
2025-12-17,9:30:10.587955831,T,KO,I,36,70.625
2025-12-17,9:30:10.588458030,T,KO,,100,70.62
2025-12-17,9:30:10.588461172,T,KO,,100,70.62
2025-12-17,9:30:10.830504704,T,KO,F I,25,70.61
2025-12-17,9:30:10.830977146,T,KO,F I,19,70.6
2025-12-17,9:30:10.830979663,T,KO,F I,5,70.6
2025-12-17,9:30:10.831313562,T,KO,I,10,70.59
2025-12-17,9:30:12.950180978,T,KO,I,6,70.62
2025-12-17,9:30:12.950409423,T,KO,,100,70.6
2025-12-17,9:30:12.950428368,T,KO,I,1,70.6
2025-12-17,9:30:12.950428368,T,KO,I,2,70.6
2025-12-17,9:30:13.099194876,T,KO,I,9,70.59
2025-12-17,9:30:13.099197777,T,KO,I,91,70.59
2025-12-17,9:30:13.099213015,T,KO,I,9,70.59
2025-12-17,9:30:13.099215810,T,KO,,100,70.59
2025-12-17,9:30:13.099552626,T,KO,,100,70.6
2025-12-17,9:30:13.099552626,T,KO,I,25,70.6
2025-12-17,9:30:13.099555661,T,KO,,100,70.6
2025-12-17,9:30:13.099802443,T,KO,I,25,70.6
2025-12-17,9:30:13.546416934,T,KO,,100,70.6
2025-12-17,9:30:14.466491207,T,KO,,100,70.58
2025-12-17,9:30:14.472604737,T,KO,,100,70.58
2025-12-17,9:30:14.474231610,T,KO,,100,70.58
2025-12-17,9:30:14.478868665,T,KO,F,100,70.58
2025-12-17,9:30:14.506098538,T,KO,I,7,70.57
2025-12-17,9:30:14.506101614,T,KO,I,46,70.57
2025-12-17,9:30:18.364555147,T,KO,,100,70.59
2025-12-17,9:30:20.769343625,T,KO,I,36,70.6
2025-12-17,9:30:22.329748161,T,KO,I,64,70.605
2025-12-17,9:30:25.287595748,T,KO,F,100,70.59
2025-12-17,9:30:30.374827046,T,KO,I,25,70.57
2025-12-17,9:30:30.375822415,T,KO,I,18,70.56
2025-12-17,9:30:30.376874949,T,KO,I,15,70.55
2025-12-17,9:30:30.376878038,T,KO,,100,70.55
2025-12-17,9:30:30.376880915,T,KO,I,10,70.55
2025-12-17,9:30:30.376880915,T,KO,,100,70.54
2025-12-17,9:30:30.377133548,T,KO,F I,15,70.55
2025-12-17,9:30:30.377885237,T,KO,,100,70.53
2025-12-17,9:30:30.377888284,T,KO,I,25,70.53
2025-12-17,9:30:30.379295990,T,KO,,100,70.53
2025-12-17,9:30:30.379298660,T,KO,I,25,70.53
2025-12-17,9:30:32.255073192,T,KO,,100,70.55
2025-12-17,9:30:33.185582357,T,KO,I,79,70.55
2025-12-17,9:30:34.500870769,T,KO,,100,70.54
2025-12-17,9:30:34.500870769,T,KO,,200,70.54
2025-12-17,9:30:34.502950953,T,KO,I,10,70.51
2025-12-17,9:30:34.504165780,T,KO,I,25,70.51
2025-12-17,9:30:34.504225958,T,KO,F I,25,70.51
2025-12-17,9:30:34.504965727,T,KO,,100,70.52
2025-12-17,9:30:34.504983802,T,KO,I,1,70.52
2025-12-17,9:30:34.504992843,T,KO,,100,70.51
2025-12-17,9:30:34.504992843,T,KO,,100,70.51
2025-12-17,9:30:34.504995766,T,KO,,100,70.51
2025-12-17,9:30:34.505016855,T,KO,I,24,70.52
2025-12-17,9:30:34.505161196,T,KO,I,25,70.53
2025-12-17,9:30:43.781465246,T,KO,,100,70.565
2025-12-17,9:30:43.781468229,T,KO,I,10,70.565
2025-12-17,9:30:43.781498362,T,KO,,100,70.565
2025-12-17,9:30:43.840949892,T,KO,I,40,70.58
2025-12-17,9:30:43.840949892,T,KO,I,25,70.58
2025-12-17,9:30:44.056752881,T,KO,,100,70.57
2025-12-17,9:30:44.057108423,T,KO,I,68,70.58
2025-12-17,9:30:44.057221972,T,KO,I,25,70.58
2025-12-17,9:30:44.057221972,T,KO,I,43,70.58
2025-12-17,9:30:44.062060495,T,KO,,100,70.58
2025-12-17,9:30:44.072077569,T,KO,I,25,70.56
2025-12-17,9:30:44.255703714,T,KO,F I,25,70.56
2025-12-17,9:30:44.263275819,T,KO,,100,70.55
2025-12-17,9:30:44.350164708,T,KO,F I,25,70.54
2025-12-17,9:30:44.350507542,T,KO,,300,70.54
2025-12-17,9:30:44.350682413,T,KO,F,100,70.54
2025-12-17,9:30:44.350684976,T,KO,F I,1,70.54
2025-12-17,9:30:44.354702582,T,KO,I,1,70.54
2025-12-17,9:30:44.354711501,T,KO,F I,1,70.54
2025-12-17,9:30:44.468361215,T,KO,F I,25,70.54
2025-12-17,9:30:44.681656200,T,KO,F I,25,70.54
2025-12-17,9:30:44.848177849,T,KO,I,25,70.54
2025-12-17,9:30:45.393469469,T,KO,F I,32,70.52
2025-12-17,9:30:45.393812356,T,KO,,100,70.52
2025-12-17,9:30:45.393815338,T,KO,I,25,70.52
2025-12-17,9:30:45.524208879,T,KO,I,68,70.53
2025-12-17,9:30:45.524208879,T,KO,,100,70.53
2025-12-17,9:30:45.891972799,T,KO,F I,79,70.525
2025-12-17,9:30:46.952998767,T,KO,F I,25,70.56
2025-12-17,9:30:46.952998767,T,KO,F,150,70.56
2025-12-17,9:30:46.953044052,T,KO,F I,13,70.55
2025-12-17,9:30:46.953101653,T,KO,F I,19,70.55
2025-12-17,9:30:46.953150585,T,KO,F I,14,70.55
2025-12-17,9:30:46.953152213,T,KO,F I,14,70.55
2025-12-17,9:30:46.953173203,T,KO,F I,72,70.55
2025-12-17,9:30:46.953348064,T,KO,I,25,70.55
2025-12-17,9:30:46.953350645,T,KO,,117,70.55
2025-12-17,9:30:46.953374651,T,KO,F I,25,70.55
2025-12-17,9:30:46.953447083,T,KO,I,13,70.55
2025-12-17,9:30:46.953461897,T,KO,F I,13,70.55
2025-12-17,9:30:46.963457768,T,KO,F,100,70.54
2025-12-17,9:30:46.963475704,T,KO,I,1,70.545
2025-12-17,9:30:46.963491102,T,KO,,100,70.54
2025-12-17,9:30:46.963491102,T,KO,I,1,70.54
2025-12-17,9:30:48.553855554,T,KO,F,100,70.56
2025-12-17,9:30:48.553858574,T,KO,F,100,70.56
2025-12-17,9:30:50.259054822,T,KO,I,19,70.57
2025-12-17,9:30:50.259117946,T,KO,I,25,70.57
2025-12-17,9:30:50.844946154,T,KO,,100,70.55
2025-12-17,9:30:51.099577650,T,KO,,200,70.55
2025-12-17,9:30:51.513357144,T,KO,F I,25,70.56
2025-12-17,9:30:51.514319398,T,KO,I,13,70.55
2025-12-17,9:30:51.514322769,T,KO,I,25,70.55
2025-12-17,9:30:52.591283541,T,KO,F I,18,70.56
2025-12-17,9:30:52.591286497,T,KO,F I,29,70.56
2025-12-17,9:30:52.591289481,T,KO,F I,13,70.56
2025-12-17,9:30:52.591293421,T,KO,F I,8,70.56
2025-12-17,9:30:52.591293421,T,KO,F I,26,70.56
2025-12-17,9:30:52.591295392,T,KO,F I,25,70.56
2025-12-17,9:30:52.591298425,T,KO,F I,7,70.56
2025-12-17,9:30:52.591298425,T,KO,F I,40,70.56
2025-12-17,9:30:54.248795006,T,KO,F,100,70.54
2025-12-17,9:30:54.249113690,T,KO,,100,70.53
2025-12-17,9:31:03.887630447,T,KO,I,63,70.55
2025-12-17,9:31:03.902684303,T,KO,I,48,70.56
2025-12-17,9:31:03.902714389,T,KO,I,52,70.56
2025-12-17,9:31:03.903598475,T,KO,I,68,70.56
2025-12-17,9:31:03.903598475,T,KO,I,32,70.56
2025-12-17,9:31:03.903902217,T,KO,F I,52,70.56
2025-12-17,9:31:03.914908514,T,KO,F,100,70.56
2025-12-17,9:31:03.914926439,T,KO,I,1,70.56
2025-12-17,9:31:03.915281347,T,KO,I,19,70.55
2025-12-17,9:31:03.915284340,T,KO,I,25,70.55
2025-12-17,9:31:03.915684554,T,KO,I,25,70.56
2025-12-17,9:31:03.915684554,T,KO,,100,70.56
2025-12-17,9:31:03.915687345,T,KO,I,19,70.56
2025-12-17,9:31:03.928278296,T,KO,F I,25,70.57
2025-12-17,9:31:04.064039918,T,KO,F I,25,70.58
2025-12-17,9:31:04.064135801,T,KO,F I,19,70.57
2025-12-17,9:31:04.064135801,T,KO,F I,25,70.57
2025-12-17,9:31:04.066192734,T,KO,I,25,70.56
2025-12-17,9:31:05.126659392,T,KO,,100,70.56
2025-12-17,9:31:05.126659392,T,KO,I,1,70.56
2025-12-17,9:31:05.126659392,T,KO,I,99,70.56
2025-12-17,9:31:05.126686489,T,KO,F,301,70.56
2025-12-17,9:31:05.126686489,T,KO,F I,1,70.56
2025-12-17,9:31:05.127026257,T,KO,,100,70.56
2025-12-17,9:31:05.127080496,T,KO,,100,70.55
2025-12-17,9:31:05.127084619,T,KO,,100,70.55
2025-12-17,9:31:05.127084619,T,KO,I,19,70.55
2025-12-17,9:31:05.127084619,T,KO,I,25,70.55
2025-12-17,9:31:05.499258799,T,KO,,100,70.55
2025-12-17,9:31:05.499261848,T,KO,I,19,70.56
2025-12-17,9:31:05.499264849,T,KO,,100,70.56
2025-12-17,9:31:05.499264849,T,KO,,100,70.56
2025-12-17,9:31:05.499268031,T,KO,I,45,70.56
2025-12-17,9:31:05.515972671,T,KO,F,100,70.55
2025-12-17,9:31:05.516198210,T,KO,F,100,70.55
2025-12-17,9:31:05.530849079,T,KO,F I,55,70.54
2025-12-17,9:31:05.530849079,T,KO,F,445,70.54
2025-12-17,9:31:05.530867173,T,KO,I,34,70.54
2025-12-17,9:31:05.532250403,T,KO,F,100,70.54
2025-12-17,9:31:06.048469079,T,KO,F,100,70.55
2025-12-17,9:31:06.048471959,T,KO,F I,25,70.55
2025-12-17,9:31:06.073849404,T,KO,F I,25,70.56
2025-12-17,9:31:06.074282344,T,KO,F I,25,70.55
2025-12-17,9:31:06.074282344,T,KO,F I,25,70.55
2025-12-17,9:31:06.261493368,T,KO,F,100,70.55
2025-12-17,9:31:06.261496270,T,KO,F,100,70.56
2025-12-17,9:31:06.261499951,T,KO,F I,25,70.56
2025-12-17,9:31:06.261499951,T,KO,F,300,70.56
2025-12-17,9:31:06.261502252,T,KO,F I,25,70.56
2025-12-17,9:31:06.281605171,T,KO,F I,25,70.56
2025-12-17,9:31:06.305677450,T,KO,I,12,70.56
2025-12-17,9:31:06.305683540,T,KO,I,25,70.56
2025-12-17,9:31:06.305686546,T,KO,I,63,70.56
2025-12-17,9:31:06.305698525,T,KO,I,2,70.56
2025-12-17,9:31:06.306260924,T,KO,F I,35,70.56
2025-12-17,9:31:06.317637023,T,KO,F I,25,70.57
2025-12-17,9:31:06.318244424,T,KO,I,25,70.57
2025-12-17,9:31:06.341261376,T,KO,I,25,70.58
2025-12-17,9:31:06.341787440,T,KO,F I,25,70.57
2025-12-17,9:31:06.475783677,T,KO,F I,25,70.57
2025-12-17,9:31:06.475915960,T,KO,F I,25,70.57
2025-12-17,9:31:06.689045484,T,KO,F I,25,70.58
2025-12-17,9:31:08.914110917,T,KO,F I,10,70.6
2025-12-17,9:31:10.838637514,T,KO,I,6,70.62
2025-12-17,9:31:10.838644157,T,KO,,200,70.62
2025-12-17,9:31:10.838644157,T,KO,I,35,70.62
2025-12-17,9:31:11.418791277,T,KO,I,56,70.63
2025-12-17,9:31:12.969224110,T,KO,I,6,70.64
2025-12-17,9:31:12.971722866,T,KO,,100,70.65
2025-12-17,9:31:30.892661661,T,KO,,100,70.61
2025-12-17,9:31:33.783302244,T,KO,F,100,70.59
2025-12-17,9:31:33.783416589,T,KO,,100,70.58
2025-12-17,9:31:33.783416589,T,KO,,100,70.58
2025-12-17,9:31:37.173092844,T,KO,I,1,70.55
2025-12-17,9:31:53.722014045,T,KO,F,100,70.57
2025-12-17,9:31:53.722032071,T,KO,I,1,70.57
2025-12-17,9:31:53.741446305,T,KO,F I,19,70.57
2025-12-17,9:31:53.741446305,T,KO,F I,20,70.57
2025-12-17,9:31:53.742074945,T,KO,F I,27,70.56
2025-12-17,9:31:53.742077771,T,KO,F I,28,70.56
2025-12-17,9:31:53.742119837,T,KO,,100,70.56
2025-12-17,9:31:53.752318311,T,KO,F,100,70.57
2025-12-17,9:31:53.752323627,T,KO,F I,28,70.57
2025-12-17,9:31:53.752326547,T,KO,F I,99,70.57
2025-12-17,9:31:53.752326547,T,KO,F I,27,70.57
2025-12-17,9:31:53.752329240,T,KO,F,100,70.57
2025-12-17,9:31:53.752329240,T,KO,F I,31,70.57
2025-12-17,9:31:53.752332757,T,KO,F I,27,70.57
2025-12-17,9:31:53.752332757,T,KO,F I,56,70.57
2025-12-17,9:31:53.752335303,T,KO,F I,33,70.57
2025-12-17,9:31:53.752338502,T,KO,F I,99,70.57
2025-12-17,9:31:53.752338502,T,KO,F I,1,70.57
2025-12-17,9:31:53.752341241,T,KO,F I,25,70.57
2025-12-17,9:31:53.756301630,T,KO,,100,70.57
2025-12-17,9:31:53.759275785,T,KO,F,200,70.56
2025-12-17,9:31:53.759314826,T,KO,I,3,70.56
2025-12-17,9:31:54.854063395,T,KO,F,100,70.56
2025-12-17,9:31:54.854063395,T,KO,F I,21,70.56
2025-12-17,9:31:54.854066221,T,KO,F I,9,70.56
2025-12-17,9:31:55.300118640,T,KO,I,25,70.56
2025-12-17,9:31:55.318865263,T,KO,I,14,70.57
2025-12-17,9:31:55.325017941,T,KO,F,100,70.57
2025-12-17,9:31:55.325020900,T,KO,F,100,70.57
2025-12-17,9:31:55.325035958,T,KO,I,1,70.57
2025-12-17,9:31:55.346098149,T,KO,F,100,70.58
2025-12-17,9:31:55.346098149,T,KO,F I,25,70.58
2025-12-17,9:31:55.346429548,T,KO,,100,70.58
2025-12-17,9:31:55.346449930,T,KO,I,1,70.58
2025-12-17,9:31:55.346452984,T,KO,F I,26,70.58
2025-12-17,9:31:55.346465593,T,KO,I,26,70.58
2025-12-17,9:31:55.346468171,T,KO,F I,26,70.58
2025-12-17,9:31:55.346777727,T,KO,F I,22,70.58
2025-12-17,9:31:56.882075639,T,KO,F I,1,70.58
2025-12-17,9:31:56.882078242,T,KO,F,100,70.58
2025-12-17,9:31:56.882081279,T,KO,F I,75,70.58
2025-12-17,9:31:56.882129333,T,KO,I,31,70.57
2025-12-17,9:31:56.882357968,T,KO,I,25,70.56
2025-12-17,9:31:56.882361923,T,KO,I,25,70.56
2025-12-17,9:31:56.882361923,T,KO,I,24,70.56
2025-12-17,9:31:56.882378964,T,KO,I,54,70.56
2025-12-17,9:31:56.883181923,T,KO,F,100,70.57
2025-12-17,9:31:59.255423850,T,KO,F I,18,70.57
2025-12-17,9:31:59.255457027,T,KO,I,13,70.57
2025-12-17,9:31:59.255459864,T,KO,,100,70.57
2025-12-17,9:31:59.255477871,T,KO,I,1,70.57
2025-12-17,9:31:59.255480938,T,KO,I,65,70.57
2025-12-17,9:31:59.404913669,T,KO,F I,84,70.57
2025-12-17,9:31:59.404913669,T,KO,I,16,70.57
2025-12-17,9:31:59.404918891,T,KO,I,28,70.56
2025-12-17,9:31:59.404918891,T,KO,I,25,70.56
2025-12-17,9:31:59.404918891,T,KO,I,15,70.56
2025-12-17,9:31:59.438019181,T,KO,F I,3,70.56
2025-12-17,9:31:59.438021687,T,KO,F I,25,70.56
2025-12-17,9:31:59.438025432,T,KO,F I,12,70.56
2025-12-17,9:31:59.438025432,T,KO,F I,1,70.56
2025-12-17,9:31:59.438027737,T,KO,F I,2,70.56
2025-12-17,9:32:00.113553565,T,KO,,100,70.57
2025-12-17,9:32:00.113574635,T,KO,F I,25,70.57
2025-12-17,9:32:00.113589682,T,KO,I,25,70.57
2025-12-17,9:32:00.733113207,T,KO,,100,70.57
2025-12-17,9:32:01.027117342,T,KO,,100,70.57
2025-12-17,9:32:01.645128323,T,KO,F,209,70.57
2025-12-17,9:32:03.007664440,T,KO,F I,23,70.58
2025-12-17,9:32:03.007664440,T,KO,F,100,70.58
2025-12-17,9:32:03.007682479,T,KO,I,1,70.58
2025-12-17,9:32:03.007817835,T,KO,I,99,70.58
2025-12-17,9:32:03.124399445,T,KO,F I,7,70.59
2025-12-17,9:32:03.124673054,T,KO,F I,31,70.58
2025-12-17,9:32:03.125888264,T,KO,F,100,70.58
2025-12-17,9:32:03.125890995,T,KO,F,100,70.58
2025-12-17,9:32:03.125909024,T,KO,I,1,70.58
2025-12-17,9:32:03.137567829,T,KO,F I,15,70.58
2025-12-17,9:32:03.137567829,T,KO,F I,15,70.58
2025-12-17,9:32:04.378214576,T,KO,,100,70.6
2025-12-17,9:32:04.378218098,T,KO,I,26,70.59
2025-12-17,9:32:04.378218098,T,KO,I,23,70.59
2025-12-17,9:32:04.378280911,T,KO,I,77,70.59
2025-12-17,9:32:04.378659711,T,KO,F I,14,70.59
2025-12-17,9:32:04.378662660,T,KO,F I,14,70.59
2025-12-17,9:32:04.378674668,T,KO,F I,14,70.59
2025-12-17,9:32:04.378695785,T,KO,I,13,70.59
2025-12-17,9:32:04.378719839,T,KO,F I,87,70.59
2025-12-17,9:32:04.378734826,T,KO,I,1,70.59
2025-12-17,9:32:04.378737848,T,KO,F I,99,70.59
2025-12-17,9:32:04.378740797,T,KO,F I,1,70.59
2025-12-17,9:32:04.378747334,T,KO,F I,2,70.59
2025-12-17,9:32:04.378750430,T,KO,F I,72,70.59
2025-12-17,9:32:04.397953618,T,KO,,100,70.59
2025-12-17,9:32:05.020598616,T,KO,I,10,70.59
2025-12-17,9:32:13.493253611,T,KO,I,41,70.58
2025-12-17,9:32:13.493253611,T,KO,,100,70.58
2025-12-17,9:32:13.493281542,T,KO,F I,25,70.57
2025-12-17,9:32:13.493281542,T,KO,F I,2,70.57
2025-12-17,9:32:13.493283700,T,KO,F,100,70.57
2025-12-17,9:32:13.493954639,T,KO,F,304,70.57
2025-12-17,9:32:13.494098646,T,KO,F,100,70.57
2025-12-17,9:32:13.494103267,T,KO,F,100,70.58
2025-12-17,9:32:13.494107691,T,KO,F,100,70.58
2025-12-17,9:32:13.494107691,T,KO,F I,30,70.58
2025-12-17,9:32:13.494111061,T,KO,F I,24,70.58
2025-12-17,9:32:13.494111061,T,KO,F,100,70.58
2025-12-17,9:32:13.513648714,T,KO,,100,70.585
2025-12-17,9:32:13.513648714,T,KO,I,96,70.58
2025-12-17,9:32:13.513651395,T,KO,F I,4,70.58
2025-12-17,9:32:13.513651395,T,KO,F I,60,70.58
2025-12-17,9:32:13.513657218,T,KO,F I,32,70.58
2025-12-17,9:32:13.513900799,T,KO,F I,5,70.58
2025-12-17,9:32:13.595286701,T,KO,F I,25,70.59
2025-12-17,9:32:13.595289844,T,KO,F,100,70.59
2025-12-17,9:32:13.810289699,T,KO,F I,25,70.6
2025-12-17,9:32:13.810912212,T,KO,F I,14,70.61
2025-12-17,9:32:13.810915854,T,KO,F I,4,70.61
2025-12-17,9:32:13.810918690,T,KO,F I,25,70.61
2025-12-17,9:32:13.811029909,T,KO,I,30,70.6
2025-12-17,9:32:13.811029909,T,KO,I,25,70.6
2025-12-17,9:32:15.496989485,T,KO,F I,38,70.6
2025-12-17,9:32:15.496991911,T,KO,F I,92,70.6
2025-12-17,9:32:15.496995006,T,KO,F,100,70.6
2025-12-17,9:32:15.497016023,T,KO,F,134,70.6
2025-12-17,9:32:15.497016023,T,KO,I,1,70.6
2025-12-17,9:32:15.497019014,T,KO,F,230,70.6
2025-12-17,9:32:15.497055129,T,KO,F,230,70.6
2025-12-17,9:32:15.497124200,T,KO,,100,70.6
2025-12-17,9:32:15.497226441,T,KO,I,7,70.6
2025-12-17,9:32:15.497644408,T,KO,,100,70.6
2025-12-17,9:32:15.498155634,T,KO,,298,70.6
2025-12-17,9:32:30.606291052,T,KO,I,5,70.6
2025-12-17,9:32:32.401488854,T,KO,F,100,70.6
2025-12-17,9:32:32.493793437,T,KO,F I,28,70.6
2025-12-17,9:32:32.494130787,T,KO,I,42,70.59
2025-12-17,9:32:32.494160299,T,KO,,100,70.59
2025-12-17,9:32:32.494166404,T,KO,I,72,70.6
2025-12-17,9:32:32.494172562,T,KO,,100,70.6
2025-12-17,9:32:32.494175459,T,KO,I,20,70.6
2025-12-17,9:32:32.494175459,T,KO,I,30,70.6
2025-12-17,9:32:32.494178352,T,KO,I,16,70.6
2025-12-17,9:32:32.494187379,T,KO,I,1,70.59
2025-12-17,9:32:32.494205501,T,KO,F I,15,70.59
2025-12-17,9:32:34.275491930,T,KO,F I,25,70.57
2025-12-17,9:32:34.875005681,T,KO,F,100,70.58
2025-12-17,9:32:34.875005681,T,KO,F I,2,70.58
2025-12-17,9:32:34.875056854,T,KO,,100,70.57
2025-12-17,9:32:34.875077960,T,KO,I,1,70.57
2025-12-17,9:32:34.875120561,T,KO,F I,29,70.57
2025-12-17,9:32:34.875129045,T,KO,F,100,70.58
2025-12-17,9:32:34.875405984,T,KO,I,33,70.57
2025-12-17,9:32:34.875405984,T,KO,I,21,70.57
2025-12-17,9:32:34.875448541,T,KO,F I,9,70.58
2025-12-17,9:32:34.875453808,T,KO,F I,25,70.58
2025-12-17,9:32:34.875457213,T,KO,F I,21,70.58
2025-12-17,9:32:34.875706395,T,KO,F I,3,70.58
2025-12-17,9:32:35.450766013,T,KO,F I,25,70.58
2025-12-17,9:32:35.450913376,T,KO,F I,75,70.58
2025-12-17,9:32:35.450931354,T,KO,F I,25,70.57
2025-12-17,9:32:36.932187269,T,KO,F I,5,70.56
2025-12-17,9:32:36.932626372,T,KO,F,100,70.55
2025-12-17,9:32:36.932644315,T,KO,I,25,70.55
2025-12-17,9:32:37.035702762,T,KO,F I,35,70.56
2025-12-17,9:32:37.035729912,T,KO,I,4,70.56
2025-12-17,9:32:37.035733064,T,KO,I,25,70.56
2025-12-17,9:32:37.035733064,T,KO,I,2,70.56
2025-12-17,9:32:40.116646505,T,KO,F,100,70.57
2025-12-17,9:32:40.116648681,T,KO,F I,25,70.57
2025-12-17,9:32:40.116666717,T,KO,I,1,70.57
2025-12-17,9:32:41.365917440,T,KO,F,100,70.55
2025-12-17,9:32:42.073944318,T,KO,F,100,70.55
2025-12-17,9:32:42.458993288,T,KO,I,24,70.555
2025-12-17,9:32:46.389495535,T,KO,F,100,70.59
2025-12-17,9:32:46.389495535,T,KO,F I,25,70.6
2025-12-17,9:32:46.389498544,T,KO,F I,75,70.6
2025-12-17,9:32:46.389516471,T,KO,I,1,70.6
2025-12-17,9:32:48.017368581,T,KO,F I,36,70.6
2025-12-17,9:32:48.017413709,T,KO,I,44,70.59
2025-12-17,9:32:48.017452737,T,KO,,100,70.59
2025-12-17,9:32:48.017455852,T,KO,,427,70.6
2025-12-17,9:32:48.017455852,T,KO,I,30,70.6
2025-12-17,9:32:48.017459409,T,KO,I,44,70.6
2025-12-17,9:32:48.017459409,T,KO,,253,70.6
2025-12-17,9:32:48.017483739,T,KO,F I,44,70.59
2025-12-17,9:32:48.017492070,T,KO,I,44,70.59
2025-12-17,9:32:48.017500900,T,KO,F I,56,70.59
2025-12-17,9:32:48.017795514,T,KO,F I,7,70.59
2025-12-17,9:32:48.021891340,T,KO,I,7,70.6
2025-12-17,9:32:48.026074284,T,KO,I,27,70.6
2025-12-17,9:32:48.026480308,T,KO,,100,70.6
2025-12-17,9:32:50.175031751,T,KO,F,313,70.6
2025-12-17,9:32:50.175034361,T,KO,F I,37,70.6
2025-12-17,9:32:50.175046413,T,KO,I,63,70.6
2025-12-17,9:32:50.180847234,T,KO,I,2,70.605
2025-12-17,9:32:50.191372307,T,KO,,300,70.605
2025-12-17,9:32:50.272069469,T,KO,,130,70.61
2025-12-17,9:32:50.272153681,T,KO,F,170,70.61
2025-12-17,9:32:50.286302377,T,KO,,100,70.61
2025-12-17,9:32:50.289399742,T,KO,F,100,70.62
2025-12-17,9:32:50.373555230,T,KO,I,50,70.63
2025-12-17,9:32:50.411335132,T,KO,F,300,70.63
2025-12-17,9:32:50.411337720,T,KO,F I,25,70.64
2025-12-17,9:32:50.411586822,T,KO,F I,30,70.63
2025-12-17,9:32:50.411595858,T,KO,F I,73,70.63
2025-12-17,9:32:50.411674546,T,KO,F I,50,70.63
2025-12-17,9:32:50.411980675,T,KO,F I,71,70.64
2025-12-17,9:32:50.412043882,T,KO,F I,42,70.63
2025-12-17,9:32:50.412101196,T,KO,,100,70.63
2025-12-17,9:32:50.412119024,T,KO,I,1,70.63
2025-12-17,9:32:50.412191182,T,KO,,1326,70.63
2025-12-17,9:32:50.412194517,T,KO,I,44,70.63
2025-12-17,9:32:50.412194517,T,KO,,164,70.63
2025-12-17,9:32:50.412197428,T,KO,I,36,70.63
2025-12-17,9:32:50.412527998,T,KO,F I,2,70.63
2025-12-17,9:32:50.412591147,T,KO,F I,25,70.63
2025-12-17,9:32:50.412594726,T,KO,F I,34,70.63
2025-12-17,9:32:50.412597152,T,KO,F I,59,70.63
2025-12-17,9:32:50.412603255,T,KO,F I,7,70.63
2025-12-17,9:32:50.412639778,T,KO,,100,70.63
2025-12-17,9:32:50.412648303,T,KO,F I,24,70.63
2025-12-17,9:32:50.412816740,T,KO,F,200,70.63
2025-12-17,9:32:50.412819776,T,KO,F I,49,70.63
2025-12-17,9:32:50.412982206,T,KO,,100,70.63
2025-12-17,9:32:50.627209302,T,KO,F,400,70.64
2025-12-17,9:32:50.627209302,T,KO,F,137,70.64
2025-12-17,9:32:51.054082350,T,KO,F I,25,70.65
2025-12-17,9:32:51.054082350,T,KO,F I,33,70.65
2025-12-17,9:33:04.045659563,T,KO,F I,35,70.67
2025-12-17,9:33:04.045659563,T,KO,F I,45,70.67
2025-12-17,9:33:04.045755940,T,KO,,455,70.67
2025-12-17,9:33:04.045755940,T,KO,I,1,70.67
2025-12-17,9:33:05.473394000,T,KO,F I,1,70.68
2025-12-17,9:33:05.473397073,T,KO,F I,37,70.68
2025-12-17,9:33:05.878690264,T,KO,,100,70.685
2025-12-17,9:33:14.738842189,T,KO,F,100,70.69
2025-12-17,9:33:15.704565258,T,KO,F,100,70.69
2025-12-17,9:33:20.309817717,T,KO,I,1,70.7
2025-12-17,9:33:20.309820760,T,KO,,100,70.7
2025-12-17,9:33:20.309823604,T,KO,,200,70.7
2025-12-17,9:33:20.309823604,T,KO,I,1,70.7
2025-12-17,9:33:20.311555550,T,KO,I,15,70.71
2025-12-17,9:33:23.177889252,T,KO,F I,2,70.69
2025-12-17,9:33:24.979380788,T,KO,F I,40,70.7
2025-12-17,9:33:24.981618055,T,KO,I,3,70.705
2025-12-17,9:33:27.016817271,T,KO,,100,70.69
2025-12-17,9:33:27.016820242,T,KO,I,25,70.69
2025-12-17,9:33:27.016820242,T,KO,I,55,70.69
2025-12-17,9:33:27.016838374,T,KO,I,1,70.69
2025-12-17,9:33:27.020670016,T,KO,F,100,70.7
2025-12-17,9:33:27.020672540,T,KO,F I,39,70.7
2025-12-17,9:33:27.020675482,T,KO,F I,58,70.7
2025-12-17,9:33:27.020675482,T,KO,F,100,70.7
2025-12-17,9:33:28.751598003,T,KO,,100,70.705
2025-12-17,9:33:30.837609585,T,KO,F I,58,70.69
2025-12-17,9:33:30.837612537,T,KO,F I,39,70.69
2025-12-17,9:33:30.837621336,T,KO,F I,4,70.69
2025-12-17,9:33:30.837621336,T,KO,F I,39,70.69
2025-12-17,9:33:30.837621336,T,KO,F I,30,70.69
2025-12-17,9:33:30.837621336,T,KO,F,100,70.69
2025-12-17,9:33:30.837624181,T,KO,F I,25,70.69
2025-12-17,9:33:34.895753258,T,KO,I,38,70.69
2025-12-17,9:33:45.251409125,T,KO,F,100,70.7
2025-12-17,9:33:49.790900696,T,KO,F I,17,70.71
2025-12-17,9:33:49.790903697,T,KO,F I,11,70.71
2025-12-17,9:33:49.790906726,T,KO,F I,74,70.71
2025-12-17,9:33:49.790918776,T,KO,I,1,70.71
2025-12-17,9:33:49.790928071,T,KO,F I,8,70.71
2025-12-17,9:33:49.790928071,T,KO,F I,5,70.71
2025-12-17,9:33:49.790933958,T,KO,F I,1,70.71
2025-12-17,9:33:49.790933958,T,KO,F I,3,70.71
2025-12-17,9:33:49.790933958,T,KO,F I,13,70.71
2025-12-17,9:33:56.727097367,T,KO,,100,70.73
2025-12-17,9:33:56.727840034,T,KO,I,26,70.72
2025-12-17,9:34:01.533254993,T,KO,I,2,70.735
2025-12-17,9:34:01.618622241,T,KO,,100,70.735
2025-12-17,9:34:02.129394735,T,KO,,100,70.735
2025-12-17,9:34:02.283523945,T,KO,F,100,70.73
2025-12-17,9:34:02.339165313,T,KO,,100,70.715
2025-12-17,9:34:02.395775274,T,KO,F,100,70.71
2025-12-17,9:34:02.395778150,T,KO,F I,2,70.7
2025-12-17,9:34:02.395791081,T,KO,F,100,70.7
2025-12-17,9:34:02.758862932,T,KO,I,9,70.68
2025-12-17,9:34:02.912198163,T,KO,,100,70.67
2025-12-17,9:34:11.888781319,T,KO,I,18,70.67
2025-12-17,9:34:11.888781319,T,KO,I,51,70.67
2025-12-17,9:34:11.888784593,T,KO,F I,7,70.67
2025-12-17,9:34:11.888790517,T,KO,F I,42,70.67
2025-12-17,9:34:11.888790517,T,KO,F I,76,70.67
2025-12-17,9:34:11.888796599,T,KO,I,52,70.66
2025-12-17,9:34:11.888838396,T,KO,I,60,70.66
2025-12-17,9:34:11.888874502,T,KO,I,14,70.66
2025-12-17,9:34:11.888895583,T,KO,F I,25,70.66
2025-12-17,9:34:11.888898621,T,KO,F I,75,70.66
2025-12-17,9:34:11.888907558,T,KO,I,25,70.66
2025-12-17,9:34:11.889000863,T,KO,F I,60,70.66
2025-12-17,9:34:11.889000863,T,KO,F I,40,70.66
2025-12-17,9:34:11.889028621,T,KO,I,1,70.66
2025-12-17,9:34:11.889034569,T,KO,I,25,70.65
2025-12-17,9:34:11.889037536,T,KO,,100,70.65
2025-12-17,9:34:11.889040056,T,KO,I,25,70.65
2025-12-17,9:34:11.889045937,T,KO,I,59,70.66
2025-12-17,9:34:11.889048933,T,KO,I,53,70.66
2025-12-17,9:34:11.889057998,T,KO,I,1,70.65
2025-12-17,9:34:11.889100154,T,KO,I,25,70.655
2025-12-17,9:34:11.889205703,T,KO,,100,70.65
2025-12-17,9:34:11.889208288,T,KO,I,25,70.65
2025-12-17,9:34:11.889320266,T,KO,I,25,70.65
2025-12-17,9:34:11.889581202,T,KO,I,25,70.65
2025-12-17,9:34:11.892825901,T,KO,F I,90,70.65
2025-12-17,9:34:12.481499135,T,KO,,100,70.65
2025-12-17,9:34:12.481502005,T,KO,,437,70.65
2025-12-17,9:34:12.491034622,T,KO,I,25,70.66
2025-12-17,9:34:12.491034622,T,KO,I,93,70.66
2025-12-17,9:34:12.947434651,T,KO,,100,70.66
2025-12-17,9:34:12.955247281,T,KO,,100,70.66
2025-12-17,9:34:14.792581207,T,KO,F,100,70.66
2025-12-17,9:34:20.940709109,T,KO,,200,70.66
2025-12-17,9:34:21.537287833,T,KO,,100,70.675
2025-12-17,9:34:21.537287833,T,KO,I,88,70.67
2025-12-17,9:34:21.537302768,T,KO,I,1,70.67
2025-12-17,9:34:21.537877205,T,KO,I,99,70.67
2025-12-17,9:34:21.558322884,T,KO,F I,89,70.67
2025-12-17,9:34:21.558325868,T,KO,F I,25,70.67
2025-12-17,9:34:21.558328888,T,KO,F I,86,70.67
2025-12-17,9:34:21.558346912,T,KO,F I,14,70.67
2025-12-17,9:34:21.558825367,T,KO,F I,25,70.68
2025-12-17,9:34:21.558825367,T,KO,F,100,70.68
2025-12-17,9:34:21.558912326,T,KO,,100,70.68
2025-12-17,9:34:21.567575899,T,KO,,100,70.69
2025-12-17,9:34:22.409007058,T,KO,,100,70.68
2025-12-17,9:34:22.409933183,T,KO,F,100,70.68
2025-12-17,9:34:24.145360341,T,KO,F,100,70.69
2025-12-17,9:34:24.145360341,T,KO,F I,25,70.69
2025-12-17,9:34:26.395649805,T,KO,,300,70.69
2025-12-17,9:34:26.399318652,T,KO,F,100,70.69
2025-12-17,9:34:26.399324645,T,KO,F I,25,70.69
2025-12-17,9:34:26.399571141,T,KO,F,100,70.69
2025-12-17,9:34:26.400458553,T,KO,I,25,70.69
2025-12-17,9:34:26.400461311,T,KO,I,75,70.69
2025-12-17,9:34:26.400479593,T,KO,I,1,70.69
2025-12-17,9:34:26.404722459,T,KO,I,24,70.69
2025-12-17,9:34:26.473318824,T,KO,,100,70.695
2025-12-17,9:34:26.473318824,T,KO,I,2,70.69
2025-12-17,9:34:27.502522954,T,KO,F I,25,70.7
2025-12-17,9:34:27.502721424,T,KO,I,25,70.7
2025-12-17,9:34:27.502793597,T,KO,,100,70.7
2025-12-17,9:34:27.503647631,T,KO,F,100,70.7
2025-12-17,9:34:27.503650660,T,KO,F I,84,70.7
2025-12-17,9:34:27.504035641,T,KO,F I,16,70.7
2025-12-17,9:34:27.504038602,T,KO,F I,8,70.7
2025-12-17,9:34:27.504312250,T,KO,F I,1,70.7
2025-12-17,9:34:27.516840077,T,KO,F I,25,70.71
2025-12-17,9:34:27.516843121,T,KO,F I,75,70.71
2025-12-17,9:34:27.516861277,T,KO,F I,25,70.71
2025-12-17,9:34:27.577284031,T,KO,I,4,70.71
2025-12-17,9:34:27.578925942,T,KO,F I,25,70.7
2025-12-17,9:34:27.578929001,T,KO,F I,30,70.7
2025-12-17,9:34:27.578929001,T,KO,F I,37,70.7
2025-12-17,9:34:28.776850071,T,KO,F I,5,70.7
2025-12-17,9:34:28.776850071,T,KO,F I,30,70.7
2025-12-17,9:34:28.776853056,T,KO,F I,25,70.7
2025-12-17,9:34:28.777914630,T,KO,,100,70.705
2025-12-17,9:34:28.806377421,T,KO,F,100,70.7
2025-12-17,9:34:28.806380361,T,KO,F I,2,70.7
2025-12-17,9:34:35.593554249,T,KO,,100,70.68
2025-12-17,9:34:37.959968072,T,KO,F,200,70.66
2025-12-17,9:34:43.546036214,T,KO,F,100,70.66
2025-12-17,9:34:43.546526403,T,KO,,100,70.65
2025-12-17,9:34:43.546842215,T,KO,I,21,70.655
2025-12-17,9:34:43.547157936,T,KO,I,21,70.65
2025-12-17,9:34:43.547160936,T,KO,I,79,70.65
2025-12-17,9:34:45.139627726,T,KO,,100,70.64
2025-12-17,9:34:52.943107938,T,KO,F,100,70.66
2025-12-17,9:34:52.943126547,T,KO,I,1,70.66
2025-12-17,9:34:52.943649200,T,KO,I,13,70.66
2025-12-17,9:34:55.969507093,T,KO,,100,70.67
2025-12-17,9:34:55.969507093,T,KO,,100,70.67
2025-12-17,9:34:55.978377931,T,KO,I,2,70.66
2025-12-17,9:34:55.978666543,T,KO,F I,4,70.66
2025-12-17,9:34:55.984431654,T,KO,F I,28,70.67
2025-12-17,9:34:55.984435115,T,KO,F I,72,70.67
2025-12-17,9:34:55.984452412,T,KO,F I,3,70.67
2025-12-17,9:34:59.095487802,T,KO,F,100,70.69
2025-12-17,9:34:59.108430622,T,KO,,100,70.7
2025-12-17,9:35:01.357805857,T,KO,I,14,70.71
2025-12-17,9:35:01.357811859,T,KO,I,86,70.71
2025-12-17,9:35:01.357823968,T,KO,I,1,70.71
2025-12-17,9:35:01.357830244,T,KO,F,313,70.71
2025-12-17,9:35:01.357833240,T,KO,F I,1,70.71
2025-12-17,9:35:01.357835933,T,KO,I,99,70.71
2025-12-17,9:35:01.556143289,T,KO,F I,28,70.71
2025-12-17,9:35:01.556146461,T,KO,F,100,70.71
2025-12-17,9:35:01.556146461,T,KO,F,100,70.71
2025-12-17,9:35:01.556149303,T,KO,F,100,70.71
2025-12-17,9:35:01.556152219,T,KO,F,101,70.71
2025-12-17,9:35:08.093283438,T,KO,,100,70.695
2025-12-17,9:35:08.119163211,T,KO,F,200,70.7
2025-12-17,9:35:08.119166099,T,KO,F,100,70.7
2025-12-17,9:35:08.147926572,T,KO,,100,70.7
2025-12-17,9:35:08.191074003,T,KO,F I,2,70.69
2025-12-17,9:35:08.222522414,T,KO,,300,70.675
2025-12-17,9:35:12.842061457,T,KO,F I,7,70.66
2025-12-17,9:35:12.842064491,T,KO,F,100,70.66
2025-12-17,9:35:18.042900097,T,KO,F,200,70.67
2025-12-17,9:35:20.337875944,T,KO,I,2,70.67
2025-12-17,9:35:21.709821413,T,KO,F I,5,70.66
2025-12-17,9:35:22.252680382,T,KO,,100,70.66
2025-12-17,9:35:23.038433815,T,KO,F,100,70.66
2025-12-17,9:35:25.597751189,T,KO,F,226,70.66
2025-12-17,9:35:25.597769245,T,KO,F I,74,70.66
2025-12-17,9:35:25.597772283,T,KO,I,1,70.66
2025-12-17,9:35:25.597775222,T,KO,I,56,70.66
2025-12-17,9:35:27.044626191,T,KO,F,300,70.67
2025-12-17,9:35:30.023953849,T,KO,F,100,70.67
2025-12-17,9:35:30.023953849,T,KO,F I,95,70.67
2025-12-17,9:35:30.023956868,T,KO,F I,5,70.67
2025-12-17,9:35:31.659065217,T,KO,F I,4,70.68
2025-12-17,9:35:31.659071189,T,KO,F,100,70.68
2025-12-17,9:35:31.844991995,T,KO,,100,70.7
2025-12-17,9:35:32.371741511,T,KO,,100,70.69
2025-12-17,9:35:35.071652785,T,KO,F I,2,70.69
2025-12-17,9:35:39.344992427,T,KO,,100,70.695
2025-12-17,9:35:48.039548884,T,KO,F,100,70.7
2025-12-17,9:35:48.039551862,T,KO,F,100,70.7
2025-12-17,9:35:51.238161871,T,KO,I,25,70.74
2025-12-17,9:35:51.238499339,T,KO,F,100,70.74
2025-12-17,9:35:51.238505266,T,KO,F I,7,70.73
2025-12-17,9:35:51.238509017,T,KO,F I,29,70.73
2025-12-17,9:35:51.238514131,T,KO,F I,33,70.73
2025-12-17,9:35:51.238514131,T,KO,F I,74,70.73
2025-12-17,9:35:51.238514131,T,KO,F I,38,70.73
2025-12-17,9:35:51.238514131,T,KO,F I,25,70.73
2025-12-17,9:35:51.238514131,T,KO,F,100,70.73
2025-12-17,9:35:55.734512645,T,KO,F I,70,70.725
2025-12-17,9:35:57.524122834,T,KO,I,18,70.725
2025-12-17,9:35:57.589218922,T,KO,,100,70.73
2025-12-17,9:36:01.182055907,T,KO,F I,74,70.74
2025-12-17,9:36:01.182060236,T,KO,F I,33,70.74
2025-12-17,9:36:01.182066696,T,KO,F I,33,70.74
2025-12-17,9:36:01.182066696,T,KO,F I,29,70.74
2025-12-17,9:36:01.182071910,T,KO,F I,34,70.74
2025-12-17,9:36:01.182078242,T,KO,F I,40,70.74
2025-12-17,9:36:01.182078242,T,KO,F I,11,70.74
2025-12-17,9:36:01.182083113,T,KO,F I,40,70.74
2025-12-17,9:36:01.182693387,T,KO,F,100,70.75
2025-12-17,9:36:01.226679558,T,KO,F,100,70.76
2025-12-17,9:36:01.226700143,T,KO,F I,1,70.76
2025-12-17,9:36:01.250829557,T,KO,I,25,70.77
2025-12-17,9:36:01.250832621,T,KO,,100,70.77
2025-12-17,9:36:01.279743418,T,KO,F,100,70.77
2025-12-17,9:36:01.279743418,T,KO,F,100,70.77
2025-12-17,9:36:01.411141450,T,KO,,100,70.77
2025-12-17,9:36:01.411174448,T,KO,,100,70.77
2025-12-17,9:36:01.791189698,T,KO,I,25,70.78
2025-12-17,9:36:01.791189698,T,KO,I,1,70.78
2025-12-17,9:36:05.855820028,T,KO,F I,88,70.79
2025-12-17,9:36:05.855838089,T,KO,I,1,70.79
2025-12-17,9:36:07.461434055,T,KO,,100,70.79
2025-12-17,9:36:11.310812814,T,KO,I,2,70.78
2025-12-17,9:36:13.124587734,T,KO,,100,70.78
2025-12-17,9:36:14.026510778,T,KO,I,83,70.78
2025-12-17,9:36:18.298647571,T,KO,I,10,70.78
2025-12-17,9:36:18.353029119,T,KO,I,10,70.78
2025-12-17,9:36:20.129344721,T,KO,I,80,70.78
2025-12-17,9:36:22.087732420,T,KO,,100,70.78
2025-12-17,9:36:22.087743949,T,KO,,100,70.78
2025-12-17,9:36:22.098311127,T,KO,I,53,70.78
2025-12-17,9:36:22.117641196,T,KO,F I,50,70.77
2025-12-17,9:36:23.630923278,T,KO,F I,33,70.76
2025-12-17,9:36:26.443648366,T,KO,I,6,70.75
2025-12-17,9:36:26.445043612,T,KO,I,10,70.75
2025-12-17,9:36:26.629590205,T,KO,I,8,70.75
2025-12-17,9:36:26.735508399,T,KO,,100,70.75
2025-12-17,9:36:26.930369533,T,KO,,300,70.75
2025-12-17,9:36:26.972671301,T,KO,I,76,70.75
2025-12-17,9:36:26.987012420,T,KO,,100,70.74
2025-12-17,9:36:27.064473931,T,KO,F,100,70.72
2025-12-17,9:36:27.894375484,T,KO,I,17,70.72
2025-12-17,9:36:28.086620280,T,KO,F I,34,70.73
2025-12-17,9:36:28.086620280,T,KO,F I,25,70.73
2025-12-17,9:36:31.802263804,T,KO,F I,25,70.77
2025-12-17,9:36:32.225684150,T,KO,,100,70.78
2025-12-17,9:36:34.049040772,T,KO,F I,4,70.79
2025-12-17,9:36:36.841142598,T,KO,F,100,70.8
2025-12-17,9:36:36.841142598,T,KO,F I,40,70.8
2025-12-17,9:36:36.841160708,T,KO,I,1,70.8
2025-12-17,9:36:36.841163700,T,KO,I,59,70.8
2025-12-17,9:36:36.841650863,T,KO,,100,70.795
2025-12-17,9:36:36.842104937,T,KO,F I,79,70.795
2025-12-17,9:36:36.843936317,T,KO,I,25,70.79
2025-12-17,9:36:36.858812737,T,KO,,100,70.8
2025-12-17,9:36:38.088050614,T,KO,F I,9,70.79
2025-12-17,9:36:38.088056419,T,KO,F,100,70.79
2025-12-17,9:36:42.586458089,T,KO,F I,13,70.76
2025-12-17,9:36:48.386876720,T,KO,,100,70.77
2025-12-17,9:36:48.386879645,T,KO,,109,70.77
2025-12-17,9:36:48.388220790,T,KO,,100,70.78
2025-12-17,9:36:48.388509547,T,KO,,100,70.78
2025-12-17,9:36:50.280492514,T,KO,F,200,70.79
2025-12-17,9:36:50.281963015,T,KO,I,27,70.79
2025-12-17,9:36:50.282393034,T,KO,I,73,70.79
2025-12-17,9:36:50.316022163,T,KO,,100,70.79
2025-12-17,9:36:50.316172635,T,KO,F I,25,70.78
2025-12-17,9:36:50.316176227,T,KO,F I,25,70.78
2025-12-17,9:36:53.656248443,T,KO,,100,70.73
2025-12-17,9:36:57.140848500,T,KO,F I,2,70.72
2025-12-17,9:36:57.140848500,T,KO,F I,2,70.72
2025-12-17,9:36:57.140890686,T,KO,I,42,70.72
2025-12-17,9:36:57.893823912,T,KO,I,6,70.715
2025-12-17,9:36:58.592492905,T,KO,F I,1,70.72
2025-12-17,9:36:58.592492905,T,KO,F I,5,70.72
2025-12-17,9:36:58.593160456,T,KO,I,20,70.73
2025-12-17,9:37:05.156225435,T,KO,,100,70.72
2025-12-17,9:37:10.729495038,T,KO,F I,5,70.71
2025-12-17,9:37:10.729498029,T,KO,F,200,70.71
2025-12-17,9:37:12.348729178,T,KO,I,16,70.68
2025-12-17,9:37:12.348731437,T,KO,I,41,70.68
2025-12-17,9:37:18.173096070,T,KO,,200,70.7
2025-12-17,9:37:29.750504506,T,KO,,100,70.74
2025-12-17,9:37:33.193419299,T,KO,F,100,70.74
2025-12-17,9:37:33.193455341,T,KO,I,9,70.74
2025-12-17,9:37:33.406133873,T,KO,I,10,70.74
2025-12-17,9:37:35.943312555,T,KO,F I,81,70.74
2025-12-17,9:37:36.384394039,T,KO,I,2,70.73
2025-12-17,9:37:36.384397149,T,KO,,100,70.73
2025-12-17,9:37:36.384409112,T,KO,F,100,70.73
2025-12-17,9:37:37.650523564,T,KO,,100,70.735
2025-12-17,9:37:42.645672240,T,KO,F,100,70.73
2025-12-17,9:37:42.671633162,T,KO,,101,70.74
2025-12-17,9:37:43.915271969,T,KO,,100,70.74
2025-12-17,9:37:43.915271969,T,KO,,100,70.74
2025-12-17,9:37:46.858853633,T,KO,F,100,70.75
2025-12-17,9:37:52.673974464,T,KO,F I,10,70.75
2025-12-17,9:37:53.308061371,T,KO,,100,70.755
2025-12-17,9:37:53.318995404,T,KO,,100,70.755
2025-12-17,9:37:53.323082035,T,KO,F,300,70.75
2025-12-17,9:37:53.537324323,T,KO,,100,70.75
2025-12-17,9:37:54.284468732,T,KO,,300,70.75
2025-12-17,9:37:55.062466723,T,KO,,150,70.75
2025-12-17,9:37:56.198145415,T,KO,F I,54,70.74
2025-12-17,9:37:56.198148480,T,KO,F I,25,70.74
2025-12-17,9:37:56.198148480,T,KO,I,79,70.74
2025-12-17,9:37:58.376476545,T,KO,I,10,70.74
2025-12-17,9:37:58.485026064,T,KO,I,10,70.74
2025-12-17,9:37:59.310290549,T,KO,I,90,70.74
2025-12-17,9:37:59.310290549,T,KO,I,12,70.73
2025-12-17,9:37:59.310362831,T,KO,F I,88,70.73
2025-12-17,9:37:59.310362831,T,KO,F I,2,70.73
2025-12-17,9:37:59.310365974,T,KO,I,80,70.73
2025-12-17,9:37:59.310407787,T,KO,I,80,70.73
2025-12-17,9:37:59.310549141,T,KO,I,1,70.72
2025-12-17,9:37:59.316343975,T,KO,F,100,70.73
2025-12-17,9:37:59.316346925,T,KO,F I,40,70.73
2025-12-17,9:37:59.316404038,T,KO,I,2,70.73
2025-12-17,9:37:59.316404038,T,KO,,100,70.73
2025-12-17,9:37:59.316425137,T,KO,I,1,70.73
2025-12-17,9:37:59.316924413,T,KO,I,23,70.73
2025-12-17,9:37:59.316924413,T,KO,,180,70.73
2025-12-17,9:37:59.316931300,T,KO,,100,70.73
2025-12-17,9:37:59.316931300,T,KO,I,25,70.73
2025-12-17,9:37:59.924175549,T,KO,I,3,70.74
2025-12-17,9:38:01.633864465,T,KO,I,10,70.745
2025-12-17,9:38:02.794918147,T,KO,I,3,70.75
2025-12-17,9:38:02.794920685,T,KO,I,25,70.75
2025-12-17,9:38:03.321577005,T,KO,F I,25,70.76
2025-12-17,9:38:03.321622404,T,KO,I,10,70.76
2025-12-17,9:38:03.341679837,T,KO,I,5,70.765
2025-12-17,9:38:04.155670508,T,KO,F I,72,70.76
2025-12-17,9:38:04.155688655,T,KO,I,28,70.76
2025-12-17,9:38:04.919146935,T,KO,I,1,70.76
2025-12-17,9:38:04.919146935,T,KO,I,5,70.76
2025-12-17,9:38:05.321712563,T,KO,F I,50,70.77
2025-12-17,9:38:05.321871954,T,KO,I,50,70.77
2025-12-17,9:38:06.256985124,T,KO,F I,25,70.78
2025-12-17,9:38:06.980520288,T,KO,F I,25,70.79
2025-12-17,9:38:08.201214650,T,KO,F I,50,70.8
2025-12-17,9:38:08.202131930,T,KO,F I,1,70.8
2025-12-17,9:38:12.737479468,T,KO,,100,70.79
2025-12-17,9:38:13.059263792,T,KO,,100,70.79
2025-12-17,9:38:14.554024951,T,KO,F I,8,70.76
2025-12-17,9:38:14.597322056,T,KO,,100,70.755
2025-12-17,9:38:15.608967465,T,KO,F I,14,70.75
2025-12-17,9:38:15.608970621,T,KO,F I,1,70.75
2025-12-17,9:38:15.608970621,T,KO,F I,1,70.75
2025-12-17,9:38:15.608997505,T,KO,F I,10,70.75
2025-12-17,9:38:23.913666442,T,KO,F,100,70.74
2025-12-17,9:38:27.876594776,T,KO,,100,70.73
2025-12-17,9:38:31.345344294,T,KO,F I,2,70.72
2025-12-17,9:38:31.345416417,T,KO,,200,70.72
2025-12-17,9:38:31.346941060,T,KO,F,100,70.71
2025-12-17,9:38:31.368875227,T,KO,F I,59,70.71
2025-12-17,9:38:40.738909469,T,KO,I,4,70.71
2025-12-17,9:38:59.140157672,T,KO,I,46,70.7
2025-12-17,9:38:59.159193045,T,KO,F I,5,70.7
2025-12-17,9:39:00.525202418,T,KO,F,100,70.71
2025-12-17,9:39:02.706516622,T,KO,,122,70.71
2025-12-17,9:39:02.706657880,T,KO,,100,70.71
2025-12-17,9:39:02.718259512,T,KO,,100,70.71
2025-12-17,9:39:02.930346079,T,KO,F I,1,70.72
2025-12-17,9:39:02.930348668,T,KO,F I,1,70.72
2025-12-17,9:39:02.930355002,T,KO,F I,1,70.72
2025-12-17,9:39:02.930357675,T,KO,F I,1,70.72
2025-12-17,9:39:02.998403687,T,KO,I,60,70.715
2025-12-17,9:39:03.062450221,T,KO,F,100,70.71
2025-12-17,9:39:03.062453269,T,KO,F I,27,70.71
2025-12-17,9:39:03.173119905,T,KO,F,112,70.71
2025-12-17,9:39:03.174106433,T,KO,I,60,70.72
2025-12-17,9:39:03.174106433,T,KO,I,40,70.72
2025-12-17,9:39:03.174127222,T,KO,I,1,70.72
2025-12-17,9:39:03.176569088,T,KO,F I,59,70.72
2025-12-17,9:39:03.176569088,T,KO,F,100,70.72
2025-12-17,9:39:03.176620222,T,KO,F,100,70.72
2025-12-17,9:39:03.176641235,T,KO,I,1,70.72
2025-12-17,9:39:03.177005094,T,KO,F I,25,70.71
2025-12-17,9:39:03.177811574,T,KO,F I,25,70.71
2025-12-17,9:39:03.177814487,T,KO,F I,2,70.71
2025-12-17,9:39:03.197934902,T,KO,F I,25,70.72
2025-12-17,9:39:03.210056785,T,KO,F I,7,70.72
2025-12-17,9:39:07.593554893,T,KO,I,50,70.695
2025-12-17,9:39:07.593684143,T,KO,I,4,70.69
2025-12-17,9:39:10.073835136,T,KO,F,100,70.69
2025-12-17,9:39:15.324117565,T,KO,F,100,70.7
2025-12-17,9:39:15.324183722,T,KO,,100,70.7
2025-12-17,9:39:15.324255843,T,KO,,100,70.7
2025-12-17,9:39:15.356098669,T,KO,I,25,70.69
2025-12-17,9:39:15.356098669,T,KO,,100,70.69
2025-12-17,9:39:15.378706499,T,KO,I,25,70.69
2025-12-17,9:39:15.389009115,T,KO,F I,26,70.685
2025-12-17,9:39:15.403338336,T,KO,F I,1,70.69
2025-12-17,9:39:15.403338336,T,KO,F I,8,70.69
2025-12-17,9:39:15.414633076,T,KO,F I,1,70.69
2025-12-17,9:39:15.918200360,T,KO,F I,16,70.69
2025-12-17,9:39:16.621046312,T,KO,F I,25,70.7
2025-12-17,9:39:16.621049364,T,KO,F I,27,70.7
2025-12-17,9:39:18.422255233,T,KO,F,100,70.7
2025-12-17,9:39:18.422255233,T,KO,F,100,70.7
2025-12-17,9:39:19.105485476,T,KO,I,17,70.68
2025-12-17,9:39:19.105503443,T,KO,I,83,70.68
2025-12-17,9:39:19.105506502,T,KO,I,16,70.68
2025-12-17,9:39:19.105512759,T,KO,I,83,70.68
2025-12-17,9:39:19.105551569,T,KO,,100,70.68
2025-12-17,9:39:19.105599746,T,KO,F I,1,70.68
2025-12-17,9:39:19.287238308,T,KO,I,10,70.68
2025-12-17,9:39:28.165114479,T,KO,I,9,70.67
2025-12-17,9:39:28.165117823,T,KO,I,68,70.67
2025-12-17,9:39:28.165120702,T,KO,I,2,70.67
2025-12-17,9:39:28.165766990,T,KO,F,100,70.66
2025-12-17,9:39:33.953299855,T,KO,F,100,70.68
2025-12-17,9:39:35.938372686,T,KO,F I,2,70.67
2025-12-17,9:39:35.938376638,T,KO,F I,17,70.67
2025-12-17,9:39:35.938376638,T,KO,F I,25,70.67
2025-12-17,9:39:35.938378676,T,KO,I,44,70.67
2025-12-17,9:39:38.968488414,T,KO,F,100,70.66
2025-12-17,9:39:39.017574317,T,KO,F,100,70.66
2025-12-17,9:39:39.017592452,T,KO,F I,25,70.66
2025-12-17,9:39:39.017595555,T,KO,I,1,70.66
2025-12-17,9:39:39.017643447,T,KO,I,8,70.66
2025-12-17,9:39:39.017899062,T,KO,I,8,70.66
2025-12-17,9:39:39.310520665,T,KO,F,100,70.65
2025-12-17,9:39:40.119028539,T,KO,I,12,70.65
2025-12-17,9:39:40.409875251,T,KO,F,100,70.64
2025-12-17,9:39:40.409878298,T,KO,F,100,70.64
2025-12-17,9:39:40.453178405,T,KO,F I,1,70.65
2025-12-17,9:39:40.465537855,T,KO,I,10,70.65
2025-12-17,9:39:45.566481591,T,KO,I,10,70.64
2025-12-17,9:39:45.657240703,T,KO,I,10,70.64
2025-12-17,9:39:45.687125915,T,KO,F I,25,70.64
2025-12-17,9:39:45.687171117,T,KO,I,90,70.64
2025-12-17,9:39:46.002023824,T,KO,I,25,70.63
2025-12-17,9:39:46.015195263,T,KO,I,15,70.625
2025-12-17,9:39:46.015225352,T,KO,I,1,70.625
2025-12-17,9:39:46.055485322,T,KO,F I,1,70.63
2025-12-17,9:39:46.055488156,T,KO,F I,24,70.63
2025-12-17,9:39:46.055509988,T,KO,F,486,70.63
2025-12-17,9:39:46.055509988,T,KO,F I,7,70.63
2025-12-17,9:39:46.055515513,T,KO,F I,25,70.63
2025-12-17,9:39:46.081010404,T,KO,F I,28,70.64
2025-12-17,9:39:46.081012957,T,KO,F I,25,70.64
2025-12-17,9:39:46.081012957,T,KO,F I,40,70.64
2025-12-17,9:39:46.081031058,T,KO,I,1,70.64
2025-12-17,9:39:46.095754067,T,KO,I,81,70.635
2025-12-17,9:39:46.095820254,T,KO,I,19,70.635
2025-12-17,9:39:46.095820254,T,KO,I,1,70.63
2025-12-17,9:39:46.095838338,T,KO,I,6,70.63
2025-12-17,9:39:46.095898439,T,KO,I,19,70.63
2025-12-17,9:39:46.134441289,T,KO,I,1,70.63
2025-12-17,9:39:47.016411780,T,KO,I,3,70.63
2025-12-17,9:39:47.278807714,T,KO,,100,70.63
2025-12-17,9:39:47.340800311,T,KO,F I,25,70.65
2025-12-17,9:39:47.341913413,T,KO,I,27,70.64
2025-12-17,9:39:47.341913413,T,KO,I,33,70.64
2025-12-17,9:39:47.341919035,T,KO,I,85,70.64
2025-12-17,9:39:47.341919035,T,KO,I,28,70.64
2025-12-17,9:39:47.341922076,T,KO,I,25,70.64
2025-12-17,9:39:47.341934058,T,KO,I,1,70.64
2025-12-17,9:39:47.341958083,T,KO,I,99,70.64
2025-12-17,9:39:47.354585597,T,KO,F,100,70.64
2025-12-17,9:39:47.354588968,T,KO,F I,1,70.64
2025-12-17,9:39:47.354603725,T,KO,I,1,70.64
2025-12-17,9:39:47.354610530,T,KO,F I,83,70.64
2025-12-17,9:39:47.354610530,T,KO,F,101,70.64
2025-12-17,9:39:47.354615682,T,KO,F I,27,70.64
2025-12-17,9:39:47.354615682,T,KO,F,661,70.64
2025-12-17,9:39:47.377800818,T,KO,F,100,70.655
2025-12-17,9:39:47.377800818,T,KO,F I,15,70.66
2025-12-17,9:39:48.099786977,T,KO,F I,10,70.66
2025-12-17,9:39:48.099786977,T,KO,F I,3,70.66
2025-12-17,9:39:48.116374533,T,KO,F I,2,70.66
2025-12-17,9:39:51.017016814,T,KO,I,3,70.65
2025-12-17,9:39:51.284648184,T,KO,F I,61,70.66
2025-12-17,9:39:51.294586937,T,KO,F I,6,70.66
2025-12-17,9:39:51.862844275,T,KO,F,100,70.655
2025-12-17,9:39:51.862847229,T,KO,F I,25,70.65
2025-12-17,9:39:51.986481000,T,KO,I,28,70.65
2025-12-17,9:39:51.986483791,T,KO,I,69,70.65
2025-12-17,9:39:51.998765189,T,KO,F I,1,70.65
2025-12-17,9:39:51.998765189,T,KO,F I,9,70.65
2025-12-17,9:39:52.014420323,T,KO,F I,1,70.65
2025-12-17,9:39:55.093690976,T,KO,I,3,70.64
2025-12-17,9:39:55.125627250,T,KO,F I,21,70.65
2025-12-17,9:39:55.125627250,T,KO,F I,25,70.65
2025-12-17,9:39:55.403458749,T,KO,,100,70.65
2025-12-17,9:39:55.427792659,T,KO,I,30,70.645
2025-12-17,9:39:55.440019820,T,KO,I,3,70.645
2025-12-17,9:39:55.452126655,T,KO,I,1,70.645
2025-12-17,9:39:55.890083735,T,KO,F,197,70.64
2025-12-17,9:39:57.014575847,T,KO,I,3,70.63
2025-12-17,9:39:58.014688741,T,KO,I,3,70.63
2025-12-17,9:39:58.014977496,T,KO,I,13,70.63
2025-12-17,9:39:59.007419161,T,KO,,100,70.64
2025-12-17,9:40:00.016779015,T,KO,I,3,70.64
2025-12-17,9:40:01.019219461,T,KO,I,3,70.645
2025-12-17,9:40:01.429104619,T,KO,I,4,70.645
2025-12-17,9:40:02.017651368,T,KO,I,3,70.645
2025-12-17,9:40:04.152234212,T,KO,I,13,70.64
2025-12-17,9:40:05.017890950,T,KO,I,3,70.64
2025-12-17,9:40:06.022598738,T,KO,I,3,70.64
2025-12-17,9:40:06.945060788,T,KO,I,1,70.65
2025-12-17,9:40:08.018506269,T,KO,I,3,70.645
2025-12-17,9:40:08.290973227,T,KO,I,18,70.645
2025-12-17,9:40:09.257736764,T,KO,,100,70.64
2025-12-17,9:40:11.163444467,T,KO,I,14,70.64
2025-12-17,9:40:15.710772648,T,KO,F I,6,70.62
2025-12-17,9:40:15.710775733,T,KO,F,100,70.62
2025-12-17,9:40:15.716360018,T,KO,,100,70.615
2025-12-17,9:40:16.557087336,T,KO,I,10,70.61
2025-12-17,9:40:16.697858582,T,KO,I,10,70.61
2025-12-17,9:40:16.798694698,T,KO,F I,80,70.61
2025-12-17,9:40:16.798697888,T,KO,F I,9,70.6
2025-12-17,9:40:16.798703774,T,KO,F I,25,70.6
2025-12-17,9:40:16.798707130,T,KO,F I,20,70.6
2025-12-17,9:40:16.798707130,T,KO,I,80,70.6
2025-12-17,9:40:16.937664741,T,KO,,300,70.58
2025-12-17,9:40:17.084146614,T,KO,,100,70.58
2025-12-17,9:40:17.181097438,T,KO,,100,70.58
2025-12-17,9:40:17.407756311,T,KO,F I,25,70.59
2025-12-17,9:40:17.407762338,T,KO,F I,25,70.59
2025-12-17,9:40:17.407777341,T,KO,I,50,70.59
2025-12-17,9:40:17.510050966,T,KO,F I,39,70.585
2025-12-17,9:40:17.510402935,T,KO,F I,39,70.585
2025-12-17,9:40:17.641479017,T,KO,F I,14,70.59
2025-12-17,9:40:17.641539136,T,KO,F I,1,70.59
2025-12-17,9:40:18.526757335,T,KO,F I,1,70.59
2025-12-17,9:40:18.526760815,T,KO,F I,5,70.59
2025-12-17,9:40:18.840539738,T,KO,F I,50,70.6
2025-12-17,9:40:22.163273296,T,KO,I,50,70.58
2025-12-17,9:40:22.163273296,T,KO,I,1,70.58
2025-12-17,9:40:22.200637383,T,KO,F I,10,70.575
2025-12-17,9:40:22.200637383,T,KO,F I,15,70.58
2025-12-17,9:40:25.985664953,T,KO,F I,10,70.59
2025-12-17,9:40:26.001816353,T,KO,F I,1,70.6
2025-12-17,9:40:26.021077225,T,KO,I,23,70.6
2025-12-17,9:40:26.026625621,T,KO,F I,22,70.61
2025-12-17,9:40:26.028471903,T,KO,F I,25,70.6
2025-12-17,9:40:26.136248596,T,KO,I,10,70.6
2025-12-17,9:40:26.155581648,T,KO,F I,1,70.61
2025-12-17,9:40:26.319174193,T,KO,I,30,70.6
2025-12-17,9:40:26.339547703,T,KO,F I,3,70.61
2025-12-17,9:40:26.360943658,T,KO,F I,1,70.61
2025-12-17,9:40:26.452301290,T,KO,I,10,70.6
2025-12-17,9:40:26.467520490,T,KO,F I,1,70.61
2025-12-17,9:40:27.590737616,T,KO,I,10,70.6
2025-12-17,9:40:27.607301154,T,KO,F I,1,70.61
2025-12-17,9:40:27.733376432,T,KO,I,10,70.6
2025-12-17,9:40:27.749882722,T,KO,F I,1,70.61
2025-12-17,9:40:28.381064969,T,KO,I,10,70.6
2025-12-17,9:40:28.381098028,T,KO,I,90,70.6
2025-12-17,9:40:28.401588816,T,KO,F I,10,70.61
2025-12-17,9:40:28.443319175,T,KO,F I,1,70.61
2025-12-17,9:40:28.552382946,T,KO,I,10,70.6
2025-12-17,9:40:28.565861070,T,KO,F I,1,70.61
2025-12-17,9:40:29.180428719,T,KO,F I,1,70.61
2025-12-17,9:40:29.292156885,T,KO,I,10,70.6
2025-12-17,9:40:29.316229196,T,KO,F I,1,70.61
2025-12-17,9:40:29.316253286,T,KO,F,156,70.61
2025-12-17,9:40:29.316256181,T,KO,F I,10,70.61
2025-12-17,9:40:29.316274319,T,KO,I,1,70.61
2025-12-17,9:40:29.316496910,T,KO,I,20,70.61
2025-12-17,9:40:29.317125489,T,KO,F I,1,70.61
2025-12-17,9:40:29.317816984,T,KO,,100,70.61
2025-12-17,9:40:29.317816984,T,KO,,570,70.61
2025-12-17,9:40:29.341799165,T,KO,F I,25,70.62
2025-12-17,9:40:29.342132878,T,KO,I,1,70.62
2025-12-17,9:40:29.404218771,T,KO,F I,31,70.61
2025-12-17,9:40:29.459932698,T,KO,I,3,70.62
2025-12-17,9:40:29.460001633,T,KO,F I,84,70.61
2025-12-17,9:40:29.472806219,T,KO,F I,9,70.61
2025-12-17,9:40:36.834901125,T,KO,F I,1,70.61
2025-12-17,9:40:36.834937156,T,KO,I,4,70.61
2025-12-17,9:40:41.106971733,T,KO,I,1,70.6
2025-12-17,9:40:41.928167556,T,KO,F I,3,70.59
2025-12-17,9:40:41.992241189,T,KO,F I,16,70.59
2025-12-17,9:40:41.992262188,T,KO,F I,6,70.59
2025-12-17,9:40:41.992265279,T,KO,F I,79,70.59
2025-12-17,9:40:41.992268179,T,KO,F I,25,70.59
2025-12-17,9:40:41.992286232,T,KO,I,1,70.59
2025-12-17,9:40:43.296522500,T,KO,F I,25,70.58
2025-12-17,9:40:48.811759840,T,KO,F,100,70.58
2025-12-17,9:40:48.811762928,T,KO,F,100,70.58
2025-12-17,9:40:49.944584997,T,KO,F I,21,70.58
2025-12-17,9:40:50.114354241,T,KO,F I,25,70.575
2025-12-17,9:40:50.114685052,T,KO,F I,25,70.575
2025-12-17,9:40:50.114697052,T,KO,F I,25,70.575
2025-12-17,9:40:50.114985781,T,KO,I,25,70.575
2025-12-17,9:40:50.553682552,T,KO,I,48,70.565
2025-12-17,9:40:52.941513557,T,KO,I,1,70.565
2025-12-17,9:40:52.945161209,T,KO,I,1,70.565
2025-12-17,9:40:52.952101741,T,KO,F I,1,70.57
2025-12-17,9:40:52.952170883,T,KO,F I,1,70.57
2025-12-17,9:40:52.962332125,T,KO,F I,1,70.57
2025-12-17,9:40:52.962332125,T,KO,F I,1,70.57
2025-12-17,9:40:52.975133602,T,KO,F I,8,70.565
2025-12-17,9:40:53.121681597,T,KO,I,10,70.565
2025-12-17,9:40:53.134780881,T,KO,F I,1,70.57
2025-12-17,9:40:53.145005191,T,KO,F I,1,70.57
2025-12-17,9:40:53.684493486,T,KO,F I,18,70.56
2025-12-17,9:40:53.684496113,T,KO,F I,28,70.56
2025-12-17,9:40:53.721884219,T,KO,F I,24,70.56
2025-12-17,9:40:53.721884219,T,KO,F I,11,70.56
2025-12-17,9:40:53.787335045,T,KO,F I,42,70.56
2025-12-17,9:40:53.852374014,T,KO,F I,5,70.56
2025-12-17,9:40:53.852374014,T,KO,F I,6,70.56
2025-12-17,9:40:53.852376920,T,KO,F I,24,70.56
2025-12-17,9:40:53.903258143,T,KO,F I,18,70.57
2025-12-17,9:40:53.916946706,T,KO,,100,70.565
2025-12-17,9:40:54.462854837,T,KO,I,6,70.57
2025-12-17,9:40:54.474245963,T,KO,I,1,70.565
2025-12-17,9:40:54.619726816,T,KO,F I,20,70.56
2025-12-17,9:40:55.452445623,T,KO,I,1,70.57
2025-12-17,9:40:55.452445623,T,KO,I,20,70.57
2025-12-17,9:40:55.452448670,T,KO,I,4,70.57
2025-12-17,9:40:55.461770842,T,KO,I,30,70.575
2025-12-17,9:40:55.470103778,T,KO,F I,25,70.575
2025-12-17,9:40:56.055733498,T,KO,,100,70.57
2025-12-17,9:40:59.037451839,T,KO,F I,16,70.57
2025-12-17,9:40:59.042762518,T,KO,I,12,70.57
2025-12-17,9:40:59.071562149,T,KO,F I,3,70.58
2025-12-17,9:41:00.271777671,T,KO,F I,35,70.56
2025-12-17,9:41:00.271795693,T,KO,F,100,70.56
2025-12-17,9:41:01.897208921,T,KO,F I,61,70.56
2025-12-17,9:41:01.910404315,T,KO,F I,1,70.57
2025-12-17,9:41:01.910455551,T,KO,F I,1,70.57
2025-12-17,9:41:01.914298600,T,KO,F I,1,70.57
2025-12-17,9:41:01.914304585,T,KO,F I,1,70.57
2025-12-17,9:41:02.112530654,T,KO,,100,70.57
2025-12-17,9:41:03.389600509,T,KO,I,10,70.56
2025-12-17,9:41:05.499776897,T,KO,F I,22,70.58
2025-12-17,9:41:05.499779894,T,KO,F I,60,70.58
2025-12-17,9:41:05.499782907,T,KO,F,100,70.58
2025-12-17,9:41:06.154971304,T,KO,,100,70.585
2025-12-17,9:41:08.821659490,T,KO,F,100,70.58
2025-12-17,9:41:16.224417478,T,KO,,100,70.57
2025-12-17,9:41:21.759466313,T,KO,,100,70.57
2025-12-17,9:41:21.813742540,T,KO,I,2,70.565
2025-12-17,9:41:21.814653728,T,KO,I,50,70.56
2025-12-17,9:41:22.962123621,T,KO,,100,70.56
2025-12-17,9:41:34.647266809,T,KO,F I,25,70.59
2025-12-17,9:41:34.647278818,T,KO,I,25,70.59
2025-12-17,9:41:34.664254250,T,KO,I,1,70.595
2025-12-17,9:41:35.051730084,T,KO,F I,10,70.59
2025-12-17,9:41:39.487919613,T,KO,F I,25,70.6
2025-12-17,9:41:39.487922515,T,KO,F I,50,70.6
2025-12-17,9:41:39.487928528,T,KO,F I,75,70.6
2025-12-17,9:41:39.487937888,T,KO,I,15,70.6
2025-12-17,9:41:39.487940669,T,KO,I,60,70.6
2025-12-17,9:41:39.487943565,T,KO,F I,40,70.6
2025-12-17,9:41:39.506930875,T,KO,F I,25,70.61
2025-12-17,9:41:39.506930875,T,KO,F I,75,70.61
2025-12-17,9:41:39.506951879,T,KO,F I,67,70.61
2025-12-17,9:41:39.506951879,T,KO,F I,24,70.61
2025-12-17,9:41:40.835498213,T,KO,F I,25,70.61
2025-12-17,9:41:40.835498213,T,KO,F I,10,70.61
2025-12-17,9:41:40.870230697,T,KO,F I,26,70.61
2025-12-17,9:41:40.870230697,T,KO,F I,29,70.61
2025-12-17,9:41:40.890859879,T,KO,F I,18,70.61
2025-12-17,9:41:41.155760771,T,KO,,100,70.61
2025-12-17,9:41:43.658790070,T,KO,I,25,70.62
2025-12-17,9:41:43.658793231,T,KO,I,5,70.62
2025-12-17,9:41:43.658796089,T,KO,I,25,70.62
2025-12-17,9:41:53.033554497,T,KO,,100,70.64
2025-12-17,9:41:54.456396301,T,KO,,100,70.65
2025-12-17,9:41:55.907535576,T,KO,,100,70.64
2025-12-17,9:42:00.347074941,T,KO,F,100,70.66
2025-12-17,9:42:00.772714563,T,KO,,100,70.66
2025-12-17,9:42:03.021969763,T,KO,,100,70.66
2025-12-17,9:42:03.021987672,T,KO,I,1,70.66
2025-12-17,9:42:03.022047720,T,KO,F I,22,70.66
2025-12-17,9:42:03.022050779,T,KO,F,100,70.66
2025-12-17,9:42:03.022050779,T,KO,F,100,70.66
2025-12-17,9:42:03.046838860,T,KO,I,22,70.66
2025-12-17,9:42:03.046841915,T,KO,I,22,70.66
2025-12-17,9:42:03.046841915,T,KO,,100,70.66
2025-12-17,9:42:03.089059317,T,KO,F,100,70.655
2025-12-17,9:42:03.089071364,T,KO,F I,22,70.66
2025-12-17,9:42:03.415357463,T,KO,I,15,70.65
2025-12-17,9:42:03.415420680,T,KO,F I,22,70.65
2025-12-17,9:42:03.415441653,T,KO,F,100,70.65
2025-12-17,9:42:03.416193520,T,KO,F I,22,70.66
2025-12-17,9:42:03.416202516,T,KO,F I,1,70.66
2025-12-17,9:42:03.422947585,T,KO,F I,22,70.66
2025-12-17,9:42:03.422947585,T,KO,F I,41,70.66
2025-12-17,9:42:03.493273025,T,KO,I,22,70.66
2025-12-17,9:42:03.493546749,T,KO,F I,47,70.66
2025-12-17,9:42:03.493576733,T,KO,F I,53,70.66
2025-12-17,9:42:03.506868375,T,KO,F I,63,70.655
2025-12-17,9:42:03.763788330,T,KO,I,87,70.64
2025-12-17,9:42:05.953961501,T,KO,F I,5,70.66
2025-12-17,9:42:06.448612587,T,KO,F I,20,70.66
2025-12-17,9:42:06.458749803,T,KO,F I,2,70.66
2025-12-17,9:42:06.597160350,T,KO,F I,73,70.66
2025-12-17,9:42:08.282391956,T,KO,I,35,70.67
2025-12-17,9:42:08.550405220,T,KO,F I,25,70.68
2025-12-17,9:42:08.555274081,T,KO,F,100,70.67
2025-12-17,9:42:08.555276880,T,KO,F I,25,70.67
2025-12-17,9:42:08.555276880,T,KO,F I,8,70.67
2025-12-17,9:42:08.555294855,T,KO,I,1,70.67
2025-12-17,9:42:08.555340014,T,KO,,100,70.67
2025-12-17,9:42:08.555550665,T,KO,F,100,70.67
2025-12-17,9:42:08.555553533,T,KO,F I,25,70.67
2025-12-17,9:42:08.557784863,T,KO,F,100,70.67
2025-12-17,9:42:08.557784863,T,KO,F I,21,70.67
2025-12-17,9:42:09.558878516,T,KO,F I,21,70.68
2025-12-17,9:42:09.558878516,T,KO,F I,21,70.68
2025-12-17,9:42:09.558881117,T,KO,F I,21,70.68
2025-12-17,9:42:09.559016416,T,KO,I,5,70.68
2025-12-17,9:42:13.210444754,T,KO,,100,70.67
2025-12-17,9:42:13.253639620,T,KO,I,25,70.66
2025-12-17,9:42:13.253639620,T,KO,,712,70.66
2025-12-17,9:42:19.098299336,T,KO,,180,70.67
2025-12-17,9:42:21.420520022,T,KO,F,100,70.68
2025-12-17,9:42:21.429785136,T,KO,F,100,70.68
2025-12-17,9:42:21.429809173,T,KO,I,1,70.68
2025-12-17,9:42:22.218957710,T,KO,,100,70.68
2025-12-17,9:42:27.032016802,T,KO,F I,15,70.67
2025-12-17,9:42:28.242330480,T,KO,F I,12,70.66
2025-12-17,9:42:28.972971537,T,KO,F,100,70.66
2025-12-17,9:42:29.365634747,T,KO,F,100,70.66
2025-12-17,9:42:29.368362200,T,KO,F I,25,70.66
2025-12-17,9:42:31.596879778,T,KO,,100,70.65
2025-12-17,9:42:31.596882985,T,KO,I,70,70.65
2025-12-17,9:42:31.700816520,T,KO,,200,70.64
2025-12-17,9:42:34.956063319,T,KO,I,1,70.64
2025-12-17,9:42:35.005458994,T,KO,I,3,70.64
2025-12-17,9:42:36.357641495,T,KO,F I,50,70.645
2025-12-17,9:42:36.357707606,T,KO,I,50,70.645
2025-12-17,9:42:36.357707606,T,KO,F I,25,70.64
2025-12-17,9:42:36.360215895,T,KO,F I,4,70.64
2025-12-17,9:42:36.360218560,T,KO,F I,25,70.64
2025-12-17,9:42:36.834808864,T,KO,F,100,70.64
2025-12-17,9:42:44.861309316,T,KO,I,10,70.625
2025-12-17,9:42:44.861312306,T,KO,,300,70.625
2025-12-17,9:42:52.047770953,T,KO,,100,70.62
2025-12-17,9:42:52.069924789,T,KO,,100,70.62
2025-12-17,9:42:52.203493835,T,KO,,100,70.62
2025-12-17,9:42:52.213808410,T,KO,,100,70.62
2025-12-17,9:42:52.960661416,T,KO,F I,20,70.63
2025-12-17,9:42:52.960661416,T,KO,F I,40,70.63
2025-12-17,9:42:52.960667191,T,KO,F,100,70.63
2025-12-17,9:42:52.960682539,T,KO,I,1,70.63
2025-12-17,9:42:53.209010678,T,KO,I,25,70.62
2025-12-17,9:42:53.222585000,T,KO,F,100,70.62
2025-12-17,9:42:53.235176007,T,KO,F I,27,70.63
2025-12-17,9:42:53.235176007,T,KO,F I,25,70.63
2025-12-17,9:42:53.362929163,T,KO,,100,70.63
2025-12-17,9:42:53.362932226,T,KO,,100,70.63
2025-12-17,9:42:54.007147579,T,KO,,200,70.63
2025-12-17,9:42:54.924707801,T,KO,F I,25,70.64
2025-12-17,9:42:54.924711499,T,KO,F I,25,70.64
2025-12-17,9:42:55.449138932,T,KO,,100,70.64
2025-12-17,9:42:56.669174549,T,KO,F,100,70.64
2025-12-17,9:42:58.343090252,T,KO,I,2,70.64
2025-12-17,9:43:00.815633062,T,KO,I,27,70.63
2025-12-17,9:43:00.815633062,T,KO,I,9,70.63
2025-12-17,9:43:00.815654136,T,KO,I,35,70.63
2025-12-17,9:43:00.815696185,T,KO,I,88,70.63
2025-12-17,9:43:06.765645972,T,KO,F I,1,70.64
2025-12-17,9:43:09.547517430,T,KO,,100,70.64
2025-12-17,9:43:10.012256282,T,KO,,100,70.64
2025-12-17,9:43:10.083883808,T,KO,F,300,70.64
2025-12-17,9:43:15.475499768,T,KO,I,1,70.64
2025-12-17,9:43:17.755896802,T,KO,I,10,70.64
2025-12-17,9:43:18.776214883,T,KO,I,10,70.64
2025-12-17,9:43:19.692500088,T,KO,,100,70.64
2025-12-17,9:43:19.692515116,T,KO,I,1,70.64
2025-12-17,9:43:26.750961892,T,KO,,100,70.63
2025-12-17,9:43:27.440401867,T,KO,I,6,70.63
2025-12-17,9:43:28.472438868,T,KO,F I,7,70.63
2025-12-17,9:43:28.472441820,T,KO,F I,1,70.63
2025-12-17,9:43:28.472532045,T,KO,I,20,70.63
2025-12-17,9:43:40.446095061,T,KO,F,100,70.63
2025-12-17,9:43:41.569137701,T,KO,I,2,70.63
2025-12-17,9:43:41.706066422,T,KO,I,5,70.62
2025-12-17,9:43:41.706068842,T,KO,I,10,70.62
2025-12-17,9:43:41.706096442,T,KO,F I,15,70.62
2025-12-17,9:43:41.706096442,T,KO,I,15,70.62
2025-12-17,9:43:41.706568055,T,KO,I,8,70.62
2025-12-17,9:43:41.706928920,T,KO,I,8,70.62
2025-12-17,9:43:41.707118378,T,KO,I,54,70.62
2025-12-17,9:43:43.264428333,T,KO,F I,31,70.62
2025-12-17,9:43:47.090705262,T,KO,F,100,70.63
2025-12-17,9:43:47.090723309,T,KO,I,1,70.63
2025-12-17,9:43:47.090726529,T,KO,F I,99,70.63
2025-12-17,9:43:47.317599273,T,KO,F,100,70.64
2025-12-17,9:43:47.332793809,T,KO,F I,21,70.66
2025-12-17,9:43:47.343679721,T,KO,F I,2,70.66
2025-12-17,9:43:47.344043604,T,KO,I,23,70.66
2025-12-17,9:43:47.354514520,T,KO,F I,8,70.66
2025-12-17,9:43:47.354595734,T,KO,F I,26,70.66
2025-12-17,9:43:47.354628780,T,KO,,100,70.66
2025-12-17,9:43:47.366603302,T,KO,F I,13,70.66
2025-12-17,9:43:47.376644277,T,KO,F I,1,70.655
2025-12-17,9:43:47.378637929,T,KO,,100,70.655
2025-12-17,9:43:47.389914827,T,KO,F I,11,70.655
2025-12-17,9:43:47.398355902,T,KO,F I,1,70.655
2025-12-17,9:43:47.398602745,T,KO,F,100,70.655
2025-12-17,9:43:47.398602745,T,KO,F I,25,70.65
2025-12-17,9:43:47.398608552,T,KO,F I,25,70.65
2025-12-17,9:43:47.398608552,T,KO,F,200,70.65
2025-12-17,9:43:47.398623542,T,KO,I,1,70.65
2025-12-17,9:43:47.411274702,T,KO,F I,50,70.65
2025-12-17,9:43:47.449766379,T,KO,F I,5,70.65
2025-12-17,9:43:48.612738189,T,KO,F,100,70.64
2025-12-17,9:43:53.198678320,T,KO,F I,10,70.62
2025-12-17,9:43:53.213034426,T,KO,F I,1,70.62
2025-12-17,9:43:56.079434966,T,KO,F,114,70.61
2025-12-17,9:43:56.079437348,T,KO,F I,3,70.61
2025-12-17,9:43:56.079452326,T,KO,I,1,70.61
2025-12-17,9:43:56.079474044,T,KO,I,82,70.61
2025-12-17,9:43:56.079476924,T,KO,I,3,70.61
2025-12-17,9:43:56.079861421,T,KO,I,27,70.61
2025-12-17,9:43:56.079864317,T,KO,I,13,70.61
2025-12-17,9:43:56.080333778,T,KO,F I,21,70.62
2025-12-17,9:43:56.080579993,T,KO,F I,21,70.62
2025-12-17,9:43:56.080582945,T,KO,F,100,70.62
2025-12-17,9:43:56.080685196,T,KO,I,10,70.62
2025-12-17,9:43:56.090272898,T,KO,F I,10,70.63
2025-12-17,9:43:56.090275164,T,KO,F I,20,70.63
2025-12-17,9:43:56.090278533,T,KO,F I,40,70.63
2025-12-17,9:43:56.090290117,T,KO,F I,40,70.63
2025-12-17,9:43:56.090900860,T,KO,F I,27,70.63
2025-12-17,9:43:56.090900860,T,KO,F I,27,70.63
2025-12-17,9:43:56.090924658,T,KO,F I,54,70.63
2025-12-17,9:43:56.094223950,T,KO,I,27,70.62
2025-12-17,9:43:56.094223950,T,KO,I,25,70.61
2025-12-17,9:43:56.094226521,T,KO,,100,70.61
2025-12-17,9:43:56.094229512,T,KO,I,25,70.61
2025-12-17,9:43:56.100833950,T,KO,F I,27,70.62
2025-12-17,9:43:56.100837027,T,KO,F I,27,70.62
2025-12-17,9:43:56.100837027,T,KO,F I,7,70.62
2025-12-17,9:43:56.100839268,T,KO,F I,39,70.62
2025-12-17,9:43:56.100842357,T,KO,F I,15,70.62
2025-12-17,9:43:56.100845222,T,KO,F I,1,70.62
2025-12-17,9:43:56.134934406,T,KO,F I,20,70.63
2025-12-17,9:43:59.838007908,T,KO,,100,70.62
2025-12-17,9:43:59.855702620,T,KO,I,1,70.63
2025-12-17,9:43:59.855705021,T,KO,I,9,70.63
2025-12-17,9:43:59.881969625,T,KO,I,1,70.63
2025-12-17,9:44:00.215827665,T,KO,F,100,70.62
2025-12-17,9:44:01.012136195,T,KO,F I,27,70.61
2025-12-17,9:44:01.012193397,T,KO,F,200,70.61
2025-12-17,9:44:01.550412298,T,KO,I,2,70.615
2025-12-17,9:44:02.671446112,T,KO,F I,21,70.61
2025-12-17,9:44:02.671449173,T,KO,F I,25,70.61
2025-12-17,9:44:02.671449173,T,KO,F I,46,70.61
2025-12-17,9:44:02.677652867,T,KO,,100,70.615
2025-12-17,9:44:02.677652867,T,KO,I,26,70.61
2025-12-17,9:44:02.677656340,T,KO,I,25,70.61
2025-12-17,9:44:02.677658934,T,KO,I,25,70.61
2025-12-17,9:44:02.691482832,T,KO,I,26,70.61
2025-12-17,9:44:02.691482832,T,KO,I,25,70.61
2025-12-17,9:44:02.691564095,T,KO,I,26,70.61
2025-12-17,9:44:02.691564095,T,KO,I,74,70.61
2025-12-17,9:44:02.691636213,T,KO,F I,26,70.61
2025-12-17,9:44:02.736473051,T,KO,F,100,70.61
2025-12-17,9:44:02.736478972,T,KO,F I,26,70.62
2025-12-17,9:44:02.736478972,T,KO,F I,74,70.62
2025-12-17,9:44:02.736488209,T,KO,F I,24,70.62
2025-12-17,9:44:02.736494992,T,KO,I,1,70.62
2025-12-17,9:44:02.799699210,T,KO,F I,26,70.61
2025-12-17,9:44:02.799701601,T,KO,F I,26,70.61
2025-12-17,9:44:02.815510234,T,KO,F I,27,70.61
2025-12-17,9:44:02.815513217,T,KO,F I,3,70.61
2025-12-17,9:44:02.828254593,T,KO,F I,3,70.61
2025-12-17,9:44:05.375056248,T,KO,F I,11,70.61
2025-12-17,9:44:05.401008100,T,KO,F I,1,70.62
2025-12-17,9:44:05.401029311,T,KO,F I,25,70.62
2025-12-17,9:44:05.401032108,T,KO,F I,74,70.62
2025-12-17,9:44:05.401293771,T,KO,I,26,70.62
2025-12-17,9:44:05.401293771,T,KO,I,1,70.62
2025-12-17,9:44:05.401296733,T,KO,,100,70.62
2025-12-17,9:44:05.411328656,T,KO,F I,25,70.62
2025-12-17,9:44:05.411328656,T,KO,F I,1,70.62
2025-12-17,9:44:05.411406826,T,KO,F I,26,70.62
2025-12-17,9:44:05.423450522,T,KO,F I,26,70.62
2025-12-17,9:44:05.423453505,T,KO,F I,26,70.62
2025-12-17,9:44:05.423453505,T,KO,F I,1,70.62
2025-12-17,9:44:05.423456526,T,KO,F I,9,70.62
2025-12-17,9:44:08.618286393,T,KO,F,100,70.63
2025-12-17,9:44:10.234783387,T,KO,F,300,70.63
2025-12-17,9:44:10.881816329,T,KO,F,100,70.64
2025-12-17,9:44:10.881834465,T,KO,I,1,70.64
2025-12-17,9:44:10.881999765,T,KO,I,99,70.64
2025-12-17,9:44:10.888146438,T,KO,F I,25,70.64
2025-12-17,9:44:12.505292963,T,KO,F,100,70.64
2025-12-17,9:44:12.664537197,T,KO,F I,26,70.63
2025-12-17,9:44:12.664537197,T,KO,F I,77,70.63
2025-12-17,9:44:12.664540261,T,KO,F,300,70.63
2025-12-17,9:44:25.730196027,T,KO,F I,77,70.62
2025-12-17,9:44:25.733230197,T,KO,I,30,70.62
2025-12-17,9:44:25.733230197,T,KO,I,25,70.62
2025-12-17,9:44:25.733233359,T,KO,,300,70.62
2025-12-17,9:44:25.733233359,T,KO,I,1,70.62
2025-12-17,9:44:25.746100991,T,KO,I,30,70.61
2025-12-17,9:44:25.746100991,T,KO,I,60,70.61
2025-12-17,9:44:25.761620926,T,KO,F,100,70.62
2025-12-17,9:44:25.761620926,T,KO,F I,30,70.62
2025-12-17,9:44:25.761623925,T,KO,F I,11,70.62
2025-12-17,9:44:25.761642111,T,KO,I,1,70.62
2025-12-17,9:44:25.761642111,T,KO,I,88,70.62
2025-12-17,9:44:25.833401799,T,KO,I,8,70.62
2025-12-17,9:44:25.833401799,T,KO,I,38,70.62
2025-12-17,9:44:25.833455941,T,KO,F I,90,70.615
2025-12-17,9:44:25.833762721,T,KO,F I,10,70.615
2025-12-17,9:44:25.833765693,T,KO,F I,30,70.61
2025-12-17,9:44:25.833768642,T,KO,F I,25,70.61
2025-12-17,9:44:25.833768642,T,KO,F I,28,70.61
2025-12-17,9:44:25.833894966,T,KO,I,10,70.61
2025-12-17,9:44:25.833898018,T,KO,I,24,70.61
2025-12-17,9:44:25.834192719,T,KO,I,5,70.61
2025-12-17,9:44:25.834246783,T,KO,F I,5,70.61
2025-12-17,9:44:25.845722584,T,KO,I,25,70.61
2025-12-17,9:44:25.845725219,T,KO,I,25,70.61
2025-12-17,9:44:25.845728178,T,KO,I,8,70.61
2025-12-17,9:44:26.518992625,T,KO,F I,8,70.6
2025-12-17,9:44:26.518992625,T,KO,F I,2,70.6
2025-12-17,9:44:26.518996233,T,KO,F I,25,70.6
2025-12-17,9:44:26.519010727,T,KO,I,35,70.6
2025-12-17,9:44:26.519058782,T,KO,I,65,70.6
2025-12-17,9:44:26.519058782,T,KO,I,82,70.6
2025-12-17,9:44:26.977196904,T,KO,F I,10,70.6
2025-12-17,9:44:26.988666200,T,KO,F I,1,70.6
2025-12-17,9:44:28.712906809,T,KO,I,10,70.6
2025-12-17,9:44:28.717318316,T,KO,F I,1,70.6
2025-12-17,9:44:31.160869026,T,KO,F,100,70.6
2025-12-17,9:44:33.347608090,T,KO,I,70,70.605
2025-12-17,9:44:33.361606393,T,KO,F I,25,70.615
2025-12-17,9:44:33.372756988,T,KO,F I,4,70.615
2025-12-17,9:44:33.382280614,T,KO,F I,1,70.615
2025-12-17,9:44:33.472528508,T,KO,I,10,70.615
2025-12-17,9:44:33.482503286,T,KO,F I,1,70.615
2025-12-17,9:44:33.909418073,T,KO,F I,6,70.61
2025-12-17,9:44:34.405545646,T,KO,F I,25,70.59
2025-12-17,9:44:34.405566722,T,KO,F,200,70.59
2025-12-17,9:44:34.408228046,T,KO,I,89,70.59
2025-12-17,9:44:35.321412904,T,KO,I,2,70.59
2025-12-17,9:44:36.488258020,T,KO,F,100,70.59
2025-12-17,9:44:37.998346550,T,KO,I,10,70.585
2025-12-17,9:44:39.526367605,T,KO,F,100,70.58
2025-12-17,9:44:41.152649127,T,KO,F,100,70.6
2025-12-17,9:44:41.152670560,T,KO,I,1,70.6
2025-12-17,9:44:41.153563409,T,KO,F I,30,70.6
2025-12-17,9:44:41.153566503,T,KO,F,100,70.6
2025-12-17,9:44:41.164834111,T,KO,F I,30,70.6
2025-12-17,9:44:41.164834111,T,KO,F I,25,70.6
2025-12-17,9:44:41.165570819,T,KO,F I,24,70.6
2025-12-17,9:44:41.165739250,T,KO,F I,25,70.6
2025-12-17,9:44:41.208383783,T,KO,F I,1,70.6
2025-12-17,9:44:49.243112091,T,KO,F I,10,70.61
2025-12-17,9:44:49.253616078,T,KO,F I,1,70.605
2025-12-17,9:44:50.491060202,T,KO,I,14,70.605
2025-12-17,9:44:50.507058340,T,KO,F I,14,70.61
2025-12-17,9:44:50.507139904,T,KO,F I,31,70.61
2025-12-17,9:44:54.133725798,T,KO,F,300,70.6
2025-12-17,9:44:54.133728865,T,KO,F I,1,70.6
2025-12-17,9:44:54.164308663,T,KO,F I,1,70.6
2025-12-17,9:44:54.238050321,T,KO,F I,5,70.595
2025-12-17,9:44:55.720181223,T,KO,I,30,70.6
2025-12-17,9:44:55.720184249,T,KO,I,1,70.6
2025-12-17,9:44:55.720187304,T,KO,,100,70.6
2025-12-17,9:44:55.720202237,T,KO,,100,70.6
2025-12-17,9:44:57.706721922,T,KO,I,5,70.6
2025-12-17,9:44:57.706724507,T,KO,,300,70.6
2025-12-17,9:44:57.892739088,T,KO,F I,31,70.6
2025-12-17,9:44:57.898927221,T,KO,,100,70.595
2025-12-17,9:45:00.010911147,T,KO,I,1,70.595
2025-12-17,9:45:00.012183232,T,KO,I,4,70.595
2025-12-17,9:45:00.444610185,T,KO,F,200,70.59
2025-12-17,9:45:00.446555762,T,KO,F I,40,70.58
2025-12-17,9:45:01.030173748,T,KO,,100,70.58
2025-12-17,9:45:02.609496136,T,KO,F,200,70.58
2025-12-17,9:45:04.541868285,T,KO,I,2,70.58
2025-12-17,9:45:05.677204383,T,KO,F I,39,70.58
2025-12-17,9:45:05.711906995,T,KO,I,14,70.58
2025-12-17,9:45:05.725424210,T,KO,I,1,70.58
2025-12-17,9:45:05.738433179,T,KO,I,1,70.58
2025-12-17,9:45:08.143654448,T,KO,F I,13,70.57
2025-12-17,9:45:08.143657463,T,KO,F I,14,70.57
2025-12-17,9:45:08.143660505,T,KO,F I,1,70.57
2025-12-17,9:45:08.143663501,T,KO,F I,1,70.57
2025-12-17,9:45:08.143672532,T,KO,I,29,70.57
2025-12-17,9:45:08.143714692,T,KO,I,71,70.57
2025-12-17,9:45:08.223660098,T,KO,I,3,70.57
2025-12-17,9:45:09.221592817,T,KO,I,7,70.57
2025-12-17,9:45:09.232981036,T,KO,I,1,70.57
2025-12-17,9:45:09.255880380,T,KO,I,31,70.57
2025-12-17,9:45:09.276353235,T,KO,I,4,70.57
2025-12-17,9:45:11.274810908,T,KO,F I,27,70.57
2025-12-17,9:45:16.146169746,T,KO,I,48,70.57
2025-12-17,9:45:16.156902261,T,KO,,100,70.57
2025-12-17,9:45:16.208026980,T,KO,I,1,70.57
2025-12-17,9:45:17.235625411,T,KO,F I,31,70.57
2025-12-17,9:45:17.235643500,T,KO,F I,68,70.57
2025-12-17,9:45:17.245831722,T,KO,F I,9,70.58
2025-12-17,9:45:17.286849432,T,KO,F I,1,70.58
2025-12-17,9:45:19.040873149,T,KO,F I,39,70.58
2025-12-17,9:45:19.040873149,T,KO,F I,20,70.58
2025-12-17,9:45:19.040887949,T,KO,F,300,70.58
2025-12-17,9:45:19.081277106,T,KO,I,2,70.6
2025-12-17,9:45:19.093092300,T,KO,F I,87,70.605
2025-12-17,9:45:19.093116271,T,KO,,100,70.605
2025-12-17,9:45:19.231081914,T,KO,F I,13,70.605
2025-12-17,9:45:19.231084942,T,KO,F I,5,70.61
2025-12-17,9:45:19.252074905,T,KO,F I,2,70.605
2025-12-17,9:45:20.361243037,T,KO,I,42,70.6
2025-12-17,9:45:20.361245588,T,KO,I,57,70.6
2025-12-17,9:45:20.361290675,T,KO,F,100,70.6
2025-12-17,9:45:20.371764724,T,KO,I,50,70.595
2025-12-17,9:45:20.383988755,T,KO,F I,49,70.6
2025-12-17,9:45:22.403854294,T,KO,,100,70.595
2025-12-17,9:45:25.890878201,T,KO,,100,70.605
2025-12-17,9:45:25.915678309,T,KO,F I,5,70.61
2025-12-17,9:45:25.941437612,T,KO,F I,11,70.61
2025-12-17,9:45:25.946589323,T,KO,I,26,70.61
2025-12-17,9:45:25.946589323,T,KO,I,60,70.61
2025-12-17,9:45:25.946591941,T,KO,,100,70.61
2025-12-17,9:45:25.952726545,T,KO,F I,25,70.615
2025-12-17,9:45:25.965912954,T,KO,F I,8,70.615
2025-12-17,9:45:27.001543515,T,KO,F I,1,70.61
2025-12-17,9:45:27.079684572,T,KO,F I,17,70.62
2025-12-17,9:45:27.106409237,T,KO,F I,1,70.62
2025-12-17,9:45:27.489714220,T,KO,I,6,70.615
2025-12-17,9:45:27.489714220,T,KO,I,25,70.61
2025-12-17,9:45:27.653243563,T,KO,F I,11,70.61
2025-12-17,9:45:27.679935147,T,KO,F I,1,70.61
2025-12-17,9:45:30.347799406,T,KO,I,11,70.6
2025-12-17,9:45:30.347802105,T,KO,I,1,70.6
2025-12-17,9:45:31.905890882,T,KO,F I,7,70.6
2025-12-17,9:45:31.910834721,T,KO,F I,1,70.61
2025-12-17,9:45:33.981794974,T,KO,F I,26,70.62
2025-12-17,9:45:33.981813454,T,KO,F,274,70.62
2025-12-17,9:45:33.981816093,T,KO,F,100,70.62
2025-12-17,9:45:33.981822124,T,KO,F,174,70.62
2025-12-17,9:45:34.009620271,T,KO,F I,29,70.62
2025-12-17,9:45:34.009623328,T,KO,F I,30,70.62
2025-12-17,9:45:34.113824443,T,KO,F I,2,70.63
2025-12-17,9:45:35.706285113,T,KO,,100,70.62
2025-12-17,9:45:39.562167538,T,KO,I,29,70.62
2025-12-17,9:45:39.584784446,T,KO,F I,3,70.615
2025-12-17,9:45:40.832122103,T,KO,F I,25,70.63
2025-12-17,9:45:41.374755493,T,KO,,300,70.63
2025-12-17,9:45:41.773466050,T,KO,,150,70.63
2025-12-17,9:45:42.049258967,T,KO,I,1,70.63
2025-12-17,9:45:44.767240268,T,KO,F,100,70.62
2025-12-17,9:45:50.117862539,T,KO,F I,60,70.62
2025-12-17,9:45:50.200824220,T,KO,,100,70.625
2025-12-17,9:45:50.214621149,T,KO,F I,30,70.63
2025-12-17,9:45:50.225332471,T,KO,F I,3,70.63
2025-12-17,9:45:55.857154503,T,KO,F,100,70.63
2025-12-17,9:45:56.956179060,T,KO,,100,70.635
2025-12-17,9:45:56.991377825,T,KO,I,10,70.635
2025-12-17,9:45:56.998619183,T,KO,,300,70.63
2025-12-17,9:45:56.998622494,T,KO,I,60,70.63
2025-12-17,9:45:56.998622494,T,KO,I,25,70.62
2025-12-17,9:45:56.998625180,T,KO,I,12,70.62
2025-12-17,9:45:57.070180586,T,KO,I,22,70.63
2025-12-17,9:45:59.574235338,T,KO,,100,70.63
2025-12-17,9:46:06.895342484,T,KO,F I,1,70.64
2025-12-17,9:46:06.895346018,T,KO,F,100,70.64
2025-12-17,9:46:06.895348904,T,KO,F,100,70.64
2025-12-17,9:46:07.259055867,T,KO,I,25,70.65
2025-12-17,9:46:07.259055867,T,KO,I,47,70.65
2025-12-17,9:46:07.259058893,T,KO,I,67,70.65
2025-12-17,9:46:07.529986041,T,KO,I,25,70.66
2025-12-17,9:46:07.529986041,T,KO,I,6,70.66
2025-12-17,9:46:08.364605803,T,KO,F I,25,70.67
2025-12-17,9:46:10.735545783,T,KO,I,46,70.69
2025-12-17,9:46:10.735735032,T,KO,F I,26,70.69
2025-12-17,9:46:10.735735032,T,KO,F,100,70.69
2025-12-17,9:46:11.023111326,T,KO,I,41,70.695
2025-12-17,9:46:12.333235608,T,KO,I,4,70.7
2025-12-17,9:46:12.333235608,T,KO,I,40,70.7
2025-12-17,9:46:20.250356248,T,KO,I,3,70.72
2025-12-17,9:46:20.250380268,T,KO,I,97,70.72
2025-12-17,9:46:20.250383665,T,KO,I,26,70.72
2025-12-17,9:46:20.250386347,T,KO,,300,70.72
2025-12-17,9:46:20.250401363,T,KO,I,1,70.72
2025-12-17,9:46:20.250404503,T,KO,I,99,70.72
2025-12-17,9:46:20.350783415,T,KO,F,100,70.72
2025-12-17,9:46:20.350786478,T,KO,F I,28,70.72
2025-12-17,9:46:20.350792489,T,KO,F I,25,70.72
2025-12-17,9:46:20.350792489,T,KO,F I,85,70.72
2025-12-17,9:46:20.350804458,T,KO,F I,15,70.72
2025-12-17,9:46:23.353209276,T,KO,I,28,70.72
2025-12-17,9:46:23.353215283,T,KO,I,72,70.72
2025-12-17,9:46:23.353230328,T,KO,I,1,70.72
2025-12-17,9:46:23.353230328,T,KO,F I,27,70.72
2025-12-17,9:46:23.353233561,T,KO,F I,1,70.72
2025-12-17,9:46:23.353275513,T,KO,,100,70.72
2025-12-17,9:46:23.353278492,T,KO,I,10,70.72
2025-12-17,9:46:23.353323604,T,KO,F I,17,70.72
2025-12-17,9:46:23.353485912,T,KO,F,100,70.72
2025-12-17,9:46:23.353525065,T,KO,F,100,70.72
2025-12-17,9:46:23.353546142,T,KO,I,1,70.72
2025-12-17,9:46:23.353624805,T,KO,F I,99,70.72
2025-12-17,9:46:23.353627346,T,KO,F I,27,70.72
2025-12-17,9:46:23.353645582,T,KO,F,100,70.72
2025-12-17,9:46:23.353645582,T,KO,F,100,70.72
2025-12-17,9:46:23.354009213,T,KO,I,9,70.72
2025-12-17,9:46:23.354015171,T,KO,I,27,70.72
2025-12-17,9:46:23.354015171,T,KO,I,7,70.72
2025-12-17,9:46:23.354075375,T,KO,F,100,70.72
2025-12-17,9:46:23.354075375,T,KO,F I,27,70.72
2025-12-17,9:46:24.083597835,T,KO,F I,2,70.73
2025-12-17,9:46:24.083597835,T,KO,F I,97,70.73
2025-12-17,9:46:24.133703231,T,KO,F I,25,70.74
2025-12-17,9:46:24.133703231,T,KO,F I,1,70.74
2025-12-17,9:46:24.148059378,T,KO,F I,29,70.75
2025-12-17,9:46:26.519447311,T,KO,F I,3,70.75
2025-12-17,9:46:26.519484690,T,KO,F I,97,70.75
2025-12-17,9:46:26.519484690,T,KO,F,100,70.75
2025-12-17,9:46:26.519489448,T,KO,F,175,70.75
2025-12-17,9:46:26.528023771,T,KO,,100,70.755
2025-12-17,9:46:26.532345064,T,KO,F I,68,70.755
2025-12-17,9:46:26.544914922,T,KO,F I,6,70.755
2025-12-17,9:46:26.554958897,T,KO,F I,1,70.755
2025-12-17,9:46:27.673340979,T,KO,I,35,70.75
2025-12-17,9:46:27.673346595,T,KO,,100,70.75
2025-12-17,9:46:27.673346595,T,KO,I,50,70.75
2025-12-17,9:46:27.673350356,T,KO,I,20,70.75
2025-12-17,9:46:27.673350356,T,KO,I,60,70.75
2025-12-17,9:46:28.903480331,T,KO,F I,59,70.74
2025-12-17,9:46:28.903498650,T,KO,F I,41,70.74
2025-12-17,9:46:28.903504431,T,KO,F,100,70.74
2025-12-17,9:46:28.903507439,T,KO,F,100,70.74
2025-12-17,9:46:28.903510398,T,KO,F,100,70.74
2025-12-17,9:46:28.904641594,T,KO,F,100,70.74
2025-12-17,9:46:28.904641594,T,KO,F I,28,70.74
2025-12-17,9:46:28.904644605,T,KO,F I,12,70.74
2025-12-17,9:46:28.926274565,T,KO,F I,28,70.74
2025-12-17,9:46:28.926274565,T,KO,F,100,70.74
2025-12-17,9:46:28.926277933,T,KO,F I,1,70.74
2025-12-17,9:46:28.926292688,T,KO,I,1,70.74
2025-12-17,9:46:28.949300492,T,KO,F I,13,70.74
2025-12-17,9:46:28.995427282,T,KO,F I,1,70.74
2025-12-17,9:46:29.022236203,T,KO,F I,1,70.74
2025-12-17,9:46:29.023685634,T,KO,I,20,70.74
2025-12-17,9:46:29.023688629,T,KO,I,13,70.74
2025-12-17,9:46:29.023697655,T,KO,I,1,70.74
2025-12-17,9:46:29.023697655,T,KO,I,1,70.74
2025-12-17,9:46:29.023700620,T,KO,,100,70.74
2025-12-17,9:46:29.035581961,T,KO,F I,13,70.75
2025-12-17,9:46:30.073413752,T,KO,F I,2,70.75
2025-12-17,9:46:30.604734236,T,KO,I,85,70.75
2025-12-17,9:46:30.604734236,T,KO,I,7,70.75
2025-12-17,9:46:30.604737155,T,KO,I,5,70.75
2025-12-17,9:46:30.604752394,T,KO,F I,95,70.75
2025-12-17,9:46:30.604755243,T,KO,F I,35,70.75
2025-12-17,9:46:32.591831028,T,KO,I,2,70.75
2025-12-17,9:46:32.591836819,T,KO,,100,70.75
2025-12-17,9:46:32.615028146,T,KO,F I,23,70.75
2025-12-17,9:46:32.654557306,T,KO,F I,2,70.75
2025-12-17,9:46:32.678476192,T,KO,F I,1,70.75
2025-12-17,9:46:33.224092792,T,KO,,100,70.745
2025-12-17,9:46:33.249885154,T,KO,F I,10,70.745
2025-12-17,9:46:33.260187713,T,KO,F I,1,70.745
2025-12-17,9:46:33.315471312,T,KO,,100,70.745
2025-12-17,9:46:33.316944896,T,KO,F I,10,70.74
2025-12-17,9:46:33.329580960,T,KO,F I,1,70.75
2025-12-17,9:46:34.875812605,T,KO,F,100,70.74
2025-12-17,9:46:34.875848968,T,KO,I,3,70.73
2025-12-17,9:46:34.875848968,T,KO,I,25,70.73
2025-12-17,9:46:34.875852890,T,KO,I,16,70.73
2025-12-17,9:46:34.875857679,T,KO,I,25,70.73
2025-12-17,9:46:34.875857679,T,KO,,200,70.73
2025-12-17,9:46:34.901472917,T,KO,F I,14,70.72
2025-12-17,9:46:34.901475709,T,KO,F I,86,70.72
2025-12-17,9:46:34.901485100,T,KO,F I,4,70.72
2025-12-17,9:46:34.901490714,T,KO,I,1,70.72
2025-12-17,9:46:34.901980982,T,KO,I,9,70.72
2025-12-17,9:46:35.142944856,T,KO,F,100,70.72
2025-12-17,9:46:37.851745379,T,KO,,100,70.71
2025-12-17,9:46:38.660759167,T,KO,F,100,70.71
2025-12-17,9:46:41.797704349,T,KO,,100,70.71
2025-12-17,9:46:43.522257792,T,KO,,100,70.7
2025-12-17,9:46:43.522261176,T,KO,,300,70.7
2025-12-17,9:46:43.522263711,T,KO,I,25,70.7
2025-12-17,9:46:43.522263711,T,KO,I,25,70.7
2025-12-17,9:46:43.522279010,T,KO,F,100,70.7
2025-12-17,9:46:43.522282546,T,KO,F,100,70.7
2025-12-17,9:46:43.522282546,T,KO,F,150,70.7
2025-12-17,9:46:43.522285236,T,KO,I,1,70.7
2025-12-17,9:46:43.522289187,T,KO,F I,50,70.7
2025-12-17,9:46:43.522289187,T,KO,F I,99,70.7
2025-12-17,9:46:43.544023543,T,KO,F I,42,70.7
2025-12-17,9:46:43.767206030,T,KO,F I,25,70.7
2025-12-17,9:46:43.831487086,T,KO,I,25,70.71
2025-12-17,9:46:43.831532209,T,KO,,100,70.71
2025-12-17,9:46:43.839895174,T,KO,F I,35,70.71
2025-12-17,9:46:43.839917136,T,KO,F I,65,70.71
2025-12-17,9:46:43.839917136,T,KO,F I,29,70.71
2025-12-17,9:46:43.839919524,T,KO,F,300,70.71
2025-12-17,9:46:43.875650356,T,KO,F I,7,70.725
2025-12-17,9:46:43.900862314,T,KO,I,29,70.73
2025-12-17,9:46:45.454431447,T,KO,,100,70.73
2025-12-17,9:46:45.456755963,T,KO,,100,70.73
2025-12-17,9:46:48.710736801,T,KO,F,200,70.72
2025-12-17,9:46:57.060221301,T,KO,F I,4,70.73
2025-12-17,9:46:57.060224343,T,KO,F I,25,70.73
2025-12-17,9:46:57.091330427,T,KO,F I,10,70.74
2025-12-17,9:46:57.091592038,T,KO,F I,27,70.74
2025-12-17,9:47:00.599546154,T,KO,F I,20,70.74
2025-12-17,9:47:00.599549124,T,KO,F I,27,70.74
2025-12-17,9:47:00.599551860,T,KO,F I,12,70.74
2025-12-17,9:47:00.599551860,T,KO,F I,41,70.74
2025-12-17,9:47:00.599560772,T,KO,F I,14,70.74
2025-12-17,9:47:00.599897551,T,KO,F,100,70.74
2025-12-17,9:47:00.612142697,T,KO,F I,1,70.75
2025-12-17,9:47:00.612205867,T,KO,F,100,70.75
2025-12-17,9:47:00.612221239,T,KO,F,100,70.75
2025-12-17,9:47:00.625431358,T,KO,F,100,70.745
2025-12-17,9:47:00.625443406,T,KO,F I,77,70.745
2025-12-17,9:47:00.729560321,T,KO,F I,28,70.74
2025-12-17,9:47:00.729560321,T,KO,F,300,70.74
2025-12-17,9:47:01.782737662,T,KO,F I,1,70.74
2025-12-17,9:47:01.782741015,T,KO,F I,28,70.74
2025-12-17,9:47:01.782741015,T,KO,F I,23,70.74
2025-12-17,9:47:01.782743749,T,KO,F I,1,70.74
2025-12-17,9:47:03.223974203,T,KO,F I,1,70.75
2025-12-17,9:47:04.390491367,T,KO,F I,1,70.76
2025-12-17,9:47:04.494079136,T,KO,I,40,70.76
2025-12-17,9:47:04.546887968,T,KO,F I,5,70.76
2025-12-17,9:47:08.999544503,T,KO,I,5,70.77
2025-12-17,9:47:09.071021786,T,KO,F I,6,70.77
2025-12-17,9:47:12.560514511,T,KO,F,100,70.77
2025-12-17,9:47:12.560517584,T,KO,F I,6,70.77
2025-12-17,9:47:12.581041481,T,KO,F I,27,70.77
2025-12-17,9:47:12.591016240,T,KO,I,7,70.77
2025-12-17,9:47:12.591590528,T,KO,I,27,70.77
2025-12-17,9:47:12.613611949,T,KO,I,3,70.77
2025-12-17,9:47:13.711168996,T,KO,I,22,70.78
2025-12-17,9:47:13.735172066,T,KO,I,2,70.78
2025-12-17,9:47:15.609788664,T,KO,I,79,70.78
2025-12-17,9:47:16.081212464,T,KO,F I,25,70.77
2025-12-17,9:47:16.082033413,T,KO,F,100,70.77
2025-12-17,9:47:16.082036730,T,KO,F I,26,70.77
2025-12-17,9:47:16.082039511,T,KO,F,100,70.77
2025-12-17,9:47:16.082039511,T,KO,F I,25,70.77
2025-12-17,9:47:16.155225022,T,KO,F I,1,70.77
2025-12-17,9:47:16.155225022,T,KO,F I,26,70.77
2025-12-17,9:47:16.176605622,T,KO,I,99,70.765
2025-12-17,9:47:16.190850550,T,KO,I,10,70.765
2025-12-17,9:47:16.214047856,T,KO,I,25,70.76
2025-12-17,9:47:16.263581800,T,KO,F I,22,70.76
2025-12-17,9:47:16.283113308,T,KO,F I,2,70.76
2025-12-17,9:47:17.690131352,T,KO,,100,70.76
2025-12-17,9:47:20.736524672,T,KO,F I,22,70.75
2025-12-17,9:47:20.736524672,T,KO,F I,2,70.75
2025-12-17,9:47:20.736527627,T,KO,F I,1,70.75
2025-12-17,9:47:20.828516771,T,KO,F,100,70.75
2025-12-17,9:47:22.611682660,T,KO,F,100,70.75
2025-12-17,9:47:23.371357980,T,KO,F I,20,70.76
2025-12-17,9:47:23.372037523,T,KO,I,26,70.76
2025-12-17,9:47:23.372037523,T,KO,I,25,70.76
2025-12-17,9:47:23.372257086,T,KO,F I,20,70.76
2025-12-17,9:47:23.387554541,T,KO,F I,26,70.76
2025-12-17,9:47:23.387557546,T,KO,F I,22,70.76
2025-12-17,9:47:23.405230608,T,KO,F I,3,70.76
2025-12-17,9:47:23.405561346,T,KO,I,26,70.76
2025-12-17,9:47:23.405591482,T,KO,F I,25,70.76
2025-12-17,9:47:23.416236847,T,KO,F I,8,70.76
2025-12-17,9:47:31.220525999,T,KO,,300,70.75
2025-12-17,9:47:31.242166141,T,KO,F I,29,70.75
2025-12-17,9:47:31.242168469,T,KO,F I,9,70.75
2025-12-17,9:47:31.253523564,T,KO,F I,4,70.75
2025-12-17,9:47:33.160193636,T,KO,I,7,70.75
2025-12-17,9:47:33.160530358,T,KO,I,28,70.75
2025-12-17,9:47:33.183616332,T,KO,F I,3,70.75
2025-12-17,9:47:33.205388193,T,KO,F I,1,70.75
2025-12-17,9:47:36.680419619,T,KO,I,25,70.75
2025-12-17,9:47:36.704308535,T,KO,F I,12,70.75
2025-12-17,9:47:36.715898089,T,KO,F I,2,70.75
2025-12-17,9:47:38.039302009,T,KO,F I,25,70.75
2025-12-17,9:47:38.039638745,T,KO,I,28,70.75
2025-12-17,9:47:38.039912989,T,KO,I,25,70.75
2025-12-17,9:47:38.039957782,T,KO,F,100,70.75
2025-12-17,9:47:38.039960525,T,KO,F I,27,70.75
2025-12-17,9:47:38.039963775,T,KO,F I,28,70.75
2025-12-17,9:47:38.039978591,T,KO,I,25,70.75
2025-12-17,9:47:38.768129814,T,KO,,100,70.76
2025-12-17,9:47:39.639909160,T,KO,F,100,70.76
2025-12-17,9:47:45.592589479,T,KO,I,1,70.75
2025-12-17,9:47:45.592589479,T,KO,I,1,70.75
2025-12-17,9:47:45.592592698,T,KO,I,27,70.75
2025-12-17,9:47:45.592592698,T,KO,I,60,70.75
2025-12-17,9:47:45.592598400,T,KO,,300,70.75
2025-12-17,9:47:45.592598400,T,KO,I,3,70.75
2025-12-17,9:47:45.611254859,T,KO,F I,1,70.75
2025-12-17,9:47:45.611254859,T,KO,F I,25,70.75
2025-12-17,9:47:45.625532780,T,KO,I,34,70.75
2025-12-17,9:47:45.625532780,T,KO,I,9,70.75
2025-12-17,9:47:45.632007298,T,KO,F I,27,70.75
2025-12-17,9:47:45.632010316,T,KO,F I,25,70.75
2025-12-17,9:47:45.643100628,T,KO,F I,21,70.75
2025-12-17,9:47:45.643157836,T,KO,F I,31,70.75
2025-12-17,9:47:45.643166816,T,KO,F I,25,70.75
2025-12-17,9:47:45.654215121,T,KO,F I,55,70.745
2025-12-17,9:47:45.665741591,T,KO,F I,6,70.745
2025-12-17,9:47:45.765218620,T,KO,F I,23,70.74
2025-12-17,9:47:45.765218620,T,KO,F I,14,70.74
2025-12-17,9:47:45.794009061,T,KO,I,5,70.73
2025-12-17,9:47:45.798796552,T,KO,F I,31,70.73
2025-12-17,9:47:45.798796552,T,KO,F I,31,70.73
2025-12-17,9:47:45.798799506,T,KO,F I,1,70.73
2025-12-17,9:47:45.798802560,T,KO,F I,25,70.73
2025-12-17,9:47:45.837044724,T,KO,F I,25,70.74
2025-12-17,9:47:45.837390442,T,KO,I,31,70.74
2025-12-17,9:47:45.837637041,T,KO,F I,25,70.74
2025-12-17,9:47:45.883670655,T,KO,F I,31,70.74
2025-12-17,9:47:45.883673620,T,KO,F I,1,70.74
2025-12-17,9:47:45.884344216,T,KO,I,31,70.74
2025-12-17,9:47:45.893961185,T,KO,F I,12,70.74
2025-12-17,9:47:45.905481570,T,KO,F I,1,70.74
2025-12-17,9:47:46.606327750,T,KO,I,25,70.74
2025-12-17,9:47:48.577161584,T,KO,F I,1,70.74
2025-12-17,9:47:50.154487221,T,KO,F I,1,70.74
2025-12-17,9:47:50.154505274,T,KO,F I,23,70.74
2025-12-17,9:47:50.154832963,T,KO,I,30,70.74
2025-12-17,9:47:50.519247259,T,KO,I,25,70.75
2025-12-17,9:47:50.519249863,T,KO,I,30,70.75
2025-12-17,9:47:50.519571718,T,KO,I,30,70.75
2025-12-17,9:47:50.540630843,T,KO,F I,28,70.75
2025-12-17,9:47:50.550515387,T,KO,F I,2,70.75
2025-12-17,9:47:50.563422089,T,KO,F I,4,70.75
2025-12-17,9:47:50.945578296,T,KO,I,30,70.75
2025-12-17,9:47:56.669678108,T,KO,I,13,70.75
2025-12-17,9:47:59.309250551,T,KO,F I,17,70.76
2025-12-17,9:47:59.330667555,T,KO,F I,2,70.76
2025-12-17,9:48:02.569320897,T,KO,I,6,70.76
2025-12-17,9:48:02.569323951,T,KO,I,20,70.76
2025-12-17,9:48:02.569329981,T,KO,,100,70.76
2025-12-17,9:48:02.569345703,T,KO,I,1,70.76
2025-12-17,9:48:02.569594597,T,KO,,199,70.76
2025-12-17,9:48:07.233925380,T,KO,,100,70.76
2025-12-17,9:48:08.023885867,T,KO,,100,70.755
2025-12-17,9:48:08.202360867,T,KO,I,50,70.755
2025-12-17,9:48:08.579029397,T,KO,F I,50,70.755
2025-12-17,9:48:08.579031990,T,KO,F,250,70.75
2025-12-17,9:48:08.579049968,T,KO,I,1,70.75
2025-12-17,9:48:08.579049968,T,KO,I,49,70.75
2025-12-17,9:48:10.957549814,T,KO,,100,70.75
2025-12-17,9:48:11.117025624,T,KO,,100,70.75
2025-12-17,9:48:11.117383413,T,KO,,100,70.75
2025-12-17,9:48:14.432051879,T,KO,,100,70.74
2025-12-17,9:48:14.432051879,T,KO,I,60,70.74
2025-12-17,9:48:14.548447053,T,KO,I,40,70.73
2025-12-17,9:48:14.647145136,T,KO,I,9,70.74
2025-12-17,9:48:17.121254763,T,KO,F I,11,70.73
2025-12-17,9:48:17.121257667,T,KO,F I,23,70.73
2025-12-17,9:48:17.121260639,T,KO,F I,25,70.73
2025-12-17,9:48:17.229389412,T,KO,,100,70.72
2025-12-17,9:48:17.229392494,T,KO,I,25,70.72
2025-12-17,9:48:17.229392494,T,KO,I,25,70.72
2025-12-17,9:48:17.229404445,T,KO,F I,50,70.72
2025-12-17,9:48:17.229410198,T,KO,I,1,70.72
2025-12-17,9:48:17.229422473,T,KO,F I,49,70.72
2025-12-17,9:48:17.229434335,T,KO,I,25,70.72
2025-12-17,9:48:17.230817602,T,KO,F I,1,70.71
2025-12-17,9:48:17.230817602,T,KO,F,100,70.71
2025-12-17,9:48:17.230820599,T,KO,F I,40,70.71
2025-12-17,9:48:17.231046157,T,KO,F I,40,70.71
2025-12-17,9:48:17.253723085,T,KO,I,31,70.7
2025-12-17,9:48:17.257263050,T,KO,I,33,70.7
2025-12-17,9:48:17.257265602,T,KO,I,25,70.7
2025-12-17,9:48:17.313081615,T,KO,I,33,70.7
2025-12-17,9:48:17.313081615,T,KO,I,33,70.7
2025-12-17,9:48:17.313081615,T,KO,I,25,70.7
2025-12-17,9:48:17.313379260,T,KO,,100,70.7
2025-12-17,9:48:17.346398090,T,KO,F I,33,70.7
2025-12-17,9:48:17.346400830,T,KO,F I,9,70.7
2025-12-17,9:48:17.357614611,T,KO,F I,4,70.7
2025-12-17,9:48:18.124308594,T,KO,I,8,70.71
2025-12-17,9:48:18.160550846,T,KO,I,1,70.71
2025-12-17,9:48:21.442576510,T,KO,I,67,70.69
2025-12-17,9:48:21.442576510,T,KO,I,23,70.69
2025-12-17,9:48:22.983608849,T,KO,F I,3,70.69
2025-12-17,9:48:22.996921474,T,KO,I,3,70.7
2025-12-17,9:48:23.740800067,T,KO,,100,70.7
2025-12-17,9:48:32.494191930,T,KO,I,83,70.69
2025-12-17,9:48:32.494218634,T,KO,,217,70.69
2025-12-17,9:48:32.537121794,T,KO,F I,36,70.69
2025-12-17,9:48:32.537124761,T,KO,F I,7,70.69
2025-12-17,9:48:32.537142965,T,KO,F,110,70.69
2025-12-17,9:48:32.537145843,T,KO,F I,25,70.69
2025-12-17,9:48:32.647337340,T,KO,I,36,70.7
2025-12-17,9:48:33.031586436,T,KO,I,25,70.7
2025-12-17,9:48:33.892152157,T,KO,,100,70.7
2025-12-17,9:48:36.629051386,T,KO,,100,70.7
2025-12-17,9:48:36.654010846,T,KO,F I,22,70.7
2025-12-17,9:48:36.667422745,T,KO,F I,22,70.71
2025-12-17,9:48:36.667789984,T,KO,I,36,70.71
2025-12-17,9:48:36.686235589,T,KO,F I,6,70.71
2025-12-17,9:48:39.307882498,T,KO,F I,17,70.71
2025-12-17,9:48:39.323119723,T,KO,F I,2,70.71
2025-12-17,9:48:44.556095877,T,KO,,100,70.705
2025-12-17,9:48:44.556098940,T,KO,,100,70.705
2025-12-17,9:48:44.589574628,T,KO,F I,11,70.71
2025-12-17,9:48:44.589574628,T,KO,F I,9,70.71
2025-12-17,9:48:44.621790405,T,KO,I,2,70.71
2025-12-17,9:48:44.641733902,T,KO,I,1,70.71
2025-12-17,9:48:44.692838068,T,KO,,188,70.71
2025-12-17,9:48:44.692838068,T,KO,I,7,70.71
2025-12-17,9:48:44.692840638,T,KO,I,1,70.71
2025-12-17,9:48:44.692858646,T,KO,,134,70.71
2025-12-17,9:48:44.692858646,T,KO,I,1,70.71
2025-12-17,9:48:44.697203963,T,KO,I,37,70.71
2025-12-17,9:48:44.710570841,T,KO,I,37,70.71
2025-12-17,9:48:47.392219688,T,KO,I,15,70.72
2025-12-17,9:48:47.429213870,T,KO,I,2,70.72
2025-12-17,9:48:49.376554129,T,KO,,100,70.715
2025-12-17,9:48:49.376554129,T,KO,,100,70.71
2025-12-17,9:48:49.376558696,T,KO,,200,70.71
2025-12-17,9:48:49.376573641,T,KO,I,1,70.71
2025-12-17,9:48:49.376573641,T,KO,I,99,70.71
2025-12-17,9:48:50.390522528,T,KO,I,87,70.71
2025-12-17,9:48:50.390543717,T,KO,I,13,70.71
2025-12-17,9:48:50.390543717,T,KO,I,40,70.71
2025-12-17,9:48:50.390547570,T,KO,I,81,70.71
2025-12-17,9:48:50.390549578,T,KO,I,1,70.71
2025-12-17,9:48:50.411978663,T,KO,I,18,70.71
2025-12-17,9:48:51.930911308,T,KO,F I,25,70.7
2025-12-17,9:48:53.616545818,T,KO,F I,6,70.69
2025-12-17,9:48:53.616545818,T,KO,F I,5,70.69
2025-12-17,9:48:53.616549422,T,KO,F I,22,70.69
2025-12-17,9:48:53.616567208,T,KO,,178,70.69
2025-12-17,9:48:53.616567208,T,KO,,178,70.69
2025-12-17,9:48:53.616570226,T,KO,F I,22,70.69
2025-12-17,9:48:53.616570226,T,KO,F I,72,70.69
2025-12-17,9:48:53.616575873,T,KO,F I,6,70.69
2025-12-17,9:48:53.616575873,T,KO,F I,66,70.69
2025-12-17,9:48:53.653765538,T,KO,I,2,70.68
2025-12-17,9:48:53.653765538,T,KO,I,2,70.68
2025-12-17,9:48:53.653768806,T,KO,I,40,70.68
2025-12-17,9:48:53.800884817,T,KO,F I,38,70.68
2025-12-17,9:48:53.848055162,T,KO,I,33,70.68
2025-12-17,9:48:53.863785697,T,KO,I,3,70.68
2025-12-17,9:48:56.542755096,T,KO,I,16,70.67
2025-12-17,9:48:56.567019826,T,KO,F I,39,70.67
2025-12-17,9:48:56.567019826,T,KO,F I,2,70.67
2025-12-17,9:49:03.082761014,T,KO,I,25,70.67
2025-12-17,9:49:03.084875081,T,KO,I,1,70.67
2025-12-17,9:49:03.085250946,T,KO,I,39,70.67
2025-12-17,9:49:03.085254440,T,KO,I,25,70.67
2025-12-17,9:49:03.086865782,T,KO,I,75,70.67
2025-12-17,9:49:05.991890081,T,KO,F I,18,70.67
2025-12-17,9:49:05.991892545,T,KO,F I,40,70.67
2025-12-17,9:49:08.268094665,T,KO,I,11,70.68
2025-12-17,9:49:08.268100703,T,KO,,100,70.68
2025-12-17,9:49:08.268100703,T,KO,I,16,70.68
2025-12-17,9:49:08.587704845,T,KO,,100,70.69
2025-12-17,9:49:08.588496416,T,KO,I,37,70.69
2025-12-17,9:49:08.588496416,T,KO,,300,70.69
2025-12-17,9:49:08.588517385,T,KO,I,1,70.69
2025-12-17,9:49:09.633216909,T,KO,I,37,70.69
2025-12-17,9:49:10.541301581,T,KO,F,100,70.695
2025-12-17,9:49:10.541301581,T,KO,F I,25,70.7
2025-12-17,9:49:10.543373529,T,KO,F,100,70.7
2025-12-17,9:49:10.554175255,T,KO,F I,25,70.7
2025-12-17,9:49:10.562225472,T,KO,F I,25,70.7
2025-12-17,9:49:10.562225472,T,KO,F I,3,70.69
2025-12-17,9:49:10.570059163,T,KO,F,100,70.7
2025-12-17,9:49:10.571842339,T,KO,F I,3,70.7
2025-12-17,9:49:10.619120918,T,KO,I,25,70.7
2025-12-17,9:49:10.701631722,T,KO,I,75,70.7
2025-12-17,9:49:10.701631722,T,KO,I,97,70.7
2025-12-17,9:49:11.018658504,T,KO,F I,22,70.69
2025-12-17,9:49:11.018664533,T,KO,I,22,70.69
2025-12-17,9:49:11.023536247,T,KO,F I,25,70.68
2025-12-17,9:49:11.023536247,T,KO,F I,25,70.68
2025-12-17,9:49:11.030705766,T,KO,F I,25,70.68
2025-12-17,9:49:11.030705766,T,KO,F I,30,70.68
2025-12-17,9:49:11.153460542,T,KO,F I,25,70.69
2025-12-17,9:49:11.472755013,T,KO,I,4,70.69
2025-12-17,9:49:11.663562496,T,KO,I,37,70.69
2025-12-17,9:49:11.664139848,T,KO,I,25,70.68
2025-12-17,9:49:11.665490537,T,KO,I,37,70.68
2025-12-17,9:49:11.665492991,T,KO,I,37,70.68
2025-12-17,9:49:11.665974251,T,KO,I,37,70.68
2025-12-17,9:49:11.665978504,T,KO,I,10,70.68
2025-12-17,9:49:11.665978504,T,KO,I,25,70.68
2025-12-17,9:49:11.665981383,T,KO,I,37,70.68
2025-12-17,9:49:11.666172724,T,KO,I,25,70.68
2025-12-17,9:49:11.667607300,T,KO,,100,70.68
2025-12-17,9:49:11.667607300,T,KO,,100,70.68
2025-12-17,9:49:11.667607300,T,KO,I,37,70.68
2025-12-17,9:49:14.705559474,T,KO,F I,22,70.69
2025-12-17,9:49:14.705580629,T,KO,F I,78,70.69
2025-12-17,9:49:17.888324655,T,KO,F I,13,70.685
2025-12-17,9:49:19.027777530,T,KO,I,11,70.68
2025-12-17,9:49:19.027777530,T,KO,I,2,70.68
2025-12-17,9:49:19.028030053,T,KO,I,34,70.68
2025-12-17,9:49:19.028243579,T,KO,F I,34,70.68
2025-12-17,9:49:19.028279722,T,KO,,100,70.68
2025-12-17,9:49:19.028282695,T,KO,I,34,70.68
2025-12-17,9:49:19.028282695,T,KO,I,16,70.68
2025-12-17,9:49:19.029136713,T,KO,F I,84,70.68
2025-12-17,9:49:22.097359129,T,KO,F,200,70.7
2025-12-17,9:49:22.097377839,T,KO,,100,70.7
2025-12-17,9:49:23.422732706,T,KO,I,10,70.71
2025-12-17,9:49:23.422735795,T,KO,I,90,70.71
2025-12-17,9:49:25.366267559,T,KO,I,5,70.705
2025-12-17,9:49:26.648509378,T,KO,I,13,70.71
2025-12-17,9:49:27.163970042,T,KO,I,34,70.71
2025-12-17,9:49:27.266120325,T,KO,I,16,70.71
2025-12-17,9:49:28.512393471,T,KO,F I,25,70.71
2025-12-17,9:49:28.512393471,T,KO,F I,15,70.71
2025-12-17,9:49:28.512405687,T,KO,F I,25,70.71
2025-12-17,9:49:30.117875186,T,KO,,100,70.72
2025-12-17,9:49:30.117893232,T,KO,F,100,70.72
2025-12-17,9:49:32.591732003,T,KO,I,10,70.725
2025-12-17,9:49:32.594227982,T,KO,,100,70.725
2025-12-17,9:49:32.594237027,T,KO,I,20,70.725
2025-12-17,9:49:35.168569126,T,KO,I,3,70.73
2025-12-17,9:49:43.514397087,T,KO,,100,70.725
2025-12-17,9:49:43.514400104,T,KO,,100,70.725
2025-12-17,9:49:47.120276043,T,KO,F I,59,70.74
2025-12-17,9:49:47.120297060,T,KO,F I,41,70.74
2025-12-17,9:49:47.120958613,T,KO,I,38,70.74
2025-12-17,9:49:47.120958613,T,KO,I,50,70.74
2025-12-17,9:49:48.365391512,T,KO,F I,38,70.74
2025-12-17,9:49:50.465340857,T,KO,F I,6,70.74
2025-12-17,9:49:51.189937512,T,KO,F,200,70.73
2025-12-17,9:49:57.394786359,T,KO,I,27,70.735
2025-12-17,9:49:58.341471121,T,KO,,100,70.735
2025-12-17,9:49:58.941835971,T,KO,,100,70.735
2025-12-17,9:49:58.942831253,T,KO,,100,70.735
2025-12-17,9:49:59.733708937,T,KO,F,100,70.74
2025-12-17,9:50:04.600782576,T,KO,F I,12,70.75
2025-12-17,9:50:04.600782576,T,KO,F I,88,70.75
2025-12-17,9:50:04.600794811,T,KO,F I,12,70.75
2025-12-17,9:50:04.600797606,T,KO,I,1,70.75
2025-12-17,9:50:04.600818624,T,KO,I,12,70.75
2025-12-17,9:50:04.601140427,T,KO,I,12,70.75
2025-12-17,9:50:04.603040908,T,KO,F I,2,70.75
2025-12-17,9:50:05.422026437,T,KO,F I,10,70.76
2025-12-17,9:50:05.422029833,T,KO,F I,1,70.76
2025-12-17,9:50:05.422029833,T,KO,F I,2,70.76
2025-12-17,9:50:05.422032457,T,KO,F,200,70.76
2025-12-17,9:50:09.090313042,T,KO,,100,70.765
2025-12-17,9:50:09.090313042,T,KO,,100,70.76
2025-12-17,9:50:09.090328091,T,KO,I,1,70.76
2025-12-17,9:50:09.171082369,T,KO,F I,90,70.76
2025-12-17,9:50:09.171097420,T,KO,I,9,70.76
2025-12-17,9:50:09.247208802,T,KO,F I,40,70.76
2025-12-17,9:50:09.247208802,T,KO,F,100,70.76
2025-12-17,9:50:09.247211697,T,KO,F I,88,70.76
2025-12-17,9:50:09.935376678,T,KO,I,40,70.76
2025-12-17,9:50:15.046063537,T,KO,,100,70.765
2025-12-17,9:50:22.437697896,T,KO,,200,70.76
2025-12-17,9:50:25.357471634,T,KO,F I,45,70.76
2025-12-17,9:50:25.357471634,T,KO,F I,1,70.76
2025-12-17,9:50:28.742486894,T,KO,F I,3,70.77
2025-12-17,9:50:28.742489821,T,KO,F,200,70.77
2025-12-17,9:50:28.742489821,T,KO,F I,49,70.77
2025-12-17,9:50:29.373160689,T,KO,I,8,70.79
2025-12-17,9:50:29.575852460,T,KO,,100,70.79
2025-12-17,9:50:29.575870498,T,KO,I,1,70.79
2025-12-17,9:50:29.575876718,T,KO,F I,24,70.79
2025-12-17,9:50:29.575876718,T,KO,F I,1,70.79
2025-12-17,9:50:34.284812517,T,KO,F,100,70.795
2025-12-17,9:50:34.284812517,T,KO,F,100,70.79
2025-12-17,9:50:34.284828666,T,KO,I,1,70.79
2025-12-17,9:50:34.284833582,T,KO,I,99,70.79
2025-12-17,9:50:34.312403215,T,KO,F I,25,70.79
2025-12-17,9:50:35.266410315,T,KO,I,42,70.795
2025-12-17,9:50:35.602532800,T,KO,,100,70.795
2025-12-17,9:50:37.552187253,T,KO,F I,25,70.795
2025-12-17,9:50:39.051789714,T,KO,I,11,70.79
2025-12-17,9:50:39.051817079,T,KO,F I,14,70.79
2025-12-17,9:50:39.051820323,T,KO,F,300,70.79
2025-12-17,9:50:42.007793892,T,KO,F,100,70.79
2025-12-17,9:50:42.007812179,T,KO,I,1,70.79
2025-12-17,9:50:45.486905874,T,KO,,100,70.785
2025-12-17,9:50:45.586638684,T,KO,F,100,70.785
2025-12-17,9:50:45.586641625,T,KO,F I,32,70.78
2025-12-17,9:50:45.586645678,T,KO,F I,25,70.78
2025-12-17,9:50:45.586645678,T,KO,F I,3,70.78
2025-12-17,9:50:45.586650439,T,KO,F I,97,70.78
2025-12-17,9:50:45.586650439,T,KO,F I,3,70.78
2025-12-17,9:50:45.586656705,T,KO,F I,23,70.78
2025-12-17,9:50:45.586656705,T,KO,,160,70.78
2025-12-17,9:50:45.586660121,T,KO,F I,40,70.78
2025-12-17,9:50:46.060302634,T,KO,,100,70.775
2025-12-17,9:50:46.060302634,T,KO,I,27,70.775
2025-12-17,9:50:46.259412828,T,KO,F I,25,70.79
2025-12-17,9:50:47.809869491,T,KO,I,18,70.795
2025-12-17,9:50:48.567416117,T,KO,F I,40,70.8
2025-12-17,9:50:48.567418934,T,KO,F,100,70.8
2025-12-17,9:50:48.567418934,T,KO,F I,40,70.8
2025-12-17,9:50:48.567422515,T,KO,F,200,70.8
2025-12-17,9:50:48.567424748,T,KO,F I,11,70.8
2025-12-17,9:50:48.567424748,T,KO,F,100,70.8
2025-12-17,9:50:48.573685561,T,KO,,100,70.8
2025-12-17,9:50:48.573688617,T,KO,I,51,70.8
2025-12-17,9:50:48.573691589,T,KO,,100,70.8
2025-12-17,9:50:48.573694671,T,KO,,300,70.8
2025-12-17,9:50:48.573694671,T,KO,I,41,70.8
2025-12-17,9:50:48.573709650,T,KO,I,1,70.8
2025-12-17,9:50:48.591394675,T,KO,F I,51,70.8
2025-12-17,9:50:48.591397668,T,KO,F I,49,70.8
2025-12-17,9:50:48.591415723,T,KO,I,1,70.8
2025-12-17,9:50:48.591436770,T,KO,F I,13,70.8
2025-12-17,9:50:48.592594583,T,KO,F I,14,70.8
2025-12-17,9:50:48.597547484,T,KO,I,23,70.8
2025-12-17,9:50:48.597547484,T,KO,I,25,70.8
2025-12-17,9:50:49.380798828,T,KO,,100,70.805
2025-12-17,9:50:56.053883774,T,KO,,100,70.8
2025-12-17,9:50:57.342401626,T,KO,F I,23,70.8
2025-12-17,9:50:58.075397260,T,KO,,100,70.805
2025-12-17,9:50:59.827225522,T,KO,,100,70.805
2025-12-17,9:50:59.827225522,T,KO,,100,70.805
2025-12-17,9:51:00.150522520,T,KO,,100,70.81
2025-12-17,9:51:00.150525492,T,KO,,100,70.81
2025-12-17,9:51:00.150537687,T,KO,I,1,70.81
2025-12-17,9:51:00.150537687,T,KO,F,199,70.81
2025-12-17,9:51:00.150540586,T,KO,F I,80,70.81
2025-12-17,9:51:00.608411065,T,KO,F,167,70.81
2025-12-17,9:51:00.608432473,T,KO,I,1,70.81
2025-12-17,9:51:00.608435185,T,KO,F I,32,70.81
2025-12-17,9:51:00.629280779,T,KO,I,50,70.81
2025-12-17,9:51:01.177342061,T,KO,F I,50,70.81
2025-12-17,9:51:01.316152653,T,KO,I,49,70.81
2025-12-17,9:51:01.316152653,T,KO,I,1,70.81
2025-12-17,9:51:01.966346211,T,KO,F I,49,70.81
2025-12-17,9:51:04.944651459,T,KO,,100,70.82
2025-12-17,9:51:04.944654602,T,KO,,100,70.82
2025-12-17,9:51:04.944657591,T,KO,I,16,70.82
2025-12-17,9:51:04.944661305,T,KO,I,14,70.82
2025-12-17,9:51:04.944669490,T,KO,I,1,70.82
2025-12-17,9:51:04.944729657,T,KO,F I,99,70.82
2025-12-17,9:51:11.271708283,T,KO,,100,70.82
2025-12-17,9:51:11.363246278,T,KO,,300,70.815
2025-12-17,9:51:11.363249304,T,KO,I,50,70.815
2025-12-17,9:51:12.213401058,T,KO,F I,60,70.81
2025-12-17,9:51:12.213401058,T,KO,F I,49,70.81
2025-12-17,9:51:15.086422568,T,KO,F,100,70.81
2025-12-17,9:51:15.086422568,T,KO,F I,1,70.81
2025-12-17,9:51:15.086425573,T,KO,F I,99,70.81
2025-12-17,9:51:15.086440703,T,KO,I,1,70.81
2025-12-17,9:51:21.119917257,T,KO,F I,25,70.82
2025-12-17,9:51:21.119917257,T,KO,F I,25,70.82
2025-12-17,9:51:24.002522620,T,KO,,100,70.825
2025-12-17,9:51:27.021704226,T,KO,,100,70.825
2025-12-17,9:51:27.023006371,T,KO,I,74,70.83
2025-12-17,9:51:27.023228932,T,KO,I,26,70.83
2025-12-17,9:51:27.023228932,T,KO,I,25,70.83
2025-12-17,9:51:27.041894344,T,KO,I,52,70.83
2025-12-17,9:51:28.216010692,T,KO,,100,70.825
2025-12-17,9:51:28.221880713,T,KO,,100,70.82
2025-12-17,9:51:28.323068650,T,KO,F I,49,70.81
2025-12-17,9:51:28.867825749,T,KO,I,50,70.805
2025-12-17,9:51:28.867894263,T,KO,,100,70.805
2025-12-17,9:51:29.085450615,T,KO,,100,70.805
2025-12-17,9:51:29.085450615,T,KO,,200,70.8
2025-12-17,9:51:29.085456465,T,KO,,100,70.8
2025-12-17,9:51:29.085456465,T,KO,,100,70.8
2025-12-17,9:51:29.085459607,T,KO,F I,25,70.8
2025-12-17,9:51:29.085459607,T,KO,F I,75,70.8
2025-12-17,9:51:29.096164984,T,KO,,100,70.79
2025-12-17,9:51:29.096164984,T,KO,I,25,70.79
2025-12-17,9:51:30.280034097,T,KO,F,100,70.795
2025-12-17,9:51:30.280039820,T,KO,F I,25,70.79
2025-12-17,9:51:30.280039820,T,KO,F,100,70.79
2025-12-17,9:51:30.280039820,T,KO,F,100,70.79
2025-12-17,9:51:30.280042604,T,KO,F,125,70.79
2025-12-17,9:51:30.280045713,T,KO,F I,75,70.79
2025-12-17,9:51:30.280045713,T,KO,F,100,70.79
2025-12-17,9:51:30.280048639,T,KO,F I,50,70.79
2025-12-17,9:51:30.280048639,T,KO,F I,30,70.79
2025-12-17,9:51:30.337909379,T,KO,I,5,70.79
2025-12-17,9:51:30.834328667,T,KO,I,7,70.79
2025-12-17,9:51:35.270160292,T,KO,F,300,70.79
2025-12-17,9:51:40.455797780,T,KO,,100,70.78
2025-12-17,9:51:41.046256989,T,KO,,100,70.785
2025-12-17,9:51:41.286926131,T,KO,I,6,70.785
2025-12-17,9:51:41.688700960,T,KO,I,25,70.78
2025-12-17,9:51:42.329900146,T,KO,,100,70.78
2025-12-17,9:51:43.668652462,T,KO,F,300,70.77
2025-12-17,9:51:48.007677564,T,KO,F,100,70.76
2025-12-17,9:51:48.007681132,T,KO,F,100,70.76
2025-12-17,9:51:48.007698676,T,KO,,118,70.76
2025-12-17,9:51:49.551295927,T,KO,,100,70.755
2025-12-17,9:51:49.551298900,T,KO,,190,70.75
2025-12-17,9:51:49.551314038,T,KO,I,10,70.75
2025-12-17,9:51:49.551317759,T,KO,I,40,70.75
2025-12-17,9:51:49.551317759,T,KO,I,50,70.75
2025-12-17,9:51:49.551319961,T,KO,,190,70.75
2025-12-17,9:51:49.551325989,T,KO,F I,27,70.75
2025-12-17,9:51:49.570154068,T,KO,I,42,70.75
2025-12-17,9:51:50.447144496,T,KO,,100,70.755
2025-12-17,9:51:51.812092384,T,KO,F I,42,70.75
2025-12-17,9:51:51.812092384,T,KO,F I,27,70.75
2025-12-17,9:51:51.812122468,T,KO,F,100,70.75
2025-12-17,9:51:53.926641536,T,KO,I,55,70.75
2025-12-17,9:51:55.304565320,T,KO,,100,70.75
2025-12-17,9:51:57.135400638,T,KO,,100,70.745
2025-12-17,9:51:57.977448343,T,KO,F I,7,70.74
2025-12-17,9:51:57.977451043,T,KO,F I,16,70.74
2025-12-17,9:51:57.977454129,T,KO,F I,32,70.74
2025-12-17,9:51:58.072179821,T,KO,I,42,70.74
2025-12-17,9:52:00.050805104,T,KO,F I,7,70.74
2025-12-17,9:52:00.050808155,T,KO,F I,42,70.74
2025-12-17,9:52:02.704490303,T,KO,F I,23,70.74
2025-12-17,9:52:02.704532397,T,KO,F I,10,70.74
2025-12-17,9:52:02.705160978,T,KO,I,1,70.74
2025-12-17,9:52:02.705203427,T,KO,I,38,70.74
2025-12-17,9:52:02.705205969,T,KO,I,95,70.74
