DATE,TIME_M,EX,SYM_ROOT,TR_SCOND,SIZE,PRICE
2025-11-14,9:30:00.223075695,T,KO,FTI,1,71.43
2025-11-14,9:30:00.308422066,T,KO,FTI,6,71.43
2025-11-14,9:30:01.529026226,T,KO,I,7,71.47
2025-11-14,9:30:01.529032230,T,KO,Q,7,71.47
2025-11-14,9:30:01.529086441,T,KO,I,19,71.44
2025-11-14,9:30:01.529167550,T,KO,,500,71.44
2025-11-14,9:30:01.529191688,T,KO,I,1,71.44
2025-11-14,9:30:01.529215696,T,KO,I,18,71.44
2025-11-14,9:30:01.529420186,T,KO,,100,71.44
2025-11-14,9:30:01.529609642,T,KO,,100,71.46
2025-11-14,9:30:01.529612688,T,KO,,200,71.46
2025-11-14,9:30:01.529612688,T,KO,I,50,71.46
2025-11-14,9:30:01.529663860,T,KO,I,3,71.45
2025-11-14,9:30:01.529663860,T,KO,I,4,71.45
2025-11-14,9:30:01.529667447,T,KO,I,3,71.445
2025-11-14,9:30:01.529671096,T,KO,,100,71.44
2025-11-14,9:30:01.529672864,T,KO,I,5,71.43
2025-11-14,9:30:01.529675762,T,KO,I,47,71.43
2025-11-14,9:30:01.529747978,T,KO,I,3,71.46
2025-11-14,9:30:01.529747978,T,KO,,200,71.46
2025-11-14,9:30:01.529844747,T,KO,I,50,71.46
2025-11-14,9:30:01.529904303,T,KO,,151,71.46
2025-11-14,9:30:01.530238102,T,KO,F I,93,71.47
2025-11-14,9:30:01.530241194,T,KO,F I,50,71.47
2025-11-14,9:30:01.530470087,T,KO,,200,71.48
2025-11-14,9:30:01.530470087,T,KO,I,50,71.48
2025-11-14,9:30:01.530875695,T,KO,,200,71.49
2025-11-14,9:30:01.530878690,T,KO,I,50,71.49
2025-11-14,9:30:01.531498206,T,KO,F I,1,71.5
2025-11-14,9:30:01.551104917,T,KO,I,50,71.5
2025-11-14,9:30:01.551107836,T,KO,I,50,71.5
2025-11-14,9:30:01.883555983,T,KO,I,47,71.5
2025-11-14,9:30:01.883555983,T,KO,I,39,71.5
2025-11-14,9:30:01.883585920,T,KO,F I,11,71.5
2025-11-14,9:30:01.883585920,T,KO,I,1,71.5
2025-11-14,9:30:01.906521511,T,KO,F I,1,71.49
2025-11-14,9:30:01.906548410,T,KO,,100,71.49
2025-11-14,9:30:01.906590537,T,KO,I,50,71.48
2025-11-14,9:30:01.906596608,T,KO,,200,71.48
2025-11-14,9:30:01.906596608,T,KO,F I,99,71.49
2025-11-14,9:30:01.906647666,T,KO,F I,90,71.49
2025-11-14,9:30:01.906668927,T,KO,I,10,71.49
2025-11-14,9:30:01.986581052,T,KO,F I,47,71.51
2025-11-14,9:30:01.986581052,T,KO,F I,50,71.51
2025-11-14,9:30:02.009312159,T,KO,I,9,71.52
2025-11-14,9:30:02.192061051,T,KO,I,91,71.52
2025-11-14,9:30:02.192063458,T,KO,,200,71.52
2025-11-14,9:30:02.192063458,T,KO,I,50,71.52
2025-11-14,9:30:02.245858555,T,KO,I,90,71.52
2025-11-14,9:30:02.245861672,T,KO,I,10,71.52
2025-11-14,9:30:02.387240358,T,KO,I,50,71.51
2025-11-14,9:30:02.632678950,T,KO,F,151,71.51
2025-11-14,9:30:02.632678950,T,KO,F,100,71.51
2025-11-14,9:30:03.032848829,T,KO,,100,71.51
2025-11-14,9:30:03.032850977,T,KO,I,50,71.51
2025-11-14,9:30:03.032854238,T,KO,I,2,71.51
2025-11-14,9:30:03.032856980,T,KO,,100,71.51
2025-11-14,9:30:03.032914124,T,KO,I,29,71.52
2025-11-14,9:30:03.032932200,T,KO,F I,21,71.52
2025-11-14,9:30:03.033112674,T,KO,I,30,71.51
2025-11-14,9:30:03.326611779,T,KO,,200,71.5
2025-11-14,9:30:03.326614770,T,KO,I,50,71.5
2025-11-14,9:30:03.327225072,T,KO,,100,71.49
2025-11-14,9:30:03.327228288,T,KO,F,100,71.49
2025-11-14,9:30:03.327270262,T,KO,,200,71.49
2025-11-14,9:30:03.625631780,T,KO,,100,71.495
2025-11-14,9:30:03.909781617,T,KO,,151,71.51
2025-11-14,9:30:03.909784603,T,KO,I,49,71.51
2025-11-14,9:30:03.909796561,T,KO,I,1,71.51
2025-11-14,9:30:03.910070303,T,KO,F,100,71.51
2025-11-14,9:30:03.910070303,T,KO,F,700,71.51
2025-11-14,9:30:03.910073367,T,KO,F I,1,71.505
2025-11-14,9:30:03.910076244,T,KO,F I,3,71.5
2025-11-14,9:30:03.910076244,T,KO,F I,49,71.5
2025-11-14,9:30:03.910082256,T,KO,F I,1,71.5
2025-11-14,9:30:04.450550498,T,KO,I,3,71.51
2025-11-14,9:30:04.450553510,T,KO,I,6,71.51
2025-11-14,9:30:04.450556590,T,KO,I,50,71.51
2025-11-14,9:30:04.450887342,T,KO,F I,5,71.51
2025-11-14,9:30:04.450887342,T,KO,F I,50,71.51
2025-11-14,9:30:04.946503810,T,KO,,100,71.52
2025-11-14,9:30:04.946521818,T,KO,F I,51,71.52
2025-11-14,9:30:05.005585540,T,KO,F,100,71.515
2025-11-14,9:30:05.005585540,T,KO,F,162,71.51
2025-11-14,9:30:05.005603581,T,KO,I,1,71.51
2025-11-14,9:30:05.005621612,T,KO,F I,37,71.51
2025-11-14,9:30:05.005624689,T,KO,F I,10,71.51
2025-11-14,9:30:05.005627589,T,KO,I,40,71.51
2025-11-14,9:30:05.163064670,T,KO,F,115,71.52
2025-11-14,9:30:05.163067882,T,KO,F I,50,71.52
2025-11-14,9:30:05.163136834,T,KO,F I,50,71.52
2025-11-14,9:30:05.163140647,T,KO,F,100,71.52
2025-11-14,9:30:05.163140647,T,KO,F I,50,71.52
2025-11-14,9:30:05.163142849,T,KO,I,50,71.52
2025-11-14,9:30:05.169695550,T,KO,,100,71.515
2025-11-14,9:30:05.169695550,T,KO,,154,71.51
2025-11-14,9:30:05.173791385,T,KO,F I,38,71.52
2025-11-14,9:30:05.173791385,T,KO,F I,50,71.52
2025-11-14,9:30:05.173848843,T,KO,F,154,71.52
2025-11-14,9:30:05.290926374,T,KO,F I,50,71.52
2025-11-14,9:30:05.290986327,T,KO,F I,50,71.52
2025-11-14,9:30:05.486584178,T,KO,,100,71.51
2025-11-14,9:30:05.946610732,T,KO,,100,71.5
2025-11-14,9:30:06.231560422,T,KO,I,17,71.48
2025-11-14,9:30:06.231915306,T,KO,,200,71.47
2025-11-14,9:30:06.288979178,T,KO,,200,71.44
2025-11-14,9:30:06.532336850,T,KO,F,100,71.44
2025-11-14,9:30:06.532363912,T,KO,F I,51,71.44
2025-11-14,9:30:06.532433018,T,KO,,100,71.44
2025-11-14,9:30:06.532433018,T,KO,I,6,71.44
2025-11-14,9:30:06.532454110,T,KO,F,581,71.44
2025-11-14,9:30:06.917963190,T,KO,I,1,71.45
2025-11-14,9:30:06.917966243,T,KO,I,50,71.45
2025-11-14,9:30:06.917966243,T,KO,I,49,71.45
2025-11-14,9:30:06.917984243,T,KO,I,1,71.45
2025-11-14,9:30:07.454371815,T,KO,I,1,71.47
2025-11-14,9:30:08.082372504,T,KO,F I,3,71.43
2025-11-14,9:30:08.147862460,T,KO,F,200,71.43
2025-11-14,9:30:08.279275532,T,KO,F,200,71.41
2025-11-14,9:30:08.279275532,T,KO,F I,50,71.41
2025-11-14,9:30:09.019991458,T,KO,F,200,71.43
2025-11-14,9:30:09.019991458,T,KO,F,200,71.43
2025-11-14,9:30:09.020441776,T,KO,,100,71.43
2025-11-14,9:30:09.020441776,T,KO,I,50,71.43
2025-11-14,9:30:09.221957679,T,KO,F I,50,71.42
2025-11-14,9:30:09.624977612,T,KO,I,50,71.4
2025-11-14,9:30:09.625028941,T,KO,I,9,71.41
2025-11-14,9:30:09.625028941,T,KO,I,50,71.42
2025-11-14,9:30:09.625031684,T,KO,,141,71.42
2025-11-14,9:30:10.066898136,T,KO,F I,50,71.4
2025-11-14,9:30:10.066979339,T,KO,,100,71.4
2025-11-14,9:30:10.148990669,T,KO,,100,71.41
2025-11-14,9:30:10.148993814,T,KO,I,50,71.41
2025-11-14,9:30:10.148993814,T,KO,I,84,71.41
2025-11-14,9:30:10.149008689,T,KO,I,1,71.41
2025-11-14,9:30:10.149048109,T,KO,F I,9,71.4
2025-11-14,9:30:10.153107381,T,KO,F,100,71.4
2025-11-14,9:30:10.153107381,T,KO,F I,9,71.4
2025-11-14,9:30:10.153110443,T,KO,F,100,71.4
2025-11-14,9:30:10.153254933,T,KO,F I,1,71.4
2025-11-14,9:30:10.162357489,T,KO,F,100,71.4
2025-11-14,9:30:10.162357489,T,KO,F I,50,71.4
2025-11-14,9:30:10.162417647,T,KO,F,100,71.4
2025-11-14,9:30:10.162450645,T,KO,I,48,71.39
2025-11-14,9:30:10.162483813,T,KO,,100,71.4
2025-11-14,9:30:10.169524106,T,KO,I,50,71.39
2025-11-14,9:30:10.169590717,T,KO,,100,71.39
2025-11-14,9:30:10.169590717,T,KO,,100,71.39
2025-11-14,9:30:10.169610761,T,KO,I,1,71.39
2025-11-14,9:30:10.169613745,T,KO,I,1,71.39
2025-11-14,9:30:10.169613745,T,KO,F I,50,71.39
2025-11-14,9:30:10.169785481,T,KO,F I,1,71.39
2025-11-14,9:30:10.169785481,T,KO,F I,1,71.39
2025-11-14,9:30:10.169791195,T,KO,F I,50,71.39
2025-11-14,9:30:10.169884478,T,KO,,100,71.39
2025-11-14,9:30:10.169884478,T,KO,I,50,71.39
2025-11-14,9:30:10.169887369,T,KO,,171,71.39
2025-11-14,9:30:10.172149025,T,KO,I,50,71.4
2025-11-14,9:30:10.172151842,T,KO,,100,71.4
2025-11-14,9:30:10.257561209,T,KO,I,50,71.38
2025-11-14,9:30:10.279495504,T,KO,I,50,71.37
2025-11-14,9:30:10.449977519,T,KO,,100,71.37
2025-11-14,9:30:10.642911014,T,KO,,100,71.4
2025-11-14,9:30:10.726311709,T,KO,,100,71.4
2025-11-14,9:30:10.726344774,T,KO,,100,71.39
2025-11-14,9:30:10.726350692,T,KO,,200,71.38
2025-11-14,9:30:10.726350692,T,KO,I,50,71.38
2025-11-14,9:30:10.726413938,T,KO,,100,71.39
2025-11-14,9:30:10.726688177,T,KO,I,50,71.38
2025-11-14,9:30:10.726690565,T,KO,,100,71.38
2025-11-14,9:30:10.726693537,T,KO,,100,71.38
2025-11-14,9:30:10.911107842,T,KO,F,100,71.38
2025-11-14,9:30:11.073614856,T,KO,F I,16,71.38
2025-11-14,9:30:11.073638917,T,KO,,357,71.38
2025-11-14,9:30:11.147753377,T,KO,F I,27,71.38
2025-11-14,9:30:11.152946807,T,KO,F I,9,71.37
2025-11-14,9:30:11.153015961,T,KO,,100,71.37
2025-11-14,9:30:11.153036981,T,KO,,300,71.37
2025-11-14,9:30:11.153036981,T,KO,I,9,71.37
2025-11-14,9:30:11.165670059,T,KO,F,200,71.39
2025-11-14,9:30:11.165673099,T,KO,F I,50,71.39
2025-11-14,9:30:11.165673099,T,KO,F,100,71.39
2025-11-14,9:30:11.192247383,T,KO,F,200,71.4
2025-11-14,9:30:11.192319637,T,KO,F I,9,71.39
2025-11-14,9:30:11.192337635,T,KO,F I,50,71.39
2025-11-14,9:30:11.221876974,T,KO,F I,9,71.4
2025-11-14,9:30:11.221879986,T,KO,F I,1,71.4
2025-11-14,9:30:11.221879986,T,KO,F I,90,71.4
2025-11-14,9:30:11.221991256,T,KO,F I,10,71.4
2025-11-14,9:30:11.221991256,T,KO,F I,50,71.4
2025-11-14,9:30:11.222111580,T,KO,F I,9,71.39
2025-11-14,9:30:11.222628769,T,KO,,100,71.38
2025-11-14,9:30:11.222631747,T,KO,I,50,71.38
2025-11-14,9:30:11.222668606,T,KO,,100,71.38
2025-11-14,9:30:11.222668606,T,KO,I,10,71.38
2025-11-14,9:30:11.224084273,T,KO,I,50,71.38
2025-11-14,9:30:11.369182806,T,KO,F,100,71.4
2025-11-14,9:30:11.369248915,T,KO,F I,9,71.39
2025-11-14,9:30:11.369342471,T,KO,F I,9,71.39
2025-11-14,9:30:11.369462488,T,KO,,100,71.39
2025-11-14,9:30:11.369465452,T,KO,,100,71.39
2025-11-14,9:30:11.371597557,T,KO,F I,10,71.39
2025-11-14,9:30:11.371600600,T,KO,F I,10,71.39
2025-11-14,9:30:11.371600600,T,KO,F I,5,71.39
2025-11-14,9:30:11.371603581,T,KO,F I,50,71.39
2025-11-14,9:30:11.372581119,T,KO,F I,50,71.39
2025-11-14,9:30:11.372583895,T,KO,F,100,71.39
2025-11-14,9:30:11.373161248,T,KO,F I,1,71.39
2025-11-14,9:30:11.373161248,T,KO,F I,50,71.39
2025-11-14,9:30:11.380342400,T,KO,F I,50,71.39
2025-11-14,9:30:11.394021982,T,KO,F I,1,71.39
2025-11-14,9:30:11.394021982,T,KO,F I,50,71.39
2025-11-14,9:30:12.763234435,T,KO,,200,71.41
2025-11-14,9:30:12.763234435,T,KO,I,50,71.41
2025-11-14,9:30:12.763234435,T,KO,I,6,71.41
2025-11-14,9:30:12.763649694,T,KO,F,100,71.41
2025-11-14,9:30:12.763649694,T,KO,F I,59,71.42
2025-11-14,9:30:12.763652030,T,KO,F I,50,71.42
2025-11-14,9:30:12.763769345,T,KO,,100,71.42
2025-11-14,9:30:14.154780413,T,KO,,100,71.415
2025-11-14,9:30:14.190520447,T,KO,F,150,71.415
2025-11-14,9:30:14.191112868,T,KO,,150,71.415
2025-11-14,9:30:14.191130967,T,KO,F I,38,71.43
2025-11-14,9:30:14.191160979,T,KO,I,1,71.43
2025-11-14,9:30:14.191245208,T,KO,,100,71.43
2025-11-14,9:30:14.206894472,T,KO,F I,3,71.43
2025-11-14,9:30:14.206897458,T,KO,F I,50,71.43
2025-11-14,9:30:14.821314860,T,KO,,100,71.43
2025-11-14,9:30:17.004959708,T,KO,I,41,71.42
2025-11-14,9:30:17.004971815,T,KO,F I,50,71.42
2025-11-14,9:30:17.005061969,T,KO,F I,9,71.42
2025-11-14,9:30:18.465532390,T,KO,F,100,71.42
2025-11-14,9:30:18.771914109,T,KO,F I,41,71.44
2025-11-14,9:30:19.437940506,T,KO,F,200,71.43
2025-11-14,9:30:19.437940506,T,KO,F,100,71.44
2025-11-14,9:30:20.475363429,T,KO,F I,50,71.43
2025-11-14,9:30:21.499112779,T,KO,F I,50,71.4
2025-11-14,9:30:21.499380407,T,KO,F,200,71.39
2025-11-14,9:30:21.506850432,T,KO,F,100,71.4
2025-11-14,9:30:21.506853227,T,KO,F I,50,71.4
2025-11-14,9:30:21.507090698,T,KO,F I,50,71.4
2025-11-14,9:30:21.507114826,T,KO,I,50,71.4
2025-11-14,9:30:21.530898402,T,KO,F I,12,71.4
2025-11-14,9:30:21.573639180,T,KO,,200,71.405
2025-11-14,9:30:21.624165578,T,KO,,200,71.405
2025-11-14,9:30:21.674496374,T,KO,,100,71.4
2025-11-14,9:30:21.876770203,T,KO,I,50,71.39
2025-11-14,9:30:21.878279783,T,KO,I,8,71.39
2025-11-14,9:30:21.878908228,T,KO,F I,50,71.39
2025-11-14,9:30:21.885433867,T,KO,F,100,71.4
2025-11-14,9:30:21.885437693,T,KO,F I,50,71.4
2025-11-14,9:30:21.885439787,T,KO,,100,71.4
2025-11-14,9:30:21.886624596,T,KO,I,50,71.41
2025-11-14,9:30:21.886681834,T,KO,,100,71.41
2025-11-14,9:30:21.886685498,T,KO,,100,71.41
2025-11-14,9:30:21.887108854,T,KO,,200,71.41
2025-11-14,9:30:21.887487748,T,KO,F I,2,71.41
2025-11-14,9:30:21.887520813,T,KO,I,1,71.41
2025-11-14,9:30:23.581202937,T,KO,I,50,71.39
2025-11-14,9:30:23.581921448,T,KO,,200,71.38
2025-11-14,9:30:23.581946245,T,KO,I,88,71.38
2025-11-14,9:30:23.581946245,T,KO,I,1,71.38
2025-11-14,9:30:23.581954563,T,KO,F,100,71.38
2025-11-14,9:30:23.581966571,T,KO,F I,11,71.38
2025-11-14,9:30:23.581966571,T,KO,F I,9,71.38
2025-11-14,9:30:23.581978658,T,KO,,112,71.38
2025-11-14,9:30:23.582189079,T,KO,I,79,71.38
2025-11-14,9:30:23.728114689,T,KO,F I,50,71.4
2025-11-14,9:30:25.033283396,T,KO,,300,71.42
2025-11-14,9:30:25.033283396,T,KO,I,50,71.42
2025-11-14,9:30:25.033286928,T,KO,,100,71.42
2025-11-14,9:30:25.033482076,T,KO,I,50,71.42
2025-11-14,9:30:25.033482076,T,KO,I,12,71.41
2025-11-14,9:30:25.033544807,T,KO,,100,71.42
2025-11-14,9:30:25.033568909,T,KO,F I,12,71.42
2025-11-14,9:30:25.033917681,T,KO,I,88,71.41
2025-11-14,9:30:25.033920856,T,KO,,200,71.41
2025-11-14,9:30:25.033920856,T,KO,I,50,71.41
2025-11-14,9:30:25.033984296,T,KO,I,50,71.41
2025-11-14,9:30:25.558866335,T,KO,F I,88,71.41
2025-11-14,9:30:25.558868990,T,KO,F I,62,71.41
2025-11-14,9:30:27.182820937,T,KO,I,4,71.45
2025-11-14,9:30:27.182938358,T,KO,F,200,71.44
2025-11-14,9:30:27.182941879,T,KO,F,246,71.45
2025-11-14,9:30:27.182995362,T,KO,I,1,71.45
2025-11-14,9:30:27.183001660,T,KO,I,82,71.45
2025-11-14,9:30:27.217397222,T,KO,I,2,71.44
2025-11-14,9:30:28.772855273,T,KO,I,32,71.46
2025-11-14,9:30:28.772855273,T,KO,I,50,71.46
2025-11-14,9:30:28.772978307,T,KO,F,100,71.46
2025-11-14,9:30:28.781599756,T,KO,F,100,71.47
2025-11-14,9:30:29.332963019,T,KO,F,100,71.48
2025-11-14,9:30:29.347764305,T,KO,,200,71.45
2025-11-14,9:30:29.347767258,T,KO,I,50,71.45
2025-11-14,9:30:29.349604865,T,KO,,1000,71.45
2025-11-14,9:30:29.349604865,T,KO,,100,71.45
2025-11-14,9:30:29.349610666,T,KO,I,2,71.45
2025-11-14,9:30:29.349610666,T,KO,,100,71.45
2025-11-14,9:30:31.030776864,T,KO,I,1,71.46
2025-11-14,9:30:31.097779455,T,KO,F I,99,71.46
2025-11-14,9:30:31.345632705,T,KO,,100,71.47
2025-11-14,9:30:32.129038157,T,KO,F I,25,71.46
2025-11-14,9:30:32.129073679,T,KO,,400,71.45
2025-11-14,9:30:32.129079680,T,KO,,200,71.45
2025-11-14,9:30:32.129079680,T,KO,I,50,71.45
2025-11-14,9:30:32.130351705,T,KO,,100,71.44
2025-11-14,9:30:32.785741706,T,KO,,111,71.44
2025-11-14,9:30:33.056753236,T,KO,,100,71.45
2025-11-14,9:30:33.056771215,T,KO,,100,71.45
2025-11-14,9:30:33.056774226,T,KO,,100,71.45
2025-11-14,9:30:33.823221841,T,KO,F I,50,71.47
2025-11-14,9:30:34.362508234,T,KO,F,100,71.48
2025-11-14,9:30:36.065070317,T,KO,I,50,71.48
2025-11-14,9:30:36.065070317,T,KO,I,25,71.48
2025-11-14,9:30:36.065097367,T,KO,I,1,71.48
2025-11-14,9:30:36.065626800,T,KO,I,17,71.47
2025-11-14,9:30:36.065629601,T,KO,I,50,71.47
2025-11-14,9:30:36.065897189,T,KO,F I,50,71.46
2025-11-14,9:30:36.065897189,T,KO,I,50,71.46
2025-11-14,9:30:36.065906582,T,KO,F I,50,71.46
2025-11-14,9:30:36.065909972,T,KO,F I,50,71.46
2025-11-14,9:30:36.065924323,T,KO,F I,50,71.46
2025-11-14,9:30:36.065939305,T,KO,,100,71.46
2025-11-14,9:30:36.066553361,T,KO,I,17,71.46
2025-11-14,9:30:36.066553361,T,KO,I,17,71.46
2025-11-14,9:30:36.066555809,T,KO,I,66,71.46
2025-11-14,9:30:36.066574306,T,KO,,108,71.46
2025-11-14,9:30:36.066574306,T,KO,I,1,71.46
2025-11-14,9:30:36.066787387,T,KO,I,25,71.46
2025-11-14,9:30:36.070428984,T,KO,I,24,71.46
2025-11-14,9:30:36.720225606,T,KO,F I,50,71.47
2025-11-14,9:30:36.720466535,T,KO,I,36,71.47
2025-11-14,9:30:36.720469826,T,KO,I,36,71.47
2025-11-14,9:30:36.720469826,T,KO,I,44,71.47
2025-11-14,9:30:36.720569012,T,KO,,100,71.47
2025-11-14,9:30:36.720572404,T,KO,,100,71.47
2025-11-14,9:30:36.720578172,T,KO,I,36,71.47
2025-11-14,9:30:36.720578172,T,KO,,141,71.47
2025-11-14,9:30:36.720580474,T,KO,I,2,71.47
2025-11-14,9:30:36.720583534,T,KO,,221,71.47
2025-11-14,9:30:36.720619600,T,KO,F I,79,71.47
2025-11-14,9:30:36.720652640,T,KO,,100,71.47
2025-11-14,9:30:36.720682780,T,KO,F I,80,71.47
2025-11-14,9:30:36.750862664,T,KO,I,91,71.46
2025-11-14,9:30:37.864740086,T,KO,,141,71.48
2025-11-14,9:30:37.864743160,T,KO,I,10,71.48
2025-11-14,9:30:37.864743160,T,KO,,200,71.48
2025-11-14,9:30:37.864767372,T,KO,F,200,71.48
2025-11-14,9:30:37.864767372,T,KO,F I,10,71.48
2025-11-14,9:30:37.864769742,T,KO,I,1,71.48
2025-11-14,9:30:37.864772719,T,KO,F,210,71.48
2025-11-14,9:30:37.865151851,T,KO,,100,71.47
2025-11-14,9:30:37.865158578,T,KO,I,17,71.47
2025-11-14,9:30:37.865158578,T,KO,,200,71.47
2025-11-14,9:30:37.865163701,T,KO,I,50,71.47
2025-11-14,9:30:37.866820949,T,KO,,100,71.47
2025-11-14,9:30:37.866823611,T,KO,I,11,71.47
2025-11-14,9:30:37.866823611,T,KO,,100,71.47
2025-11-14,9:30:37.867650582,T,KO,F I,50,71.47
2025-11-14,9:30:38.346613856,T,KO,F I,59,71.48
2025-11-14,9:30:38.927094794,T,KO,I,27,71.49
2025-11-14,9:30:38.927118893,T,KO,I,16,71.49
2025-11-14,9:30:38.928102710,T,KO,I,57,71.49
2025-11-14,9:30:38.928105207,T,KO,I,37,71.49
2025-11-14,9:30:39.013129906,T,KO,,163,71.49
2025-11-14,9:30:39.013132798,T,KO,I,70,71.49
2025-11-14,9:30:39.151137485,T,KO,F I,30,71.49
2025-11-14,9:30:39.154854361,T,KO,I,39,71.48
2025-11-14,9:30:40.868347404,T,KO,,180,71.45
2025-11-14,9:30:40.934432796,T,KO,F I,39,71.47
2025-11-14,9:30:43.090637415,T,KO,F I,50,71.46
2025-11-14,9:30:45.859557171,T,KO,,200,71.47
2025-11-14,9:30:45.859578380,T,KO,I,1,71.47
2025-11-14,9:30:45.859656478,T,KO,I,50,71.47
2025-11-14,9:30:45.859680568,T,KO,,100,71.47
2025-11-14,9:30:45.859683529,T,KO,,100,71.475
2025-11-14,9:30:48.474853152,T,KO,F I,30,71.44
2025-11-14,9:30:48.474853152,T,KO,F,472,71.44
2025-11-14,9:30:49.495760784,T,KO,I,44,71.45
2025-11-14,9:30:49.495760784,T,KO,I,6,71.45
2025-11-14,9:30:49.495784865,T,KO,F I,6,71.45
2025-11-14,9:30:49.496007447,T,KO,F,100,71.45
2025-11-14,9:30:49.528126844,T,KO,,100,71.46
2025-11-14,9:30:49.528129851,T,KO,I,40,71.46
2025-11-14,9:30:49.528144891,T,KO,F I,10,71.46
2025-11-14,9:30:49.824681134,T,KO,F I,50,71.47
2025-11-14,9:30:49.824786427,T,KO,I,2,71.47
2025-11-14,9:30:49.824789401,T,KO,,100,71.47
2025-11-14,9:30:50.544391342,T,KO,,200,71.48
2025-11-14,9:30:50.686019669,T,KO,F,200,71.5
2025-11-14,9:30:50.686025630,T,KO,F I,26,71.5
2025-11-14,9:30:50.686025630,T,KO,F I,50,71.5
2025-11-14,9:30:50.687396950,T,KO,F I,50,71.51
2025-11-14,9:30:50.687427064,T,KO,I,1,71.51
2025-11-14,9:30:50.687484182,T,KO,F,199,71.51
2025-11-14,9:30:51.517509032,T,KO,F I,20,71.52
2025-11-14,9:30:51.517536097,T,KO,F I,28,71.52
2025-11-14,9:30:51.517888175,T,KO,I,27,71.51
2025-11-14,9:30:51.517888175,T,KO,I,50,71.51
2025-11-14,9:30:52.238584433,T,KO,I,10,71.49
2025-11-14,9:30:52.238602481,T,KO,F I,40,71.49
2025-11-14,9:30:52.777149391,T,KO,,100,71.47
2025-11-14,9:30:52.777149391,T,KO,I,21,71.47
2025-11-14,9:30:52.777152221,T,KO,I,50,71.47
2025-11-14,9:30:53.521145317,T,KO,,100,71.465
2025-11-14,9:30:53.521148244,T,KO,,100,71.47
2025-11-14,9:30:53.521151233,T,KO,,200,71.47
2025-11-14,9:30:53.521163224,T,KO,I,1,71.47
2025-11-14,9:30:53.521181514,T,KO,I,1,71.47
2025-11-14,9:30:53.524435142,T,KO,I,60,71.47
2025-11-14,9:30:53.524435142,T,KO,I,3,71.47
2025-11-14,9:30:53.524435142,T,KO,I,37,71.47
2025-11-14,9:30:53.524459135,T,KO,F I,63,71.47
2025-11-14,9:30:58.009912243,T,KO,F I,50,71.48
2025-11-14,9:30:59.077849284,T,KO,F I,2,71.475
2025-11-14,9:30:59.077861131,T,KO,F I,8,71.475
2025-11-14,9:30:59.077863868,T,KO,F I,2,71.47
2025-11-14,9:30:59.380880494,T,KO,F I,30,71.46
2025-11-14,9:30:59.387240635,T,KO,F I,30,71.45
2025-11-14,9:30:59.387243670,T,KO,F I,50,71.45
2025-11-14,9:30:59.387264714,T,KO,F I,50,71.45
2025-11-14,9:31:00.728513261,T,KO,I,60,71.47
2025-11-14,9:31:01.972633453,T,KO,,100,71.45
2025-11-14,9:31:01.974522672,T,KO,F,100,71.46
2025-11-14,9:31:01.974522672,T,KO,F,100,71.46
2025-11-14,9:31:01.976353263,T,KO,F,300,71.48
2025-11-14,9:31:01.976365355,T,KO,,179,71.48
2025-11-14,9:31:01.976527675,T,KO,F,100,71.48
2025-11-14,9:31:03.817584551,T,KO,I,59,71.49
2025-11-14,9:31:03.817710836,T,KO,,100,71.49
2025-11-14,9:31:04.435388017,T,KO,F I,50,71.44
2025-11-14,9:31:04.435390984,T,KO,F,200,71.44
2025-11-14,9:31:04.435390984,T,KO,F I,50,71.44
2025-11-14,9:31:04.435406076,T,KO,I,1,71.44
2025-11-14,9:31:04.435415110,T,KO,I,49,71.44
2025-11-14,9:31:04.436236414,T,KO,F,100,71.44
2025-11-14,9:31:04.436593824,T,KO,F I,3,71.44
2025-11-14,9:31:04.436597281,T,KO,F I,47,71.44
2025-11-14,9:31:04.436915689,T,KO,F,100,71.44
2025-11-14,9:31:04.436918636,T,KO,F,100,71.44
2025-11-14,9:31:04.814750541,T,KO,,100,71.44
2025-11-14,9:31:05.149814547,T,KO,,100,71.45
2025-11-14,9:31:05.149817635,T,KO,,100,71.45
2025-11-14,9:31:05.149817635,T,KO,I,73,71.45
2025-11-14,9:31:06.118911678,T,KO,F,320,71.45
2025-11-14,9:31:06.119389878,T,KO,F,300,71.45
2025-11-14,9:31:06.119392762,T,KO,I,25,71.45
2025-11-14,9:31:06.119423481,T,KO,F I,1,71.45
2025-11-14,9:31:06.119425845,T,KO,F I,99,71.45
2025-11-14,9:31:07.575565968,T,KO,I,7,71.46
2025-11-14,9:31:07.575584528,T,KO,F,765,71.46
2025-11-14,9:31:07.575587030,T,KO,F,100,71.46
2025-11-14,9:31:10.304096781,T,KO,F I,6,71.47
2025-11-14,9:31:10.304469633,T,KO,F,353,71.48
2025-11-14,9:31:12.557513824,T,KO,F,200,71.49
2025-11-14,9:31:14.356308210,T,KO,I,45,71.48
2025-11-14,9:31:14.356326022,T,KO,F,116,71.48
2025-11-14,9:31:15.066584758,T,KO,F,118,71.49
2025-11-14,9:31:15.067405634,T,KO,F I,33,71.49
2025-11-14,9:31:15.067718391,T,KO,F,200,71.48
2025-11-14,9:31:15.158255072,T,KO,,100,71.48
2025-11-14,9:31:16.447675261,T,KO,F I,50,71.45
2025-11-14,9:31:16.447678462,T,KO,F I,1,71.45
2025-11-14,9:31:16.447681374,T,KO,F,200,71.45
2025-11-14,9:31:16.447681374,T,KO,F I,21,71.45
2025-11-14,9:31:16.458624204,T,KO,,300,71.44
2025-11-14,9:31:19.998568460,T,KO,F,100,71.43
2025-11-14,9:31:20.325600330,T,KO,,200,71.42
2025-11-14,9:31:20.325678529,T,KO,,168,71.42
2025-11-14,9:31:20.450710392,T,KO,,100,71.42
2025-11-14,9:31:20.450737518,T,KO,,100,71.42
2025-11-14,9:31:20.451210070,T,KO,F,200,71.425
2025-11-14,9:31:20.451210070,T,KO,F,316,71.43
2025-11-14,9:31:20.451212703,T,KO,F I,68,71.43
2025-11-14,9:31:20.451215514,T,KO,F I,50,71.43
2025-11-14,9:31:20.451227584,T,KO,I,1,71.43
2025-11-14,9:31:20.451239617,T,KO,I,1,71.43
2025-11-14,9:31:21.543961215,T,KO,,100,71.43
2025-11-14,9:31:21.545564818,T,KO,F,665,71.45
2025-11-14,9:31:21.545564818,T,KO,F I,50,71.45
2025-11-14,9:31:21.545570080,T,KO,F,200,71.45
2025-11-14,9:31:21.545922753,T,KO,I,42,71.45
2025-11-14,9:31:21.545922753,T,KO,,110,71.45
2025-11-14,9:31:21.545927812,T,KO,,100,71.45
2025-11-14,9:31:21.545927812,T,KO,,400,71.45
2025-11-14,9:31:21.546072217,T,KO,,100,71.45
2025-11-14,9:31:21.551867047,T,KO,,100,71.445
2025-11-14,9:31:21.551867047,T,KO,,100,71.445
2025-11-14,9:31:21.551870264,T,KO,,100,71.44
2025-11-14,9:31:21.551872976,T,KO,,160,71.44
2025-11-14,9:31:21.551894094,T,KO,,200,71.445
2025-11-14,9:31:21.551951158,T,KO,F,100,71.44
2025-11-14,9:31:21.551963846,T,KO,F,100,71.44
2025-11-14,9:31:21.551966586,T,KO,F,100,71.44
2025-11-14,9:31:23.004077068,T,KO,F,100,71.45
2025-11-14,9:31:23.004079774,T,KO,F,200,71.45
2025-11-14,9:31:23.004083568,T,KO,F,100,71.45
2025-11-14,9:31:23.004083568,T,KO,,100,71.45
2025-11-14,9:31:23.004085777,T,KO,,300,71.45
2025-11-14,9:31:23.023190412,T,KO,I,13,71.45
2025-11-14,9:31:23.023458016,T,KO,F I,13,71.45
2025-11-14,9:31:23.023482022,T,KO,I,87,71.45
2025-11-14,9:31:24.282809457,T,KO,I,50,71.455
2025-11-14,9:31:25.188248010,T,KO,F I,1,71.43
2025-11-14,9:31:27.053900493,T,KO,,100,71.43
2025-11-14,9:31:27.053927589,T,KO,F I,50,71.43
2025-11-14,9:31:27.054363625,T,KO,I,50,71.43
2025-11-14,9:31:27.054366792,T,KO,I,44,71.44
2025-11-14,9:31:27.054375653,T,KO,I,24,71.44
2025-11-14,9:31:27.054385455,T,KO,F I,32,71.44
2025-11-14,9:31:27.054388156,T,KO,F I,2,71.44
2025-11-14,9:31:27.054390638,T,KO,F,100,71.44
2025-11-14,9:31:27.055401467,T,KO,,481,71.45
2025-11-14,9:31:27.055431088,T,KO,,121,71.45
2025-11-14,9:31:27.056766520,T,KO,I,3,71.45
2025-11-14,9:31:27.056769989,T,KO,,100,71.45
2025-11-14,9:31:27.056772344,T,KO,,200,71.45
2025-11-14,9:31:27.056775330,T,KO,,100,71.45
2025-11-14,9:31:27.056775330,T,KO,,100,71.45
2025-11-14,9:31:27.247898592,T,KO,,100,71.45
2025-11-14,9:31:28.056383119,T,KO,I,94,71.45
2025-11-14,9:31:28.056431322,T,KO,,100,71.45
2025-11-14,9:31:28.056434263,T,KO,,100,71.45
2025-11-14,9:31:30.446950882,T,KO,F I,25,71.46
2025-11-14,9:31:30.446968884,T,KO,F,144,71.46
2025-11-14,9:31:30.449573185,T,KO,I,3,71.48
2025-11-14,9:31:30.449588234,T,KO,I,97,71.48
2025-11-14,9:31:30.468849053,T,KO,,200,71.485
2025-11-14,9:31:30.645667164,T,KO,I,1,71.5
2025-11-14,9:31:30.645691452,T,KO,F I,99,71.5
2025-11-14,9:31:30.645694281,T,KO,F I,50,71.5
2025-11-14,9:31:30.645694281,T,KO,F,100,71.5
2025-11-14,9:31:30.645697307,T,KO,F I,47,71.5
2025-11-14,9:31:30.645707220,T,KO,I,1,71.5
2025-11-14,9:31:30.645709980,T,KO,I,1,71.5
2025-11-14,9:31:30.720344133,T,KO,I,39,71.5
2025-11-14,9:31:30.720344133,T,KO,I,61,71.5
2025-11-14,9:31:30.720362162,T,KO,F I,39,71.5
2025-11-14,9:31:30.964008487,T,KO,I,50,71.51
2025-11-14,9:31:31.059401839,T,KO,,200,71.51
2025-11-14,9:31:31.059404638,T,KO,I,50,71.52
2025-11-14,9:31:31.059404638,T,KO,,253,71.52
2025-11-14,9:31:31.059780740,T,KO,F I,50,71.52
2025-11-14,9:31:31.059783859,T,KO,F I,77,71.52
2025-11-14,9:31:31.059867743,T,KO,F I,31,71.51
2025-11-14,9:31:31.059873760,T,KO,F,100,71.51
2025-11-14,9:31:31.059873760,T,KO,F I,50,71.51
2025-11-14,9:31:31.059877403,T,KO,F I,40,71.51
2025-11-14,9:31:31.059877403,T,KO,F,200,71.51
2025-11-14,9:31:31.061350322,T,KO,I,10,71.51
2025-11-14,9:31:31.242116780,T,KO,I,89,71.5
2025-11-14,9:31:31.468895848,T,KO,F I,21,71.51
2025-11-14,9:31:31.468899539,T,KO,F,100,71.51
2025-11-14,9:31:31.468899539,T,KO,F,400,71.51
2025-11-14,9:31:31.468901920,T,KO,F,121,71.51
2025-11-14,9:31:31.468968001,T,KO,F,100,71.51
2025-11-14,9:31:31.468974126,T,KO,F,162,71.51
2025-11-14,9:31:31.668968429,T,KO,,200,71.51
2025-11-14,9:31:31.668971395,T,KO,,100,71.51
2025-11-14,9:31:31.668992452,T,KO,I,1,71.51
2025-11-14,9:31:31.669016468,T,KO,,100,71.515
2025-11-14,9:31:31.771951650,T,KO,,100,71.51
2025-11-14,9:31:31.771951650,T,KO,I,5,71.51
2025-11-14,9:31:31.771969748,T,KO,F I,95,71.51
2025-11-14,9:31:33.964612551,T,KO,F,148,71.51
2025-11-14,9:31:33.964629998,T,KO,I,1,71.51
2025-11-14,9:31:34.965940052,T,KO,I,50,71.51
2025-11-14,9:31:34.978666913,T,KO,,100,71.51
2025-11-14,9:31:34.978666913,T,KO,I,76,71.52
2025-11-14,9:31:34.978672500,T,KO,I,31,71.52
2025-11-14,9:31:34.978672500,T,KO,,200,71.52
2025-11-14,9:31:34.978675392,T,KO,I,79,71.52
2025-11-14,9:31:34.978675392,T,KO,I,62,71.52
2025-11-14,9:31:34.978678401,T,KO,I,40,71.52
2025-11-14,9:31:34.978678401,T,KO,,140,71.51
2025-11-14,9:31:34.978687415,T,KO,I,1,71.515
2025-11-14,9:31:34.982097455,T,KO,F I,98,71.515
2025-11-14,9:31:36.066845272,T,KO,I,2,71.515
2025-11-14,9:31:36.066850415,T,KO,I,31,71.51
2025-11-14,9:31:36.066850415,T,KO,I,76,71.51
2025-11-14,9:31:36.066850415,T,KO,,100,71.51
2025-11-14,9:31:36.066853144,T,KO,I,98,71.51
2025-11-14,9:31:36.066856179,T,KO,I,1,71.51
2025-11-14,9:31:36.066868131,T,KO,F I,1,71.51
2025-11-14,9:31:36.117882055,T,KO,F I,2,71.48
2025-11-14,9:31:36.117882055,T,KO,F I,31,71.48
2025-11-14,9:31:36.117884647,T,KO,F,200,71.48
2025-11-14,9:31:36.117887600,T,KO,F I,50,71.48
2025-11-14,9:31:36.117887600,T,KO,F I,50,71.48
2025-11-14,9:31:36.118257546,T,KO,F I,50,71.47
2025-11-14,9:31:36.118257546,T,KO,F I,27,71.47
2025-11-14,9:31:36.118293603,T,KO,F,200,71.47
2025-11-14,9:31:36.119547549,T,KO,F,200,71.46
2025-11-14,9:31:36.119551270,T,KO,F I,50,71.46
2025-11-14,9:31:36.119553608,T,KO,F I,1,71.46
2025-11-14,9:31:36.658376939,T,KO,,300,71.455
2025-11-14,9:31:37.218460940,T,KO,I,2,71.44
2025-11-14,9:31:37.218460940,T,KO,I,1,71.44
2025-11-14,9:31:37.218496997,T,KO,I,20,71.44
2025-11-14,9:31:37.219287877,T,KO,I,27,71.44
2025-11-14,9:31:37.220087784,T,KO,,200,71.44
2025-11-14,9:31:38.424092459,T,KO,I,50,71.44
2025-11-14,9:31:39.235881896,T,KO,,100,71.43
2025-11-14,9:31:39.235951065,T,KO,F,100,71.43
2025-11-14,9:31:39.237475745,T,KO,,200,71.42
2025-11-14,9:31:39.249907315,T,KO,,200,71.42
2025-11-14,9:31:40.240601934,T,KO,,300,71.42
2025-11-14,9:31:41.006944173,T,KO,F I,98,71.41
2025-11-14,9:31:41.006947201,T,KO,F I,1,71.41
2025-11-14,9:31:41.089713315,T,KO,,100,71.39
2025-11-14,9:31:41.090404932,T,KO,F I,19,71.39
2025-11-14,9:31:41.090408045,T,KO,F I,7,71.39
2025-11-14,9:31:41.090410940,T,KO,F I,2,71.39
2025-11-14,9:31:41.090420037,T,KO,F I,1,71.39
2025-11-14,9:31:41.090826017,T,KO,F,171,71.39
2025-11-14,9:31:41.090826017,T,KO,F I,3,71.39
2025-11-14,9:31:41.090847014,T,KO,I,19,71.39
2025-11-14,9:31:41.090850612,T,KO,I,83,71.39
2025-11-14,9:31:41.090853334,T,KO,F I,19,71.39
2025-11-14,9:31:41.090853334,T,KO,I,1,71.39
2025-11-14,9:31:43.441287304,T,KO,,285,71.4
2025-11-14,9:31:43.441303741,T,KO,I,1,71.4
2025-11-14,9:31:43.441305439,T,KO,F,308,71.4
2025-11-14,9:31:43.441775343,T,KO,F I,50,71.41
2025-11-14,9:31:43.441777518,T,KO,F I,32,71.41
2025-11-14,9:31:43.442084980,T,KO,,100,71.4
2025-11-14,9:31:43.442090106,T,KO,,100,71.4
2025-11-14,9:31:43.442090106,T,KO,,300,71.4
2025-11-14,9:31:43.442105091,T,KO,I,1,71.4
2025-11-14,9:31:43.442132448,T,KO,I,9,71.4
2025-11-14,9:31:43.442132448,T,KO,I,50,71.4
2025-11-14,9:31:43.442138244,T,KO,I,42,71.4
2025-11-14,9:31:43.442330711,T,KO,,200,71.41
2025-11-14,9:31:43.442330711,T,KO,I,16,71.41
2025-11-14,9:31:43.442393861,T,KO,F I,50,71.41
2025-11-14,9:31:43.442517123,T,KO,F I,34,71.41
2025-11-14,9:31:43.442520346,T,KO,F I,15,71.41
2025-11-14,9:31:47.036391798,T,KO,,313,71.43
2025-11-14,9:31:47.036409809,T,KO,F,165,71.43
2025-11-14,9:31:47.036413190,T,KO,I,1,71.43
2025-11-14,9:31:47.036413190,T,KO,F,268,71.43
2025-11-14,9:31:48.322113061,T,KO,F I,47,71.45
2025-11-14,9:31:48.322119062,T,KO,I,14,71.45
2025-11-14,9:31:48.322134159,T,KO,,294,71.45
2025-11-14,9:31:48.322143108,T,KO,,427,71.45
2025-11-14,9:31:48.322146189,T,KO,I,25,71.45
2025-11-14,9:31:48.323562573,T,KO,F I,2,71.46
2025-11-14,9:31:53.145727647,T,KO,,190,71.46
2025-11-14,9:31:53.145727647,T,KO,I,11,71.465
2025-11-14,9:31:54.270442427,T,KO,,100,71.46
2025-11-14,9:31:54.648842666,T,KO,,200,71.47
2025-11-14,9:31:54.648848675,T,KO,,100,71.47
2025-11-14,9:31:54.648860672,T,KO,F I,3,71.48
2025-11-14,9:31:54.648860672,T,KO,F,198,71.48
2025-11-14,9:31:54.649465215,T,KO,F,200,71.48
2025-11-14,9:31:54.650932646,T,KO,,200,71.485
2025-11-14,9:31:54.650935616,T,KO,I,33,71.49
2025-11-14,9:31:54.650956594,T,KO,I,17,71.49
2025-11-14,9:31:54.650956594,T,KO,,100,71.49
2025-11-14,9:31:54.650959639,T,KO,I,32,71.49
2025-11-14,9:31:54.651832859,T,KO,F,200,71.48
2025-11-14,9:31:57.030196760,T,KO,F I,3,71.46
2025-11-14,9:31:57.030211780,T,KO,F I,47,71.46
2025-11-14,9:31:57.030214659,T,KO,F,200,71.46
2025-11-14,9:31:57.030217367,T,KO,F,500,71.46
2025-11-14,9:32:00.468495429,T,KO,F,755,71.47
2025-11-14,9:32:00.468498456,T,KO,F,200,71.47
2025-11-14,9:32:00.468516972,T,KO,F I,45,71.47
2025-11-14,9:32:03.440245357,T,KO,F,100,71.49
2025-11-14,9:32:03.518999985,T,KO,F I,20,71.5
2025-11-14,9:32:03.918468359,T,KO,,100,71.5
2025-11-14,9:32:04.100443754,T,KO,,200,71.5
2025-11-14,9:32:05.287945544,T,KO,,200,71.48
2025-11-14,9:32:05.287948948,T,KO,I,2,71.48
2025-11-14,9:32:05.287951127,T,KO,I,60,71.48
2025-11-14,9:32:06.730652217,T,KO,F,300,71.49
2025-11-14,9:32:06.730700285,T,KO,F,300,71.49
2025-11-14,9:32:08.080149382,T,KO,,100,71.49
2025-11-14,9:32:08.080495142,T,KO,F,100,71.5
2025-11-14,9:32:08.080711671,T,KO,I,19,71.5
2025-11-14,9:32:08.080723698,T,KO,I,81,71.5
2025-11-14,9:32:08.080726697,T,KO,,100,71.5
2025-11-14,9:32:08.080726697,T,KO,I,15,71.5
2025-11-14,9:32:08.080744812,T,KO,I,1,71.5
2025-11-14,9:32:08.081015419,T,KO,F I,84,71.5
2025-11-14,9:32:08.081063966,T,KO,F,100,71.5
2025-11-14,9:32:08.081066610,T,KO,F,100,71.5
2025-11-14,9:32:08.081090572,T,KO,F I,1,71.5
2025-11-14,9:32:08.831633165,T,KO,I,50,71.49
2025-11-14,9:32:09.570279793,T,KO,I,50,71.48
2025-11-14,9:32:09.570303480,T,KO,I,40,71.48
2025-11-14,9:32:09.570306472,T,KO,,200,71.485
2025-11-14,9:32:09.637390251,T,KO,F,100,71.48
2025-11-14,9:32:09.637390251,T,KO,F,100,71.48
2025-11-14,9:32:10.466281526,T,KO,,100,71.49
2025-11-14,9:32:10.466461889,T,KO,I,50,71.48
2025-11-14,9:32:10.916059778,T,KO,I,7,71.48
2025-11-14,9:32:11.993336556,T,KO,I,16,71.5
2025-11-14,9:32:11.993366546,T,KO,I,1,71.5
2025-11-14,9:32:12.647087651,T,KO,F I,28,71.49
2025-11-14,9:32:12.647090634,T,KO,F,200,71.49
2025-11-14,9:32:12.647124537,T,KO,I,84,71.49
2025-11-14,9:32:13.066469482,T,KO,F I,23,71.5
2025-11-14,9:32:13.067690374,T,KO,I,84,71.5
2025-11-14,9:32:13.067690374,T,KO,I,50,71.5
2025-11-14,9:32:13.093206160,T,KO,I,7,71.51
2025-11-14,9:32:13.093227162,T,KO,I,7,71.51
2025-11-14,9:32:14.976706031,T,KO,F,200,71.5
2025-11-14,9:32:14.976709172,T,KO,F,100,71.5
2025-11-14,9:32:14.976709172,T,KO,F I,50,71.5
2025-11-14,9:32:15.080164683,T,KO,F,200,71.48
2025-11-14,9:32:15.080167636,T,KO,F I,50,71.48
2025-11-14,9:32:15.080170494,T,KO,F I,2,71.48
2025-11-14,9:32:15.090163311,T,KO,F,100,71.47
2025-11-14,9:32:15.140591106,T,KO,I,50,71.46
2025-11-14,9:32:15.140593406,T,KO,I,1,71.46
2025-11-14,9:32:15.301239022,T,KO,F,100,71.45
2025-11-14,9:32:16.287702720,T,KO,F I,6,71.45
2025-11-14,9:32:16.287826712,T,KO,,194,71.45
2025-11-14,9:32:16.287826712,T,KO,I,50,71.46
2025-11-14,9:32:16.287831865,T,KO,,200,71.46
2025-11-14,9:32:16.287831865,T,KO,,200,71.46
2025-11-14,9:32:16.287834873,T,KO,,100,71.46
2025-11-14,9:32:16.287834873,T,KO,,106,71.46
2025-11-14,9:32:16.287846942,T,KO,I,1,71.46
2025-11-14,9:32:16.287903985,T,KO,F,100,71.46
2025-11-14,9:32:16.287958192,T,KO,,100,71.46
2025-11-14,9:32:16.615952981,T,KO,I,1,71.46
2025-11-14,9:32:16.615952981,T,KO,,100,71.46
2025-11-14,9:32:16.615955312,T,KO,I,14,71.46
2025-11-14,9:32:17.616032262,T,KO,F I,23,71.48
2025-11-14,9:32:20.681753013,T,KO,F,100,71.49
2025-11-14,9:32:21.035867454,T,KO,,100,71.49
2025-11-14,9:32:21.041984032,T,KO,,200,71.49
2025-11-14,9:32:21.993248662,T,KO,F I,97,71.49
2025-11-14,9:32:23.027462905,T,KO,I,32,71.51
2025-11-14,9:32:23.027466195,T,KO,,100,71.51
2025-11-14,9:32:23.027480951,T,KO,I,1,71.51
2025-11-14,9:32:23.027960487,T,KO,F,199,71.51
2025-11-14,9:32:23.027965089,T,KO,F,100,71.51
2025-11-14,9:32:23.027968051,T,KO,F I,13,71.51
2025-11-14,9:32:23.028142468,T,KO,I,9,71.52
2025-11-14,9:32:23.028301837,T,KO,,100,71.52
2025-11-14,9:32:23.028383080,T,KO,I,25,71.52
2025-11-14,9:32:23.028398594,T,KO,I,75,71.515
2025-11-14,9:32:23.028398594,T,KO,I,3,71.52
2025-11-14,9:32:23.028401100,T,KO,,125,71.52
2025-11-14,9:32:23.028413110,T,KO,F I,1,71.51
2025-11-14,9:32:23.028422736,T,KO,I,75,71.52
2025-11-14,9:32:23.028422736,T,KO,I,43,71.52
2025-11-14,9:32:23.028425510,T,KO,I,50,71.52
2025-11-14,9:32:23.028428977,T,KO,I,1,71.52
2025-11-14,9:32:23.028431877,T,KO,F I,99,71.51
2025-11-14,9:32:23.028431877,T,KO,F I,50,71.51
2025-11-14,9:32:23.028452601,T,KO,I,1,71.51
2025-11-14,9:32:23.028465436,T,KO,I,23,71.52
2025-11-14,9:32:23.028465436,T,KO,,100,71.52
2025-11-14,9:32:23.028470255,T,KO,I,45,71.52
2025-11-14,9:32:23.028485933,T,KO,F I,99,71.51
2025-11-14,9:32:23.028488633,T,KO,F I,1,71.51
2025-11-14,9:32:23.028495399,T,KO,F I,99,71.51
2025-11-14,9:32:23.028495399,T,KO,F I,1,71.51
2025-11-14,9:32:23.028548411,T,KO,,155,71.52
2025-11-14,9:32:23.028551432,T,KO,I,50,71.52
2025-11-14,9:32:23.028614752,T,KO,I,42,71.51
2025-11-14,9:32:23.028716843,T,KO,,100,71.515
2025-11-14,9:32:23.028720090,T,KO,I,1,71.52
2025-11-14,9:32:23.028720090,T,KO,I,47,71.52
2025-11-14,9:32:23.028816311,T,KO,F I,52,71.52
2025-11-14,9:32:23.028816311,T,KO,F I,94,71.52
2025-11-14,9:32:23.028819141,T,KO,F I,50,71.52
2025-11-14,9:32:23.028900288,T,KO,I,50,71.52
2025-11-14,9:32:23.028940139,T,KO,,100,71.52
2025-11-14,9:32:23.028945438,T,KO,,100,71.52
2025-11-14,9:32:23.028975502,T,KO,,100,71.52
2025-11-14,9:32:23.028975502,T,KO,I,50,71.51
2025-11-14,9:32:23.028978477,T,KO,,150,71.51
2025-11-14,9:32:23.029146935,T,KO,I,34,71.515
2025-11-14,9:32:23.029164990,T,KO,F I,50,71.51
2025-11-14,9:32:23.029167956,T,KO,F I,22,71.51
2025-11-14,9:32:23.029318599,T,KO,I,66,71.515
2025-11-14,9:32:23.029321795,T,KO,I,34,71.52
2025-11-14,9:32:23.029321795,T,KO,I,23,71.52
2025-11-14,9:32:23.029327320,T,KO,I,21,71.52
2025-11-14,9:32:23.029327320,T,KO,I,14,71.52
2025-11-14,9:32:23.029327320,T,KO,,150,71.52
2025-11-14,9:32:23.029330477,T,KO,I,10,71.52
2025-11-14,9:32:23.029330477,T,KO,I,13,71.52
2025-11-14,9:32:23.029538473,T,KO,I,22,71.52
2025-11-14,9:32:23.029538473,T,KO,I,48,71.52
2025-11-14,9:32:23.029541027,T,KO,,200,71.52
2025-11-14,9:32:23.029543947,T,KO,I,50,71.52
2025-11-14,9:32:23.029769414,T,KO,,100,71.52
2025-11-14,9:32:25.408197269,T,KO,,100,71.52
2025-11-14,9:32:25.408197269,T,KO,,200,71.52
2025-11-14,9:32:28.736109359,T,KO,I,50,71.53
2025-11-14,9:32:28.736304827,T,KO,I,1,71.54
2025-11-14,9:32:28.736325879,T,KO,,100,71.53
2025-11-14,9:32:32.292571999,T,KO,,100,71.53
2025-11-14,9:32:32.294445432,T,KO,F I,1,71.53
2025-11-14,9:32:32.517309242,T,KO,I,2,71.54
2025-11-14,9:32:34.520467836,T,KO,F I,32,71.52
2025-11-14,9:32:34.520467836,T,KO,F I,2,71.52
2025-11-14,9:32:34.520470287,T,KO,F,100,71.52
2025-11-14,9:32:35.829304612,T,KO,F,100,71.53
2025-11-14,9:32:42.561962162,T,KO,I,3,71.54
2025-11-14,9:32:45.162604128,T,KO,I,50,71.56
2025-11-14,9:32:48.883844162,T,KO,I,50,71.55
2025-11-14,9:32:51.306329924,T,KO,F I,31,71.56
2025-11-14,9:32:51.306564490,T,KO,F I,62,71.55
2025-11-14,9:32:51.306564490,T,KO,F I,83,71.55
2025-11-14,9:32:51.306583187,T,KO,I,1,71.55
2025-11-14,9:32:51.306591547,T,KO,F,200,71.55
2025-11-14,9:32:51.306610233,T,KO,I,83,71.56
2025-11-14,9:32:51.306613170,T,KO,,100,71.56
2025-11-14,9:32:51.306645718,T,KO,F,100,71.55
2025-11-14,9:32:51.306667037,T,KO,I,1,71.55
2025-11-14,9:32:51.306667037,T,KO,F I,99,71.55
2025-11-14,9:32:51.306672716,T,KO,F,101,71.55
2025-11-14,9:32:51.306702940,T,KO,F I,17,71.55
2025-11-14,9:32:51.306702940,T,KO,F I,2,71.55
2025-11-14,9:32:51.306705807,T,KO,F I,83,71.55
2025-11-14,9:32:51.308901084,T,KO,,100,71.55
2025-11-14,9:32:51.308940120,T,KO,I,31,71.54
2025-11-14,9:32:51.308940120,T,KO,,100,71.54
2025-11-14,9:32:51.308944407,T,KO,I,50,71.54
2025-11-14,9:32:51.308944407,T,KO,,200,71.54
2025-11-14,9:32:51.308965302,T,KO,,100,71.55
2025-11-14,9:32:51.308965302,T,KO,,104,71.55
2025-11-14,9:32:51.310497812,T,KO,F I,17,71.54
2025-11-14,9:32:51.310500819,T,KO,F I,6,71.54
2025-11-14,9:32:51.310512866,T,KO,F I,21,71.54
2025-11-14,9:32:51.310576034,T,KO,I,96,71.54
2025-11-14,9:32:51.310891790,T,KO,F I,2,71.54
2025-11-14,9:32:51.310891790,T,KO,F I,6,71.54
2025-11-14,9:32:51.310915855,T,KO,I,44,71.54
2025-11-14,9:32:51.310966906,T,KO,F I,12,71.54
2025-11-14,9:32:51.310976487,T,KO,F I,12,71.54
2025-11-14,9:32:51.311306731,T,KO,F I,39,71.54
2025-11-14,9:32:51.311327797,T,KO,I,92,71.54
2025-11-14,9:32:52.167352950,T,KO,F I,2,71.51
2025-11-14,9:32:52.167356188,T,KO,F I,50,71.5
2025-11-14,9:32:52.167361637,T,KO,F,200,71.5
2025-11-14,9:32:52.167361637,T,KO,F I,50,71.5
2025-11-14,9:32:52.167364684,T,KO,F I,60,71.5
2025-11-14,9:32:55.499390772,T,KO,F I,50,71.49
2025-11-14,9:32:55.499390772,T,KO,F I,1,71.49
2025-11-14,9:32:55.499394239,T,KO,F I,14,71.49
2025-11-14,9:32:55.798251489,T,KO,,100,71.49
2025-11-14,9:32:56.399717221,T,KO,F I,7,71.5
2025-11-14,9:32:56.399720758,T,KO,F I,3,71.5
2025-11-14,9:32:56.399738078,T,KO,F I,1,71.5
2025-11-14,9:32:56.399747101,T,KO,I,1,71.5
2025-11-14,9:32:56.417480629,T,KO,F I,50,71.49
2025-11-14,9:32:56.417480629,T,KO,F,100,71.49
2025-11-14,9:32:56.417486581,T,KO,F,200,71.49
2025-11-14,9:32:56.417486581,T,KO,F I,7,71.49
2025-11-14,9:32:56.417486581,T,KO,F I,3,71.49
2025-11-14,9:32:56.417489876,T,KO,F I,1,71.49
2025-11-14,9:32:56.455944965,T,KO,F I,50,71.48
2025-11-14,9:32:56.877494998,T,KO,I,50,71.48
2025-11-14,9:32:56.877498067,T,KO,I,34,71.48
2025-11-14,9:32:56.877513092,T,KO,F I,50,71.48
2025-11-14,9:32:56.877516054,T,KO,F I,16,71.48
2025-11-14,9:32:56.879410642,T,KO,F,100,71.47
2025-11-14,9:32:56.879413715,T,KO,F I,50,71.47
2025-11-14,9:32:58.022297591,T,KO,I,1,71.46
2025-11-14,9:32:58.038238583,T,KO,F,200,71.44
2025-11-14,9:32:58.038241653,T,KO,F I,50,71.44
2025-11-14,9:32:58.038244670,T,KO,F I,60,71.44
2025-11-14,9:32:59.777319686,T,KO,I,26,71.44
2025-11-14,9:33:01.065925327,T,KO,F,200,71.46
2025-11-14,9:33:01.066096202,T,KO,,100,71.46
2025-11-14,9:33:01.071027950,T,KO,F I,50,71.46
2025-11-14,9:33:01.356434816,T,KO,F I,28,71.48
2025-11-14,9:33:01.356434816,T,KO,F I,22,71.48
2025-11-14,9:33:01.356461786,T,KO,F I,96,71.48
2025-11-14,9:33:01.356479895,T,KO,I,1,71.48
2025-11-14,9:33:01.402405539,T,KO,F I,50,71.47
2025-11-14,9:33:01.402408866,T,KO,F,100,71.47
2025-11-14,9:33:01.402411232,T,KO,,150,71.47
2025-11-14,9:33:01.402697739,T,KO,,100,71.46
2025-11-14,9:33:01.402700420,T,KO,,200,71.46
2025-11-14,9:33:01.402703175,T,KO,I,50,71.46
2025-11-14,9:33:01.402703175,T,KO,I,60,71.46
2025-11-14,9:33:01.402814157,T,KO,I,31,71.46
2025-11-14,9:33:01.402814157,T,KO,I,69,71.46
2025-11-14,9:33:01.556919254,T,KO,F I,12,71.47
2025-11-14,9:33:04.326191164,T,KO,,100,71.48
2025-11-14,9:33:04.326208887,T,KO,I,1,71.48
2025-11-14,9:33:04.856534272,T,KO,,200,71.5
2025-11-14,9:33:04.856534272,T,KO,I,33,71.5
2025-11-14,9:33:04.858419821,T,KO,,100,71.49
2025-11-14,9:33:04.858422487,T,KO,I,50,71.49
2025-11-14,9:33:06.391404703,T,KO,,100,71.49
2025-11-14,9:33:06.391443798,T,KO,,167,71.49
2025-11-14,9:33:06.391449789,T,KO,I,50,71.49
2025-11-14,9:33:06.391453377,T,KO,,200,71.49
2025-11-14,9:33:06.391456400,T,KO,I,60,71.49
2025-11-14,9:33:06.392123432,T,KO,F,100,71.49
2025-11-14,9:33:06.394044977,T,KO,,100,71.49
2025-11-14,9:33:06.623783362,T,KO,F I,50,71.49
2025-11-14,9:33:06.623858350,T,KO,F,119,71.49
2025-11-14,9:33:06.696709929,T,KO,,100,71.49
2025-11-14,9:33:07.145291211,T,KO,I,69,71.49
2025-11-14,9:33:07.152779048,T,KO,,100,71.49
2025-11-14,9:33:07.825908383,T,KO,F I,50,71.5
2025-11-14,9:33:08.192649799,T,KO,F I,6,71.5
2025-11-14,9:33:09.807754817,T,KO,F I,6,71.51
2025-11-14,9:33:09.807754817,T,KO,F,100,71.51
2025-11-14,9:33:12.688465661,T,KO,,100,71.55
2025-11-14,9:33:13.683899525,T,KO,F I,36,71.545
2025-11-14,9:33:13.839093160,T,KO,,200,71.555
2025-11-14,9:33:13.839096154,T,KO,,100,71.56
2025-11-14,9:33:14.684791409,T,KO,F,100,71.55
2025-11-14,9:33:14.684797418,T,KO,F I,16,71.55
2025-11-14,9:33:14.684812456,T,KO,I,1,71.55
2025-11-14,9:33:14.689901172,T,KO,F I,4,71.55
2025-11-14,9:33:14.689957744,T,KO,F I,5,71.55
2025-11-14,9:33:14.689973290,T,KO,F I,2,71.55
2025-11-14,9:33:14.689975788,T,KO,F I,1,71.55
2025-11-14,9:33:14.689987749,T,KO,F I,92,71.55
2025-11-14,9:33:14.689990828,T,KO,F,100,71.55
2025-11-14,9:33:14.690995745,T,KO,I,50,71.54
2025-11-14,9:33:14.690998131,T,KO,I,2,71.54
2025-11-14,9:33:14.709405075,T,KO,I,50,71.55
2025-11-14,9:33:14.709405075,T,KO,,150,71.55
2025-11-14,9:33:14.709426632,T,KO,I,1,71.55
2025-11-14,9:33:14.709997423,T,KO,F I,50,71.55
2025-11-14,9:33:15.362660258,T,KO,,100,71.55
2025-11-14,9:33:15.362660258,T,KO,I,50,71.55
2025-11-14,9:33:15.683088177,T,KO,,100,71.55
2025-11-14,9:33:15.683109391,T,KO,,318,71.55
2025-11-14,9:33:15.683109391,T,KO,,192,71.55
2025-11-14,9:33:15.683112233,T,KO,F I,8,71.55
2025-11-14,9:33:15.685424736,T,KO,,100,71.56
2025-11-14,9:33:15.696286781,T,KO,F I,50,71.55
2025-11-14,9:33:16.770174752,T,KO,,200,71.55
2025-11-14,9:33:16.770177174,T,KO,I,33,71.55
2025-11-14,9:33:16.770195744,T,KO,I,1,71.55
2025-11-14,9:33:16.770204399,T,KO,I,1,71.55
2025-11-14,9:33:16.770222316,T,KO,F I,15,71.55
2025-11-14,9:33:16.781812073,T,KO,I,50,71.56
2025-11-14,9:33:16.781818324,T,KO,,183,71.56
2025-11-14,9:33:16.815555319,T,KO,F I,50,71.56
2025-11-14,9:33:16.815567279,T,KO,F I,50,71.55
2025-11-14,9:33:16.816076213,T,KO,I,50,71.55
2025-11-14,9:33:16.836833981,T,KO,F I,50,71.55
2025-11-14,9:33:16.836833981,T,KO,F I,49,71.55
2025-11-14,9:33:16.938951201,T,KO,F I,50,71.55
2025-11-14,9:33:16.988085192,T,KO,F I,50,71.55
2025-11-14,9:33:18.891161785,T,KO,F I,50,71.54
2025-11-14,9:33:19.986646978,T,KO,F I,2,71.53
2025-11-14,9:33:19.991717073,T,KO,F I,1,71.53
2025-11-14,9:33:20.534049790,T,KO,I,35,71.53
2025-11-14,9:33:21.027819847,T,KO,I,2,71.52
2025-11-14,9:33:21.027822874,T,KO,,100,71.52
2025-11-14,9:33:21.028701021,T,KO,I,2,71.51
2025-11-14,9:33:21.028701021,T,KO,I,24,71.51
2025-11-14,9:33:21.028905430,T,KO,,100,71.51
2025-11-14,9:33:21.742733603,T,KO,F I,50,71.52
2025-11-14,9:33:21.742736557,T,KO,F I,5,71.52
2025-11-14,9:33:21.742739538,T,KO,F I,31,71.52
2025-11-14,9:33:23.070091960,T,KO,,100,71.51
2025-11-14,9:33:23.495046058,T,KO,,300,71.51
2025-11-14,9:33:23.495070114,T,KO,I,1,71.51
2025-11-14,9:33:23.495969295,T,KO,I,2,71.51
2025-11-14,9:33:24.724500294,T,KO,I,50,71.5
2025-11-14,9:33:24.776031057,T,KO,,168,71.495
2025-11-14,9:33:24.787609228,T,KO,I,62,71.51
2025-11-14,9:33:24.787612194,T,KO,I,50,71.51
2025-11-14,9:33:24.787615564,T,KO,,114,71.51
2025-11-14,9:33:24.787629682,T,KO,F I,51,71.51
2025-11-14,9:33:24.787632774,T,KO,F,110,71.51
2025-11-14,9:33:24.787635701,T,KO,F,100,71.51
2025-11-14,9:33:24.787644743,T,KO,I,1,71.51
2025-11-14,9:33:24.788802538,T,KO,F I,50,71.52
2025-11-14,9:33:24.789260547,T,KO,,100,71.51
2025-11-14,9:33:24.789260547,T,KO,I,2,71.51
2025-11-14,9:33:24.789265579,T,KO,I,75,71.51
2025-11-14,9:33:24.789265579,T,KO,I,62,71.51
2025-11-14,9:33:24.789271658,T,KO,I,50,71.51
2025-11-14,9:33:24.789274867,T,KO,,200,71.51
2025-11-14,9:33:24.789846010,T,KO,,100,71.51
2025-11-14,9:33:24.789886115,T,KO,F,174,71.51
2025-11-14,9:33:24.789886115,T,KO,F I,50,71.51
2025-11-14,9:33:24.789888098,T,KO,F,100,71.51
2025-11-14,9:33:24.889990676,T,KO,I,62,71.52
2025-11-14,9:33:24.889990676,T,KO,I,50,71.52
2025-11-14,9:33:24.994188659,T,KO,I,50,71.54
2025-11-14,9:33:28.543608394,T,KO,F I,50,71.56
2025-11-14,9:33:29.964008417,T,KO,I,62,71.55
2025-11-14,9:33:31.808328075,T,KO,F I,50,71.56
2025-11-14,9:33:34.660844110,T,KO,F I,21,71.57
2025-11-14,9:33:34.661550815,T,KO,,100,71.57
2025-11-14,9:33:34.661553838,T,KO,I,15,71.57
2025-11-14,9:33:34.661571796,T,KO,I,1,71.57
2025-11-14,9:33:34.661839520,T,KO,,100,71.57
2025-11-14,9:33:34.661857513,T,KO,I,1,71.57
2025-11-14,9:33:34.662116116,T,KO,I,99,71.57
2025-11-14,9:33:34.662116116,T,KO,I,11,71.57
2025-11-14,9:33:34.662143223,T,KO,I,1,71.57
2025-11-14,9:33:35.681459819,T,KO,,100,71.58
2025-11-14,9:33:35.681459819,T,KO,I,50,71.58
2025-11-14,9:33:39.041572717,T,KO,,200,71.585
2025-11-14,9:33:40.619632884,T,KO,I,2,71.58
2025-11-14,9:33:40.619632884,T,KO,I,50,71.58
2025-11-14,9:33:40.619635288,T,KO,,157,71.58
2025-11-14,9:33:42.209958831,T,KO,F I,8,71.57
2025-11-14,9:33:42.209958831,T,KO,F I,50,71.57
2025-11-14,9:33:42.209961471,T,KO,F I,12,71.57
2025-11-14,9:33:42.209961471,T,KO,F I,58,71.57
2025-11-14,9:33:42.209964044,T,KO,F I,30,71.57
2025-11-14,9:33:42.210021217,T,KO,F I,30,71.57
2025-11-14,9:33:42.211178919,T,KO,,200,71.57
2025-11-14,9:33:42.220651536,T,KO,F I,2,71.57
2025-11-14,9:33:44.679000903,T,KO,F I,32,71.56
2025-11-14,9:33:44.679000903,T,KO,F I,1,71.56
2025-11-14,9:33:44.679069986,T,KO,F I,14,71.56
2025-11-14,9:33:44.680270326,T,KO,F I,1,71.55
2025-11-14,9:33:44.680272597,T,KO,F I,1,71.55
2025-11-14,9:33:44.680275660,T,KO,F I,1,71.55
2025-11-14,9:33:44.680281760,T,KO,F I,1,71.55
2025-11-14,9:33:44.680284806,T,KO,F I,1,71.55
2025-11-14,9:33:44.685038956,T,KO,F,296,71.55
2025-11-14,9:33:47.351255141,T,KO,F I,62,71.58
2025-11-14,9:33:47.351989338,T,KO,F I,2,71.58
2025-11-14,9:33:47.351989338,T,KO,F I,2,71.58
2025-11-14,9:33:47.351997936,T,KO,F I,48,71.58
2025-11-14,9:33:47.352037623,T,KO,,100,71.58
2025-11-14,9:33:47.352163384,T,KO,F I,2,71.58
2025-11-14,9:33:47.352187371,T,KO,I,98,71.58
2025-11-14,9:33:47.352190873,T,KO,I,13,71.58
2025-11-14,9:33:47.352314171,T,KO,I,63,71.57
2025-11-14,9:33:47.352319705,T,KO,,200,71.57
2025-11-14,9:33:47.352319705,T,KO,I,50,71.57
2025-11-14,9:33:47.352686633,T,KO,,100,71.57
2025-11-14,9:33:49.333270137,T,KO,,100,71.55
2025-11-14,9:33:49.333278911,T,KO,,100,71.54
2025-11-14,9:33:49.333278911,T,KO,I,28,71.54
2025-11-14,9:33:49.333290882,T,KO,I,1,71.54
2025-11-14,9:33:49.338321966,T,KO,F I,63,71.55
2025-11-14,9:33:51.378642428,T,KO,,100,71.57
2025-11-14,9:33:51.738714080,T,KO,F I,7,71.57
2025-11-14,9:33:51.738720096,T,KO,F I,2,71.57
2025-11-14,9:33:51.738732611,T,KO,F,331,71.57
2025-11-14,9:33:51.738735271,T,KO,F I,6,71.57
2025-11-14,9:33:51.738735271,T,KO,F,285,71.57
2025-11-14,9:33:53.506877316,T,KO,F I,63,71.57
2025-11-14,9:33:53.507412557,T,KO,I,10,71.57
2025-11-14,9:33:53.554006245,T,KO,I,14,71.58
2025-11-14,9:33:53.554011540,T,KO,,200,71.58
2025-11-14,9:33:53.554011540,T,KO,I,19,71.58
2025-11-14,9:33:53.554032664,T,KO,I,1,71.58
2025-11-14,9:33:53.554426582,T,KO,F I,2,71.58
2025-11-14,9:33:53.554462650,T,KO,F I,7,71.58
2025-11-14,9:33:54.689194377,T,KO,F I,5,71.57
2025-11-14,9:33:54.689197316,T,KO,F I,1,71.57
2025-11-14,9:33:54.689209315,T,KO,F I,44,71.57
2025-11-14,9:33:54.694249587,T,KO,F I,2,71.57
2025-11-14,9:33:54.694252374,T,KO,F I,2,71.57
2025-11-14,9:33:54.987348449,T,KO,F I,29,71.57
2025-11-14,9:33:54.987351445,T,KO,F I,1,71.57
2025-11-14,9:33:54.987411547,T,KO,I,1,71.57
2025-11-14,9:33:55.018268392,T,KO,I,1,71.56
2025-11-14,9:33:55.945998695,T,KO,F I,7,71.56
2025-11-14,9:33:57.093754409,T,KO,F I,32,71.56
2025-11-14,9:33:59.556566112,T,KO,I,50,71.54
2025-11-14,9:34:01.206081869,T,KO,F I,6,71.53
2025-11-14,9:34:01.218275909,T,KO,I,50,71.52
2025-11-14,9:34:01.294820163,T,KO,I,10,71.525
2025-11-14,9:34:01.410271194,T,KO,,600,71.53
2025-11-14,9:34:01.410271194,T,KO,,270,71.53
2025-11-14,9:34:01.411031944,T,KO,,200,71.53
2025-11-14,9:34:01.411031944,T,KO,I,70,71.53
2025-11-14,9:34:01.411050663,T,KO,I,1,71.53
2025-11-14,9:34:01.411065593,T,KO,,100,71.53
2025-11-14,9:34:01.411068061,T,KO,I,60,71.53
2025-11-14,9:34:01.411098081,T,KO,F I,40,71.53
2025-11-14,9:34:01.792103108,T,KO,I,60,71.53
2025-11-14,9:34:01.792105523,T,KO,I,40,71.53
2025-11-14,9:34:03.299114821,T,KO,I,2,71.52
2025-11-14,9:34:03.299117837,T,KO,I,4,71.52
2025-11-14,9:34:03.299189985,T,KO,I,8,71.52
2025-11-14,9:34:04.493911451,T,KO,,100,71.49
2025-11-14,9:34:04.528214197,T,KO,I,40,71.49
2025-11-14,9:34:04.692642793,T,KO,F I,50,71.49
2025-11-14,9:34:05.716100369,T,KO,F I,13,71.49
2025-11-14,9:34:05.716103977,T,KO,F I,5,71.49
2025-11-14,9:34:05.716103977,T,KO,F I,66,71.49
2025-11-14,9:34:05.716112384,T,KO,F I,25,71.49
2025-11-14,9:34:05.716127396,T,KO,F I,4,71.49
2025-11-14,9:34:05.716163560,T,KO,F I,2,71.49
2025-11-14,9:34:06.524675182,T,KO,F I,50,71.49
2025-11-14,9:34:06.533116536,T,KO,,100,71.48
2025-11-14,9:34:06.533119252,T,KO,I,50,71.48
2025-11-14,9:34:06.533140452,T,KO,I,1,71.48
2025-11-14,9:34:06.533162031,T,KO,F I,12,71.48
2025-11-14,9:34:06.533164371,T,KO,I,1,71.48
2025-11-14,9:34:06.533170440,T,KO,I,12,71.48
2025-11-14,9:34:06.555751136,T,KO,F I,87,71.48
2025-11-14,9:34:08.288384793,T,KO,F I,21,71.48
2025-11-14,9:34:08.288384793,T,KO,F I,37,71.48
2025-11-14,9:34:08.464231675,T,KO,I,7,71.46
2025-11-14,9:34:08.479432828,T,KO,F I,7,71.47
2025-11-14,9:34:10.640242237,T,KO,,100,71.48
2025-11-14,9:34:10.640244374,T,KO,,100,71.49
2025-11-14,9:34:10.640262428,T,KO,I,1,71.49
2025-11-14,9:34:10.677190411,T,KO,I,56,71.49
2025-11-14,9:34:10.677749768,T,KO,F I,43,71.49
2025-11-14,9:34:10.687607192,T,KO,F,200,71.5
2025-11-14,9:34:12.841295500,T,KO,I,13,71.53
2025-11-14,9:34:12.841315833,T,KO,F,187,71.53
2025-11-14,9:34:12.841318793,T,KO,F I,70,71.53
2025-11-14,9:34:12.841322188,T,KO,F I,50,71.53
2025-11-14,9:34:12.841324988,T,KO,F,307,71.53
2025-11-14,9:34:12.886772004,T,KO,,200,71.535
2025-11-14,9:34:12.904171368,T,KO,,100,71.535
2025-11-14,9:34:13.537539943,T,KO,,120,71.535
2025-11-14,9:34:13.537732400,T,KO,,120,71.54
2025-11-14,9:34:13.803712896,T,KO,F I,29,71.55
2025-11-14,9:34:13.803712896,T,KO,F I,50,71.55
2025-11-14,9:34:13.803812081,T,KO,I,8,71.54
2025-11-14,9:34:13.803815128,T,KO,,132,71.54
2025-11-14,9:34:13.803818118,T,KO,,200,71.54
2025-11-14,9:34:13.803818118,T,KO,I,50,71.54
2025-11-14,9:34:13.804097746,T,KO,F I,6,71.54
2025-11-14,9:34:13.804100844,T,KO,F I,94,71.54
2025-11-14,9:34:14.559626187,T,KO,I,70,71.525
2025-11-14,9:34:15.391256897,T,KO,F I,10,71.54
2025-11-14,9:34:20.621728601,T,KO,F I,32,71.5
2025-11-14,9:34:22.514337182,T,KO,F I,50,71.48
2025-11-14,9:34:26.740624073,T,KO,,200,71.505
2025-11-14,9:34:30.017565606,T,KO,F,100,71.505
2025-11-14,9:34:30.023558278,T,KO,,100,71.505
2025-11-14,9:34:30.466005134,T,KO,I,2,71.49
2025-11-14,9:34:30.466062287,T,KO,I,50,71.49
2025-11-14,9:34:30.466838118,T,KO,I,19,71.48
2025-11-14,9:34:30.468606350,T,KO,F I,2,71.48
2025-11-14,9:34:30.553694012,T,KO,,100,71.48
2025-11-14,9:34:30.558755649,T,KO,F I,2,71.48
2025-11-14,9:34:30.558758093,T,KO,F I,34,71.48
2025-11-14,9:34:30.571688862,T,KO,F I,30,71.48
2025-11-14,9:34:31.363742296,T,KO,,100,71.48
2025-11-14,9:34:34.028319561,T,KO,I,50,71.5
2025-11-14,9:34:34.028323117,T,KO,I,50,71.49
2025-11-14,9:34:34.028323117,T,KO,I,29,71.49
2025-11-14,9:34:34.028349621,T,KO,I,1,71.49
2025-11-14,9:34:34.028370687,T,KO,I,54,71.5
2025-11-14,9:34:37.700840698,T,KO,F I,50,71.52
2025-11-14,9:34:37.700843551,T,KO,F I,54,71.52
2025-11-14,9:34:38.089606523,T,KO,,200,71.52
2025-11-14,9:34:42.853225333,T,KO,F,100,71.54
2025-11-14,9:34:42.853868829,T,KO,F,200,71.55
2025-11-14,9:34:42.853871969,T,KO,F I,50,71.55
2025-11-14,9:34:42.853871969,T,KO,F,100,71.55
2025-11-14,9:34:42.854536426,T,KO,F I,5,71.55
2025-11-14,9:34:42.854651031,T,KO,,100,71.55
2025-11-14,9:34:42.854653713,T,KO,I,54,71.54
2025-11-14,9:34:42.854657472,T,KO,,100,71.54
2025-11-14,9:34:42.854659727,T,KO,,100,71.54
2025-11-14,9:34:42.854659727,T,KO,I,61,71.54
2025-11-14,9:34:42.854662776,T,KO,,150,71.54
2025-11-14,9:34:42.854672467,T,KO,I,1,71.54
2025-11-14,9:34:43.642091416,T,KO,F,100,71.55
2025-11-14,9:34:43.642091416,T,KO,F I,28,71.55
2025-11-14,9:34:47.631179153,T,KO,F I,75,71.58
2025-11-14,9:34:47.639355623,T,KO,F I,24,71.59
2025-11-14,9:34:47.745159676,T,KO,I,2,71.59
2025-11-14,9:34:47.745180685,T,KO,F,100,71.59
2025-11-14,9:34:47.745214144,T,KO,,100,71.59
2025-11-14,9:34:47.745216757,T,KO,I,92,71.59
2025-11-14,9:34:47.745234854,T,KO,I,1,71.59
2025-11-14,9:34:48.242384906,T,KO,I,2,71.59
2025-11-14,9:34:48.242384906,T,KO,,100,71.59
2025-11-14,9:34:48.819044392,T,KO,F I,2,71.58
2025-11-14,9:34:50.844151559,T,KO,I,62,71.59
2025-11-14,9:34:50.844169631,T,KO,F,129,71.59
2025-11-14,9:34:50.844172791,T,KO,F I,30,71.59
2025-11-14,9:34:50.844176211,T,KO,F I,74,71.59
2025-11-14,9:34:50.844176211,T,KO,F I,38,71.59
2025-11-14,9:34:50.879780475,T,KO,I,86,71.6
2025-11-14,9:34:50.879809044,T,KO,F,914,71.6
2025-11-14,9:34:50.879809044,T,KO,F I,12,71.6
2025-11-14,9:34:50.880539413,T,KO,F,200,71.61
2025-11-14,9:34:50.880539413,T,KO,F I,50,71.61
2025-11-14,9:34:50.880613843,T,KO,I,59,71.6
2025-11-14,9:34:50.880613843,T,KO,,100,71.6
2025-11-14,9:34:50.880634469,T,KO,I,1,71.6
2025-11-14,9:34:50.880748793,T,KO,F I,42,71.61
2025-11-14,9:34:50.880763810,T,KO,F I,58,71.61
2025-11-14,9:34:50.881085535,T,KO,F I,7,71.61
2025-11-14,9:34:50.881456108,T,KO,,100,71.61
2025-11-14,9:34:51.235103771,T,KO,F I,17,71.62
2025-11-14,9:34:52.033075251,T,KO,F,167,71.63
2025-11-14,9:34:52.236118851,T,KO,I,7,71.63
2025-11-14,9:34:52.236122449,T,KO,I,2,71.63
2025-11-14,9:34:52.236122449,T,KO,I,36,71.63
2025-11-14,9:34:52.236125098,T,KO,,200,71.63
2025-11-14,9:34:52.236275231,T,KO,F,100,71.63
2025-11-14,9:34:52.236323684,T,KO,F I,58,71.64
2025-11-14,9:34:52.236323684,T,KO,F,100,71.64
2025-11-14,9:34:52.236329423,T,KO,F,100,71.64
2025-11-14,9:34:52.236329423,T,KO,F,100,71.64
2025-11-14,9:34:52.236332407,T,KO,F I,72,71.64
2025-11-14,9:34:52.236506822,T,KO,,100,71.64
2025-11-14,9:34:52.236566904,T,KO,F I,50,71.64
2025-11-14,9:34:52.236566904,T,KO,F I,50,71.64
2025-11-14,9:34:52.236573259,T,KO,F,100,71.63
2025-11-14,9:34:52.236573259,T,KO,F,100,71.63
2025-11-14,9:34:52.236579219,T,KO,F I,58,71.63
2025-11-14,9:34:52.236579219,T,KO,F I,71,71.63
2025-11-14,9:34:52.236579219,T,KO,F,200,71.63
2025-11-14,9:34:52.236582921,T,KO,F I,4,71.63
2025-11-14,9:34:52.236609007,T,KO,I,78,71.64
2025-11-14,9:34:52.465643591,T,KO,I,33,71.63
2025-11-14,9:34:52.831561690,T,KO,F I,28,71.63
2025-11-14,9:34:52.831564042,T,KO,F I,10,71.63
2025-11-14,9:34:52.831576100,T,KO,F I,3,71.63
2025-11-14,9:34:52.831579227,T,KO,F I,26,71.63
2025-11-14,9:34:56.813332544,T,KO,I,4,71.61
2025-11-14,9:35:00.123295346,T,KO,I,2,71.61
2025-11-14,9:35:00.123298180,T,KO,I,50,71.61
2025-11-14,9:35:00.123301101,T,KO,I,48,71.61
2025-11-14,9:35:00.272459889,T,KO,,200,71.61
2025-11-14,9:35:00.272462747,T,KO,,200,71.61
2025-11-14,9:35:00.272465429,T,KO,I,90,71.61
2025-11-14,9:35:00.272510975,T,KO,F,100,71.61
2025-11-14,9:35:00.272690914,T,KO,F I,90,71.62
2025-11-14,9:35:00.272694110,T,KO,F I,15,71.62
2025-11-14,9:35:00.272697453,T,KO,F I,4,71.62
2025-11-14,9:35:00.272745209,T,KO,,100,71.62
2025-11-14,9:35:00.272748079,T,KO,,100,71.62
2025-11-14,9:35:01.169896477,T,KO,F I,1,71.63
2025-11-14,9:35:01.169955963,T,KO,I,57,71.62
2025-11-14,9:35:02.266075597,T,KO,F I,11,71.62
2025-11-14,9:35:02.266075597,T,KO,F I,3,71.62
2025-11-14,9:35:02.266078515,T,KO,F I,16,71.62
2025-11-14,9:35:02.527966796,T,KO,I,1,71.61
2025-11-14,9:35:02.527969382,T,KO,I,17,71.61
2025-11-14,9:35:02.598718808,T,KO,F I,57,71.61
2025-11-14,9:35:03.540432761,T,KO,,100,71.625
2025-11-14,9:35:07.479189982,T,KO,F I,1,71.62
2025-11-14,9:35:07.479192831,T,KO,F I,5,71.62
2025-11-14,9:35:08.699147405,T,KO,F I,88,71.61
2025-11-14,9:35:08.699165496,T,KO,I,1,71.61
2025-11-14,9:35:08.699165496,T,KO,F I,11,71.61
2025-11-14,9:35:08.699171503,T,KO,F,200,71.61
2025-11-14,9:35:08.946486511,T,KO,F I,67,71.61
2025-11-14,9:35:08.946534678,T,KO,I,53,71.61
2025-11-14,9:35:10.244624361,T,KO,I,1,71.6
2025-11-14,9:35:10.447316174,T,KO,I,5,71.58
2025-11-14,9:35:12.862981583,T,KO,F I,67,71.59
2025-11-14,9:35:15.578500223,T,KO,I,20,71.59
2025-11-14,9:35:16.943709930,T,KO,I,50,71.58
2025-11-14,9:35:17.286911191,T,KO,F,100,71.58
2025-11-14,9:35:17.286914213,T,KO,F I,68,71.58
2025-11-14,9:35:17.286917293,T,KO,F I,9,71.58
2025-11-14,9:35:17.286917293,T,KO,F I,4,71.58
2025-11-14,9:35:17.287635994,T,KO,F I,30,71.59
2025-11-14,9:35:17.287638965,T,KO,F I,8,71.59
2025-11-14,9:35:17.487296540,T,KO,I,17,71.595
2025-11-14,9:35:18.209734353,T,KO,,100,71.59
2025-11-14,9:35:18.209734353,T,KO,I,20,71.59
2025-11-14,9:35:18.209749196,T,KO,I,1,71.59
2025-11-14,9:35:18.209764263,T,KO,F I,79,71.59
2025-11-14,9:35:18.292253689,T,KO,F I,28,71.6
2025-11-14,9:35:19.641684634,T,KO,F I,9,71.6
2025-11-14,9:35:19.641684634,T,KO,F I,41,71.6
2025-11-14,9:35:22.322016545,T,KO,I,50,71.59
2025-11-14,9:35:22.322016545,T,KO,I,50,71.59
2025-11-14,9:35:22.322031554,T,KO,I,1,71.59
2025-11-14,9:35:22.322049672,T,KO,I,49,71.59
2025-11-14,9:35:22.322052691,T,KO,I,41,71.59
2025-11-14,9:35:24.436589835,T,KO,F I,5,71.58
2025-11-14,9:35:25.391469108,T,KO,F,100,71.57
2025-11-14,9:35:25.391469108,T,KO,F,100,71.57
2025-11-14,9:35:25.391472340,T,KO,F I,15,71.57
2025-11-14,9:35:25.391475095,T,KO,F I,5,71.57
2025-11-14,9:35:25.391487591,T,KO,I,1,71.57
2025-11-14,9:35:25.391502212,T,KO,I,79,71.57
2025-11-14,9:35:27.091875016,T,KO,I,50,71.58
2025-11-14,9:35:27.091878105,T,KO,,200,71.575
2025-11-14,9:35:27.091920216,T,KO,I,15,71.575
2025-11-14,9:35:27.092470891,T,KO,F I,90,71.59
2025-11-14,9:35:27.092473536,T,KO,F,100,71.59
2025-11-14,9:35:27.092476473,T,KO,F I,13,71.59
2025-11-14,9:35:27.092489363,T,KO,I,1,71.59
2025-11-14,9:35:27.092524556,T,KO,I,56,71.59
2025-11-14,9:35:27.092530626,T,KO,,100,71.59
2025-11-14,9:35:27.641632423,T,KO,,131,71.58
2025-11-14,9:35:31.806732517,T,KO,,100,71.57
2025-11-14,9:35:31.806732517,T,KO,,100,71.57
2025-11-14,9:35:32.549634050,T,KO,,200,71.55
2025-11-14,9:35:33.270796420,T,KO,F I,56,71.54
2025-11-14,9:35:33.270832584,T,KO,F,100,71.54
2025-11-14,9:35:33.961367375,T,KO,F,135,71.55
2025-11-14,9:35:33.961370501,T,KO,F I,18,71.55
2025-11-14,9:35:33.961370501,T,KO,F,100,71.55
2025-11-14,9:35:34.535569875,T,KO,F I,5,71.56
2025-11-14,9:35:34.585458685,T,KO,,100,71.56
2025-11-14,9:35:36.582593354,T,KO,F,100,71.55
2025-11-14,9:35:36.582596349,T,KO,F I,45,71.55
2025-11-14,9:35:36.753947451,T,KO,F I,2,71.54
2025-11-14,9:35:37.313806040,T,KO,F,100,71.54
2025-11-14,9:35:41.059578359,T,KO,F,137,71.55
2025-11-14,9:35:41.060270095,T,KO,I,34,71.55
2025-11-14,9:35:42.127583989,T,KO,I,18,71.55
2025-11-14,9:35:42.127716332,T,KO,F I,22,71.55
2025-11-14,9:35:42.127737419,T,KO,F I,22,71.55
2025-11-14,9:35:42.242286495,T,KO,,100,71.545
2025-11-14,9:35:42.242286495,T,KO,,100,71.54
2025-11-14,9:35:42.242289238,T,KO,,100,71.54
2025-11-14,9:35:42.242301290,T,KO,I,1,71.54
2025-11-14,9:35:42.242310252,T,KO,F I,99,71.54
2025-11-14,9:35:43.816117625,T,KO,F,200,71.53
2025-11-14,9:35:45.345764983,T,KO,I,10,71.54
2025-11-14,9:35:45.346658412,T,KO,F I,5,71.55
2025-11-14,9:35:45.346658412,T,KO,F,128,71.55
2025-11-14,9:35:45.347060980,T,KO,F I,10,71.54
2025-11-14,9:35:46.072521083,T,KO,,115,71.56
2025-11-14,9:35:46.072521083,T,KO,I,3,71.56
2025-11-14,9:35:46.072524520,T,KO,I,2,71.56
2025-11-14,9:35:46.072524520,T,KO,,200,71.56
2025-11-14,9:35:46.072527205,T,KO,I,80,71.56
2025-11-14,9:35:46.072527205,T,KO,I,25,71.56
2025-11-14,9:35:46.072536260,T,KO,I,1,71.56
2025-11-14,9:35:46.072541951,T,KO,,100,71.56
2025-11-14,9:35:50.543744009,T,KO,F,100,71.53
2025-11-14,9:35:50.543747093,T,KO,F I,46,71.53
2025-11-14,9:35:50.784268887,T,KO,I,8,71.52
2025-11-14,9:35:50.822324588,T,KO,I,8,71.5
2025-11-14,9:35:51.288052844,T,KO,F I,5,71.5
2025-11-14,9:35:58.783825927,T,KO,F I,3,71.48
2025-11-14,9:35:58.783828885,T,KO,F I,59,71.48
2025-11-14,9:35:59.186358571,T,KO,I,6,71.48
2025-11-14,9:35:59.186382655,T,KO,I,20,71.48
2025-11-14,9:35:59.186388646,T,KO,I,20,71.48
2025-11-14,9:35:59.187137456,T,KO,I,16,71.48
2025-11-14,9:35:59.187164535,T,KO,F I,46,71.48
2025-11-14,9:35:59.436716887,T,KO,F I,46,71.49
2025-11-14,9:35:59.436719822,T,KO,F I,5,71.49
2025-11-14,9:35:59.965983583,T,KO,F I,46,71.5
2025-11-14,9:35:59.965987004,T,KO,F,100,71.5
2025-11-14,9:35:59.966651105,T,KO,F I,62,71.5
2025-11-14,9:36:00.856181662,T,KO,I,62,71.5
2025-11-14,9:36:05.960409623,T,KO,I,2,71.47
2025-11-14,9:36:05.960412670,T,KO,I,8,71.47
2025-11-14,9:36:05.960472720,T,KO,F I,12,71.47
2025-11-14,9:36:05.971063974,T,KO,I,1,71.46
2025-11-14,9:36:07.124016220,T,KO,F,200,71.455
2025-11-14,9:36:07.124016220,T,KO,F I,1,71.46
2025-11-14,9:36:07.124018992,T,KO,F I,56,71.46
2025-11-14,9:36:07.124036980,T,KO,I,1,71.46
2025-11-14,9:36:07.129026877,T,KO,F I,5,71.46
2025-11-14,9:36:07.129026877,T,KO,F,100,71.46
2025-11-14,9:36:07.129030696,T,KO,F I,1,71.47
2025-11-14,9:36:07.129034880,T,KO,F I,8,71.47
2025-11-14,9:36:07.129034880,T,KO,F I,5,71.47
2025-11-14,9:36:07.129034880,T,KO,F,200,71.47
2025-11-14,9:36:07.129128177,T,KO,F I,2,71.47
2025-11-14,9:36:07.129131141,T,KO,F I,1,71.47
2025-11-14,9:36:07.129224451,T,KO,F,297,71.47
2025-11-14,9:36:07.129224451,T,KO,F,149,71.48
2025-11-14,9:36:07.129540262,T,KO,F,200,71.465
2025-11-14,9:36:07.129543099,T,KO,F,100,71.47
2025-11-14,9:36:07.129994991,T,KO,F,100,71.47
2025-11-14,9:36:07.129994991,T,KO,F,100,71.47
2025-11-14,9:36:07.129997344,T,KO,F,166,71.47
2025-11-14,9:36:07.131215080,T,KO,F,134,71.47
2025-11-14,9:36:07.131215080,T,KO,F,200,71.47
2025-11-14,9:36:07.131218132,T,KO,F,100,71.47
2025-11-14,9:36:07.638535357,T,KO,F I,38,71.47
2025-11-14,9:36:07.638556505,T,KO,F I,62,71.47
2025-11-14,9:36:07.638556505,T,KO,F I,3,71.47
2025-11-14,9:36:07.638616978,T,KO,F I,9,71.47
2025-11-14,9:36:10.037724698,T,KO,F I,3,71.44
2025-11-14,9:36:10.073377600,T,KO,I,62,71.44
2025-11-14,9:36:10.328992488,T,KO,F I,1,71.44
2025-11-14,9:36:10.328995437,T,KO,F I,62,71.44
2025-11-14,9:36:10.328998446,T,KO,F,237,71.44
2025-11-14,9:36:10.329034516,T,KO,I,1,71.44
2025-11-14,9:36:12.167015073,T,KO,F,100,71.43
2025-11-14,9:36:12.167015073,T,KO,F I,90,71.43
2025-11-14,9:36:12.167030399,T,KO,I,1,71.43
2025-11-14,9:36:12.167034399,T,KO,F,109,71.43
2025-11-14,9:36:12.167036391,T,KO,F I,80,71.43
2025-11-14,9:36:12.167036391,T,KO,F I,1,71.43
2025-11-14,9:36:12.167042439,T,KO,F I,2,71.43
2025-11-14,9:36:12.167042439,T,KO,F I,13,71.43
2025-11-14,9:36:12.167072255,T,KO,I,80,71.43
2025-11-14,9:36:12.827114393,T,KO,,200,71.43
2025-11-14,9:36:12.827628544,T,KO,I,13,71.43
2025-11-14,9:36:14.312808920,T,KO,,100,71.44
2025-11-14,9:36:14.339055263,T,KO,I,5,71.43
2025-11-14,9:36:14.339055263,T,KO,,100,71.43
2025-11-14,9:36:15.706330760,T,KO,I,58,71.42
2025-11-14,9:36:15.706352383,T,KO,F I,42,71.42
2025-11-14,9:36:15.706352383,T,KO,F I,16,71.42
2025-11-14,9:36:15.706357934,T,KO,F I,42,71.42
2025-11-14,9:36:15.706361582,T,KO,F I,42,71.42
2025-11-14,9:36:16.528413847,T,KO,F I,4,71.41
2025-11-14,9:36:17.174992898,T,KO,F I,5,71.41
2025-11-14,9:36:17.174992898,T,KO,F I,56,71.41
2025-11-14,9:36:17.750708081,T,KO,I,5,71.41
2025-11-14,9:36:19.426401160,T,KO,F,100,71.4
2025-11-14,9:36:19.426422212,T,KO,I,1,71.4
2025-11-14,9:36:19.426425153,T,KO,I,5,71.4
2025-11-14,9:36:19.426494279,T,KO,F I,1,71.4
2025-11-14,9:36:21.877223179,T,KO,F I,1,71.39
2025-11-14,9:36:27.794936789,T,KO,F I,30,71.36
2025-11-14,9:36:27.794954725,T,KO,F I,21,71.36
2025-11-14,9:36:27.794957920,T,KO,F I,49,71.36
2025-11-14,9:36:27.794960835,T,KO,F I,22,71.36
2025-11-14,9:36:27.794964540,T,KO,F I,70,71.36
2025-11-14,9:36:27.794969852,T,KO,F I,8,71.36
2025-11-14,9:36:27.795911055,T,KO,I,50,71.35
2025-11-14,9:36:27.802668521,T,KO,,100,71.34
2025-11-14,9:36:27.802668521,T,KO,I,50,71.34
2025-11-14,9:36:27.802969133,T,KO,F I,50,71.34
2025-11-14,9:36:27.802971861,T,KO,F,100,71.34
2025-11-14,9:36:27.814965551,T,KO,F I,60,71.35
2025-11-14,9:36:27.814965551,T,KO,F,100,71.35
2025-11-14,9:36:27.814970481,T,KO,F I,50,71.35
2025-11-14,9:36:27.826824713,T,KO,I,54,71.35
2025-11-14,9:36:27.826855776,T,KO,F I,6,71.35
2025-11-14,9:36:27.826855776,T,KO,F I,21,71.35
2025-11-14,9:36:28.746379043,T,KO,I,50,71.33
2025-11-14,9:36:28.746382419,T,KO,,100,71.33
2025-11-14,9:36:28.746382419,T,KO,I,35,71.33
2025-11-14,9:36:28.746399854,T,KO,I,1,71.33
2025-11-14,9:36:28.746707002,T,KO,I,99,71.33
2025-11-14,9:36:28.747744271,T,KO,F I,59,71.33
2025-11-14,9:36:28.747747428,T,KO,F,100,71.33
2025-11-14,9:36:28.747747428,T,KO,F I,21,71.33
2025-11-14,9:36:28.747750032,T,KO,F I,1,71.33
2025-11-14,9:36:28.747753058,T,KO,F,100,71.33
2025-11-14,9:36:28.751253720,T,KO,F I,50,71.34
2025-11-14,9:36:28.751253720,T,KO,F I,1,71.34
2025-11-14,9:36:28.751256603,T,KO,F I,50,71.34
2025-11-14,9:36:28.751256603,T,KO,F I,5,71.34
2025-11-14,9:36:28.751259399,T,KO,F I,1,71.34
2025-11-14,9:36:30.256966786,T,KO,I,1,71.35
2025-11-14,9:36:30.256969800,T,KO,I,4,71.35
2025-11-14,9:36:30.256972583,T,KO,I,50,71.35
2025-11-14,9:36:30.258115328,T,KO,F I,39,71.35
2025-11-14,9:36:30.258148487,T,KO,I,20,71.35
2025-11-14,9:36:30.258148487,T,KO,I,20,71.35
2025-11-14,9:36:30.258151408,T,KO,I,1,71.35
2025-11-14,9:36:30.633364164,T,KO,I,71,71.34
2025-11-14,9:36:30.633385851,T,KO,F I,29,71.34
2025-11-14,9:36:30.633391155,T,KO,F,100,71.34
2025-11-14,9:36:30.633391155,T,KO,F,100,71.34
2025-11-14,9:36:30.633394160,T,KO,F I,57,71.34
2025-11-14,9:36:30.633433291,T,KO,F I,43,71.34
2025-11-14,9:36:30.634064754,T,KO,F I,58,71.34
2025-11-14,9:36:30.634085872,T,KO,F I,8,71.34
2025-11-14,9:36:30.634085872,T,KO,F I,20,71.34
2025-11-14,9:36:30.634091833,T,KO,F I,50,71.34
2025-11-14,9:36:30.634091833,T,KO,F I,28,71.34
2025-11-14,9:36:30.634110685,T,KO,F I,50,71.34
2025-11-14,9:36:30.634115849,T,KO,F I,50,71.34
2025-11-14,9:36:30.634124951,T,KO,F I,72,71.34
2025-11-14,9:36:31.910193166,T,KO,I,38,71.34
2025-11-14,9:36:31.910196433,T,KO,I,16,71.34
2025-11-14,9:36:31.910199752,T,KO,I,20,71.34
2025-11-14,9:36:31.910199752,T,KO,I,26,71.34
2025-11-14,9:36:31.910223237,T,KO,I,36,71.34
2025-11-14,9:36:32.514290548,T,KO,I,16,71.34
2025-11-14,9:36:32.514293057,T,KO,I,22,71.34
2025-11-14,9:36:32.514295949,T,KO,I,50,71.34
2025-11-14,9:36:32.515005863,T,KO,I,50,71.35
2025-11-14,9:36:32.515005863,T,KO,,100,71.35
2025-11-14,9:36:32.515008664,T,KO,I,56,71.35
2025-11-14,9:36:32.516119204,T,KO,,200,71.355
2025-11-14,9:36:32.516119204,T,KO,I,50,71.36
2025-11-14,9:36:32.516121337,T,KO,I,1,71.36
2025-11-14,9:36:32.516124360,T,KO,I,16,71.36
2025-11-14,9:36:34.431674797,T,KO,I,50,71.36
2025-11-14,9:36:40.261166993,T,KO,F,100,71.37
2025-11-14,9:36:40.261712164,T,KO,,100,71.37
2025-11-14,9:36:40.261712164,T,KO,I,53,71.37
2025-11-14,9:36:40.261712164,T,KO,I,47,71.37
2025-11-14,9:36:40.261729355,T,KO,I,1,71.37
2025-11-14,9:36:40.261744754,T,KO,I,52,71.37
2025-11-14,9:36:40.261744754,T,KO,I,3,71.37
2025-11-14,9:36:40.261748420,T,KO,I,2,71.37
2025-11-14,9:36:40.261748420,T,KO,I,50,71.37
2025-11-14,9:36:40.261750430,T,KO,,150,71.37
2025-11-14,9:36:40.261786426,T,KO,I,90,71.37
2025-11-14,9:36:40.261825972,T,KO,F I,10,71.37
2025-11-14,9:36:40.261825972,T,KO,F I,53,71.37
2025-11-14,9:36:40.261828686,T,KO,F I,8,71.37
2025-11-14,9:36:41.141961900,T,KO,I,8,71.36
2025-11-14,9:36:41.845446039,T,KO,I,98,71.35
2025-11-14,9:36:41.845463386,T,KO,I,2,71.35
2025-11-14,9:36:41.845467313,T,KO,I,1,71.35
2025-11-14,9:36:41.845473005,T,KO,I,2,71.35
2025-11-14,9:36:41.845484358,T,KO,I,97,71.35
2025-11-14,9:36:42.399731529,T,KO,I,50,71.34
2025-11-14,9:36:42.399809849,T,KO,I,52,71.34
2025-11-14,9:36:42.399812621,T,KO,I,48,71.34
2025-11-14,9:36:42.563790200,T,KO,F I,52,71.34
2025-11-14,9:36:42.563790200,T,KO,F I,50,71.34
2025-11-14,9:36:42.563793417,T,KO,F,100,71.34
2025-11-14,9:36:42.563877737,T,KO,I,52,71.34
2025-11-14,9:36:42.563877737,T,KO,I,7,71.34
2025-11-14,9:36:44.044059863,T,KO,F I,6,71.33
2025-11-14,9:36:44.055598476,T,KO,F I,52,71.32
2025-11-14,9:36:45.598019934,T,KO,I,2,71.32
2025-11-14,9:36:46.488729406,T,KO,I,4,71.3
2025-11-14,9:36:46.963106272,T,KO,F,100,71.3
2025-11-14,9:36:49.143554525,T,KO,F I,6,71.28
2025-11-14,9:36:49.216180465,T,KO,F I,71,71.28
2025-11-14,9:36:49.216204521,T,KO,I,50,71.28
2025-11-14,9:36:49.216208466,T,KO,I,71,71.28
2025-11-14,9:36:49.216208466,T,KO,F I,50,71.28
2025-11-14,9:36:49.216210681,T,KO,F I,50,71.28
2025-11-14,9:36:49.216219535,T,KO,F I,50,71.28
2025-11-14,9:36:49.216231624,T,KO,I,29,71.28
2025-11-14,9:36:49.242796901,T,KO,I,53,71.28
2025-11-14,9:36:49.242799889,T,KO,I,8,71.28
2025-11-14,9:36:50.938427439,T,KO,I,18,71.27
2025-11-14,9:36:50.938451446,T,KO,F,182,71.27
2025-11-14,9:36:50.938454796,T,KO,F I,50,71.27
2025-11-14,9:36:50.938457534,T,KO,F,151,71.27
2025-11-14,9:36:52.076975151,T,KO,I,53,71.27
2025-11-14,9:36:52.077670112,T,KO,F I,2,71.28
2025-11-14,9:36:52.077672798,T,KO,F I,6,71.28
2025-11-14,9:36:52.077675792,T,KO,F I,46,71.28
2025-11-14,9:36:53.518214739,T,KO,I,58,71.27
2025-11-14,9:36:53.616741423,T,KO,F,100,71.27
2025-11-14,9:36:54.504080451,T,KO,F,100,71.26
2025-11-14,9:36:54.504080451,T,KO,F,200,71.26
2025-11-14,9:36:54.504082857,T,KO,F I,10,71.26
2025-11-14,9:36:54.504086286,T,KO,F I,80,71.25
2025-11-14,9:36:54.504089815,T,KO,F I,50,71.25
2025-11-14,9:36:54.504089815,T,KO,F,200,71.25
2025-11-14,9:36:54.504091944,T,KO,F,100,71.25
2025-11-14,9:36:54.504095153,T,KO,F I,25,71.25
2025-11-14,9:36:54.504095153,T,KO,F,500,71.25
2025-11-14,9:36:54.504099787,T,KO,F I,70,71.24
2025-11-14,9:36:54.504099787,T,KO,F I,25,71.24
2025-11-14,9:36:54.504103942,T,KO,F,400,71.24
2025-11-14,9:36:54.504103942,T,KO,F I,50,71.24
2025-11-14,9:36:54.504108205,T,KO,F,200,71.24
2025-11-14,9:36:54.504113178,T,KO,F I,50,71.23
2025-11-14,9:36:54.504113178,T,KO,F,100,71.23
2025-11-14,9:36:54.504116108,T,KO,F I,80,71.23
2025-11-14,9:36:54.504116108,T,KO,F I,25,71.23
2025-11-14,9:36:54.504119855,T,KO,F,400,71.23
2025-11-14,9:36:54.504119855,T,KO,F I,50,71.23
2025-11-14,9:36:54.504121906,T,KO,F,200,71.23
2025-11-14,9:36:54.504125138,T,KO,F I,70,71.22
2025-11-14,9:36:54.504125138,T,KO,F I,25,71.22
2025-11-14,9:36:54.504125138,T,KO,F I,19,71.22
2025-11-14,9:36:54.504128665,T,KO,F,300,71.22
2025-11-14,9:36:54.504128665,T,KO,F I,50,71.22
2025-11-14,9:36:54.504131920,T,KO,F,200,71.22
2025-11-14,9:36:54.504134286,T,KO,F I,25,71.21
2025-11-14,9:36:54.504134286,T,KO,F I,80,71.21
2025-11-14,9:36:54.504137056,T,KO,F I,18,71.21
2025-11-14,9:36:54.504137056,T,KO,F,700,71.21
2025-11-14,9:36:54.504140339,T,KO,F,300,71.21
2025-11-14,9:36:54.505560035,T,KO,F I,50,71.22
2025-11-14,9:36:54.505851324,T,KO,F I,50,71.23
2025-11-14,9:36:54.505851324,T,KO,F,200,71.23
2025-11-14,9:36:54.505854090,T,KO,F I,75,71.23
2025-11-14,9:36:54.505902500,T,KO,F,100,71.23
2025-11-14,9:36:54.505908858,T,KO,F,100,71.23
2025-11-14,9:36:54.505912014,T,KO,F I,1,71.23
2025-11-14,9:36:54.505914764,T,KO,F I,52,71.23
2025-11-14,9:36:54.505914764,T,KO,F,150,71.23
2025-11-14,9:36:54.512791779,T,KO,,100,71.23
2025-11-14,9:36:54.512796553,T,KO,I,50,71.23
2025-11-14,9:36:54.512800831,T,KO,I,52,71.23
2025-11-14,9:36:54.512800831,T,KO,I,65,71.23
2025-11-14,9:36:54.512800831,T,KO,I,50,71.23
2025-11-14,9:36:54.512811446,T,KO,F,100,71.22
2025-11-14,9:36:54.512816463,T,KO,F,106,71.21
2025-11-14,9:36:54.512816463,T,KO,F,400,71.21
2025-11-14,9:36:54.512818749,T,KO,F I,50,71.21
2025-11-14,9:36:54.512822322,T,KO,I,25,71.23
2025-11-14,9:36:54.512822322,T,KO,I,1,71.23
2025-11-14,9:36:54.512824652,T,KO,I,99,71.23
2025-11-14,9:36:54.512827796,T,KO,I,1,71.23
2025-11-14,9:36:54.512827796,T,KO,,100,71.23
2025-11-14,9:36:54.512830831,T,KO,I,1,71.23
2025-11-14,9:36:54.512834236,T,KO,I,1,71.22
2025-11-14,9:36:54.512887814,T,KO,F I,76,71.23
2025-11-14,9:36:54.512887814,T,KO,F,100,71.23
2025-11-14,9:36:54.512890903,T,KO,F,200,71.23
2025-11-14,9:36:54.512890903,T,KO,F I,25,71.23
2025-11-14,9:36:54.513005558,T,KO,I,25,71.23
2025-11-14,9:36:54.513008678,T,KO,I,71,71.23
2025-11-14,9:36:54.513008678,T,KO,I,50,71.23
2025-11-14,9:36:54.513014141,T,KO,I,56,71.23
2025-11-14,9:36:54.513107319,T,KO,F I,67,71.23
2025-11-14,9:36:54.515104502,T,KO,F I,33,71.23
2025-11-14,9:36:54.515107862,T,KO,F,100,71.23
2025-11-14,9:36:54.515110143,T,KO,F I,64,71.23
2025-11-14,9:36:54.515114048,T,KO,F I,60,71.23
2025-11-14,9:36:54.515114048,T,KO,F,100,71.23
2025-11-14,9:36:54.515116236,T,KO,F I,22,71.23
2025-11-14,9:36:54.515119958,T,KO,F I,78,71.23
2025-11-14,9:36:54.515119958,T,KO,F I,50,71.23
2025-11-14,9:36:54.515119958,T,KO,F I,25,71.23
2025-11-14,9:36:54.515122154,T,KO,F,100,71.23
2025-11-14,9:36:54.515125225,T,KO,F,107,71.23
2025-11-14,9:36:54.606702233,T,KO,,100,71.24
2025-11-14,9:36:54.606705434,T,KO,I,93,71.23
2025-11-14,9:36:54.606705434,T,KO,I,1,71.23
2025-11-14,9:36:54.606708635,T,KO,,100,71.23
2025-11-14,9:36:54.606711358,T,KO,I,50,71.23
2025-11-14,9:36:54.606741804,T,KO,I,60,71.23
2025-11-14,9:36:54.607755216,T,KO,F I,40,71.235
2025-11-14,9:36:54.635853672,T,KO,F I,25,71.24
2025-11-14,9:36:54.635853672,T,KO,F I,8,71.24
2025-11-14,9:36:54.635860150,T,KO,F I,11,71.24
2025-11-14,9:36:54.635868695,T,KO,F I,4,71.24
2025-11-14,9:36:54.635868695,T,KO,F I,27,71.24
2025-11-14,9:36:54.635871701,T,KO,F I,7,71.24
2025-11-14,9:36:54.635878234,T,KO,F I,38,71.24
2025-11-14,9:36:58.333066443,T,KO,I,18,71.25
2025-11-14,9:36:58.333087534,T,KO,F I,32,71.25
2025-11-14,9:36:58.333090507,T,KO,F,151,71.25
2025-11-14,9:37:00.323486535,T,KO,,100,71.24
2025-11-14,9:37:00.323486535,T,KO,,100,71.24
2025-11-14,9:37:00.323489149,T,KO,I,98,71.24
2025-11-14,9:37:00.340248039,T,KO,F,100,71.23
2025-11-14,9:37:00.409259833,T,KO,I,50,71.23
2025-11-14,9:37:00.409259833,T,KO,,116,71.23
2025-11-14,9:37:00.523748076,T,KO,,100,71.23
2025-11-14,9:37:00.523748076,T,KO,I,52,71.23
2025-11-14,9:37:00.523751187,T,KO,,100,71.23
2025-11-14,9:37:00.524421760,T,KO,F,200,71.22
2025-11-14,9:37:00.524424769,T,KO,F,100,71.22
2025-11-14,9:37:00.525681866,T,KO,,100,71.21
2025-11-14,9:37:00.525685441,T,KO,,100,71.21
2025-11-14,9:37:00.526593922,T,KO,F I,52,71.21
2025-11-14,9:37:00.526593922,T,KO,F I,52,71.21
2025-11-14,9:37:00.526599327,T,KO,F I,1,71.21
2025-11-14,9:37:00.526599327,T,KO,F I,21,71.21
2025-11-14,9:37:00.526623245,T,KO,I,1,71.21
2025-11-14,9:37:00.526623245,T,KO,I,49,71.21
2025-11-14,9:37:00.726987159,T,KO,I,12,71.21
2025-11-14,9:37:01.293491934,T,KO,F I,88,71.21
2025-11-14,9:37:01.293494495,T,KO,F,100,71.21
2025-11-14,9:37:01.293497444,T,KO,F I,52,71.21
2025-11-14,9:37:01.402347711,T,KO,F I,1,71.2
2025-11-14,9:37:01.402350694,T,KO,F,151,71.2
2025-11-14,9:37:01.417726243,T,KO,F,152,71.195
2025-11-14,9:37:01.417750588,T,KO,F I,48,71.195
2025-11-14,9:37:01.417754011,T,KO,F I,50,71.2
2025-11-14,9:37:01.417759460,T,KO,F I,52,71.2
2025-11-14,9:37:01.417762357,T,KO,F I,50,71.2
2025-11-14,9:37:01.417798422,T,KO,,100,71.2
2025-11-14,9:37:01.417798422,T,KO,I,49,71.195
2025-11-14,9:37:01.417873693,T,KO,F,100,71.2
2025-11-14,9:37:02.588958990,T,KO,I,1,71.2
2025-11-14,9:37:02.588961804,T,KO,I,52,71.2
2025-11-14,9:37:03.288671376,T,KO,,151,71.19
2025-11-14,9:37:03.288848808,T,KO,F I,25,71.19
2025-11-14,9:37:05.611093823,T,KO,F I,12,71.16
2025-11-14,9:37:05.611093823,T,KO,F I,1,71.16
2025-11-14,9:37:05.618632678,T,KO,F,148,71.155
2025-11-14,9:37:05.618661003,T,KO,F I,52,71.155
2025-11-14,9:37:05.618662764,T,KO,F I,50,71.16
2025-11-14,9:37:05.618665939,T,KO,F I,46,71.16
2025-11-14,9:37:05.618680945,T,KO,F I,4,71.16
2025-11-14,9:37:05.618683859,T,KO,F I,1,71.16
2025-11-14,9:37:05.618692842,T,KO,,100,71.155
2025-11-14,9:37:05.618939471,T,KO,F I,50,71.17
2025-11-14,9:37:05.618939471,T,KO,F I,11,71.17
2025-11-14,9:37:05.618945491,T,KO,F,100,71.17
2025-11-14,9:37:05.618948930,T,KO,F I,41,71.17
2025-11-14,9:37:05.618993558,T,KO,F I,1,71.17
2025-11-14,9:37:05.619402572,T,KO,F,100,71.16
2025-11-14,9:37:05.619406451,T,KO,F,100,71.16
2025-11-14,9:37:05.619408626,T,KO,F I,50,71.16
2025-11-14,9:37:05.619412035,T,KO,F I,14,71.16
2025-11-14,9:37:05.619423622,T,KO,I,1,71.16
2025-11-14,9:37:05.619433445,T,KO,I,1,71.17
2025-11-14,9:37:05.619475946,T,KO,F I,50,71.17
2025-11-14,9:37:05.619480713,T,KO,F I,1,71.17
2025-11-14,9:37:05.619799541,T,KO,I,50,71.17
2025-11-14,9:37:05.619799541,T,KO,,100,71.17
2025-11-14,9:37:05.619928863,T,KO,F,143,71.16
2025-11-14,9:37:05.619931958,T,KO,F I,50,71.16
2025-11-14,9:37:05.619931958,T,KO,F,100,71.16
2025-11-14,9:37:05.619934897,T,KO,F,151,71.16
2025-11-14,9:37:05.720383554,T,KO,F I,2,71.15
2025-11-14,9:37:05.720386262,T,KO,F,150,71.15
2025-11-14,9:37:05.720428138,T,KO,I,50,71.15
2025-11-14,9:37:05.720431148,T,KO,I,50,71.15
2025-11-14,9:37:05.720434310,T,KO,I,50,71.15
2025-11-14,9:37:05.720485291,T,KO,F,200,71.155
2025-11-14,9:37:05.720485291,T,KO,F I,50,71.16
2025-11-14,9:37:05.720489253,T,KO,F I,8,71.16
2025-11-14,9:37:05.720494360,T,KO,F I,6,71.16
2025-11-14,9:37:05.720753483,T,KO,F,100,71.16
2025-11-14,9:37:05.720776997,T,KO,F I,5,71.16
2025-11-14,9:37:05.720975499,T,KO,F I,50,71.16
2025-11-14,9:37:05.726072660,T,KO,I,95,71.16
2025-11-14,9:37:05.726072660,T,KO,,100,71.16
2025-11-14,9:37:05.837830854,T,KO,,100,71.15
2025-11-14,9:37:05.837830854,T,KO,I,10,71.15
2025-11-14,9:37:05.838251834,T,KO,F I,90,71.15
2025-11-14,9:37:05.838254965,T,KO,F I,63,71.15
2025-11-14,9:37:05.838254965,T,KO,F I,20,71.15
2025-11-14,9:37:05.838257768,T,KO,F I,20,71.15
2025-11-14,9:37:05.849456432,T,KO,F I,50,71.14
2025-11-14,9:37:05.849460069,T,KO,F I,37,71.14
2025-11-14,9:37:05.849691055,T,KO,F I,2,71.14
2025-11-14,9:37:05.849712169,T,KO,F I,50,71.14
2025-11-14,9:37:05.849715707,T,KO,F I,4,71.14
2025-11-14,9:37:05.849718523,T,KO,F I,50,71.14
2025-11-14,9:37:05.849859449,T,KO,F I,25,71.14
2025-11-14,9:37:07.052679356,T,KO,,160,71.15
2025-11-14,9:37:09.700098118,T,KO,F,100,71.15
2025-11-14,9:37:09.700098118,T,KO,F I,25,71.16
2025-11-14,9:37:09.700124827,T,KO,F I,61,71.16
2025-11-14,9:37:09.700554802,T,KO,F I,14,71.16
2025-11-14,9:37:09.700786368,T,KO,I,79,71.16
2025-11-14,9:37:09.702223876,T,KO,F I,25,71.17
2025-11-14,9:37:09.866138249,T,KO,I,24,71.17
2025-11-14,9:37:09.979808976,T,KO,F I,6,71.17
2025-11-14,9:37:11.091183984,T,KO,I,1,71.18
2025-11-14,9:37:11.091199135,T,KO,I,39,71.18
2025-11-14,9:37:11.091204984,T,KO,I,39,71.18
2025-11-14,9:37:11.613344765,T,KO,I,13,71.18
2025-11-14,9:37:11.613348044,T,KO,I,12,71.18
2025-11-14,9:37:11.613350579,T,KO,I,50,71.18
2025-11-14,9:37:11.626555391,T,KO,F I,13,71.18
2025-11-14,9:37:11.626609177,T,KO,,110,71.18
2025-11-14,9:37:13.107230651,T,KO,,100,71.17
2025-11-14,9:37:15.987737190,T,KO,F I,3,71.16
2025-11-14,9:37:17.109736545,T,KO,I,19,71.16
2025-11-14,9:37:18.889441322,T,KO,,100,71.145
2025-11-14,9:37:21.109605109,T,KO,I,1,71.15
2025-11-14,9:37:26.710895945,T,KO,I,8,71.14
2025-11-14,9:37:26.711142574,T,KO,I,7,71.14
2025-11-14,9:37:26.734751805,T,KO,F I,4,71.13
2025-11-14,9:37:26.734766847,T,KO,I,46,71.13
2025-11-14,9:37:26.734769811,T,KO,I,4,71.13
2025-11-14,9:37:26.786306568,T,KO,I,46,71.13
2025-11-14,9:37:28.056104907,T,KO,F I,46,71.13
2025-11-14,9:37:28.056128929,T,KO,I,46,71.13
2025-11-14,9:37:28.056174048,T,KO,I,45,71.13
2025-11-14,9:37:28.056192476,T,KO,,100,71.13
2025-11-14,9:37:28.056195155,T,KO,I,2,71.13
2025-11-14,9:37:29.930165418,T,KO,F I,50,71.11
2025-11-14,9:37:29.930165418,T,KO,F I,45,71.11
2025-11-14,9:37:34.973128851,T,KO,F,100,71.13
2025-11-14,9:37:38.034642157,T,KO,I,50,71.11
2025-11-14,9:37:38.034642157,T,KO,I,3,71.11
2025-11-14,9:37:38.034654146,T,KO,I,20,71.11
2025-11-14,9:37:38.055654213,T,KO,F I,46,71.1
2025-11-14,9:37:38.060915801,T,KO,F I,46,71.09
2025-11-14,9:37:38.062831329,T,KO,F I,4,71.09
2025-11-14,9:37:40.433945804,T,KO,F I,2,71.08
2025-11-14,9:37:40.436901828,T,KO,F I,1,71.07
2025-11-14,9:37:40.436904785,T,KO,F I,5,71.07
2025-11-14,9:37:40.436904785,T,KO,F I,1,71.07
2025-11-14,9:37:40.438504516,T,KO,F I,44,71.07
2025-11-14,9:37:40.438510538,T,KO,F I,78,71.07
2025-11-14,9:37:40.438510538,T,KO,F I,25,71.07
2025-11-14,9:37:40.438808239,T,KO,F I,81,71.07
2025-11-14,9:37:40.438814641,T,KO,F I,16,71.07
2025-11-14,9:37:40.438814641,T,KO,F I,3,71.07
2025-11-14,9:37:40.438950001,T,KO,,100,71.07
2025-11-14,9:37:40.438953403,T,KO,F,179,71.07
2025-11-14,9:37:40.438958555,T,KO,F I,16,71.07
2025-11-14,9:37:40.438961582,T,KO,F I,5,71.07
2025-11-14,9:37:40.540282406,T,KO,I,6,71.07
2025-11-14,9:37:40.540285603,T,KO,I,44,71.07
2025-11-14,9:37:40.540287964,T,KO,I,3,71.07
2025-11-14,9:37:40.847225957,T,KO,I,6,71.07
2025-11-14,9:37:40.996176701,T,KO,I,91,71.07
2025-11-14,9:37:40.996180227,T,KO,I,16,71.07
2025-11-14,9:37:40.996182828,T,KO,I,5,71.07
2025-11-14,9:37:41.432561142,T,KO,F I,1,71.06
2025-11-14,9:37:41.432564100,T,KO,F I,50,71.06
2025-11-14,9:37:41.996392017,T,KO,F I,2,71.06
2025-11-14,9:37:42.004195546,T,KO,I,99,71.06
2025-11-14,9:37:42.004213625,T,KO,I,1,71.06
2025-11-14,9:37:42.004234736,T,KO,I,43,71.06
2025-11-14,9:37:46.837736863,T,KO,I,76,71.04
2025-11-14,9:37:46.837751876,T,KO,I,75,71.04
2025-11-14,9:37:46.837755818,T,KO,I,75,71.04
2025-11-14,9:37:46.838807394,T,KO,I,25,71.04
2025-11-14,9:37:49.558169221,T,KO,F I,9,71.07
2025-11-14,9:37:49.558172330,T,KO,F I,46,71.07
2025-11-14,9:37:49.558172330,T,KO,F I,25,71.07
2025-11-14,9:37:49.558578478,T,KO,F I,50,71.08
2025-11-14,9:37:49.558578478,T,KO,F I,46,71.08
2025-11-14,9:37:49.558584119,T,KO,F,100,71.08
2025-11-14,9:37:49.741527934,T,KO,F I,9,71.09
2025-11-14,9:37:49.741530949,T,KO,F I,50,71.09
2025-11-14,9:37:50.472635202,T,KO,I,12,71.1
2025-11-14,9:37:59.012693451,T,KO,F I,47,71.05
2025-11-14,9:37:59.079515575,T,KO,,200,71.03
2025-11-14,9:38:00.025406515,T,KO,F I,10,71.04
2025-11-14,9:38:00.025406515,T,KO,F I,50,71.04
2025-11-14,9:38:00.025430611,T,KO,F I,50,71.04
2025-11-14,9:38:00.025460826,T,KO,F I,8,71.04
2025-11-14,9:38:01.042134166,T,KO,I,4,71.03
2025-11-14,9:38:01.042176334,T,KO,I,1,71.03
2025-11-14,9:38:03.141385897,T,KO,F I,50,71.02
2025-11-14,9:38:03.141388915,T,KO,F,122,71.02
2025-11-14,9:38:03.141397981,T,KO,F I,8,71.02
2025-11-14,9:38:03.141449031,T,KO,F I,50,71.02
2025-11-14,9:38:03.167512111,T,KO,I,20,71.02
2025-11-14,9:38:03.568511190,T,KO,I,3,71.01
2025-11-14,9:38:03.655953477,T,KO,F I,50,71.02
2025-11-14,9:38:03.655974491,T,KO,I,12,71.02
2025-11-14,9:38:03.807902340,T,KO,F I,16,71.02
2025-11-14,9:38:07.264735289,T,KO,F I,50,71.03
2025-11-14,9:38:07.264737764,T,KO,F,100,71.03
2025-11-14,9:38:07.264737764,T,KO,F I,3,71.03
2025-11-14,9:38:07.321206183,T,KO,F,100,71.04
2025-11-14,9:38:07.321206183,T,KO,F I,2,71.04
2025-11-14,9:38:07.321209271,T,KO,F I,44,71.04
2025-11-14,9:38:08.001134605,T,KO,,100,71.055
2025-11-14,9:38:08.852020208,T,KO,I,3,71.055
2025-11-14,9:38:09.306348672,T,KO,,200,71.055
2025-11-14,9:38:09.306348672,T,KO,I,25,71.07
2025-11-14,9:38:09.306355295,T,KO,I,80,71.07
2025-11-14,9:38:09.306355295,T,KO,I,44,71.07
2025-11-14,9:38:09.306355295,T,KO,I,64,71.07
2025-11-14,9:38:09.306363332,T,KO,I,1,71.07
2025-11-14,9:38:09.306373640,T,KO,F I,35,71.07
2025-11-14,9:38:09.306373640,T,KO,F,200,71.07
2025-11-14,9:38:09.306378424,T,KO,F I,11,71.07
2025-11-14,9:38:09.306441725,T,KO,,100,71.06
2025-11-14,9:38:09.306881213,T,KO,I,56,71.07
2025-11-14,9:38:09.306884705,T,KO,I,45,71.07
2025-11-14,9:38:09.306890995,T,KO,,100,71.07
2025-11-14,9:38:09.306890995,T,KO,,100,71.07
2025-11-14,9:38:09.306890995,T,KO,,100,71.07
2025-11-14,9:38:09.307003912,T,KO,I,45,71.07
2025-11-14,9:38:09.307007009,T,KO,I,55,71.07
2025-11-14,9:38:09.307018984,T,KO,I,45,71.07
2025-11-14,9:38:09.307022246,T,KO,I,50,71.06
2025-11-14,9:38:09.307022246,T,KO,,200,71.06
2025-11-14,9:38:09.307024925,T,KO,I,1,71.06
2025-11-14,9:38:09.308384318,T,KO,I,56,71.06
2025-11-14,9:38:09.308387171,T,KO,I,76,71.06
2025-11-14,9:38:09.308387171,T,KO,I,61,71.06
2025-11-14,9:38:09.315923948,T,KO,F,100,71.07
2025-11-14,9:38:09.315923948,T,KO,F I,45,71.07
2025-11-14,9:38:09.315926367,T,KO,F I,50,71.07
2025-11-14,9:38:09.315929130,T,KO,F I,56,71.07
2025-11-14,9:38:10.513117405,T,KO,F,100,71.08
2025-11-14,9:38:10.513120311,T,KO,F I,48,71.08
2025-11-14,9:38:10.513122575,T,KO,F I,16,71.08
2025-11-14,9:38:10.513122575,T,KO,F I,5,71.08
2025-11-14,9:38:10.513132012,T,KO,F I,70,71.08
2025-11-14,9:38:10.513132012,T,KO,I,9,71.08
2025-11-14,9:38:12.691489854,T,KO,F I,57,71.09
2025-11-14,9:38:16.181250550,T,KO,I,55,71.11
2025-11-14,9:38:16.181250550,T,KO,I,50,71.11
2025-11-14,9:38:22.394820595,T,KO,F,200,71.1
2025-11-14,9:38:25.980239089,T,KO,F I,7,71.15
2025-11-14,9:38:25.980242190,T,KO,F,100,71.15
2025-11-14,9:38:29.834552057,T,KO,F,100,71.19
2025-11-14,9:38:29.834681425,T,KO,,100,71.19
2025-11-14,9:38:29.834684618,T,KO,I,52,71.19
2025-11-14,9:38:29.834690424,T,KO,I,1,71.19
2025-11-14,9:38:30.425438544,T,KO,F I,52,71.18
2025-11-14,9:38:30.425438544,T,KO,F I,7,71.18
2025-11-14,9:38:30.425459437,T,KO,F I,7,71.18
2025-11-14,9:38:30.425474572,T,KO,I,1,71.18
2025-11-14,9:38:30.849400188,T,KO,F,100,71.19
2025-11-14,9:38:30.975725107,T,KO,F I,50,71.2
2025-11-14,9:38:30.975869707,T,KO,I,50,71.2
2025-11-14,9:38:30.976930906,T,KO,I,52,71.2
2025-11-14,9:38:30.976933907,T,KO,I,1,71.2
2025-11-14,9:38:30.976964060,T,KO,I,47,71.2
2025-11-14,9:38:30.977009078,T,KO,F I,52,71.2
2025-11-14,9:38:30.977505481,T,KO,I,52,71.19
2025-11-14,9:38:30.977505481,T,KO,,100,71.19
2025-11-14,9:38:30.977508308,T,KO,I,50,71.19
2025-11-14,9:38:33.469477501,T,KO,I,50,71.16
2025-11-14,9:38:33.469480740,T,KO,I,25,71.16
2025-11-14,9:38:33.469480740,T,KO,I,2,71.16
2025-11-14,9:38:33.469483584,T,KO,I,2,71.16
2025-11-14,9:38:33.469483584,T,KO,I,21,71.16
2025-11-14,9:38:34.021781963,T,KO,F I,52,71.16
2025-11-14,9:38:34.021781963,T,KO,F I,25,71.16
2025-11-14,9:38:35.368199740,T,KO,F I,50,71.16
2025-11-14,9:38:50.827648139,T,KO,I,3,71.14
2025-11-14,9:38:53.329890084,T,KO,F I,45,71.13
2025-11-14,9:38:53.329904945,T,KO,F I,3,71.13
2025-11-14,9:38:53.330636142,T,KO,I,48,71.13
2025-11-14,9:38:53.331742370,T,KO,F I,54,71.13
2025-11-14,9:38:53.331748237,T,KO,F,100,71.13
2025-11-14,9:38:53.331817460,T,KO,F I,14,71.13
2025-11-14,9:38:53.331817460,T,KO,F I,86,71.13
2025-11-14,9:38:53.332046609,T,KO,F,128,71.13
2025-11-14,9:38:53.332046609,T,KO,F I,5,71.13
2025-11-14,9:38:53.332049060,T,KO,F I,2,71.13
2025-11-14,9:38:53.332067055,T,KO,I,65,71.13
2025-11-14,9:38:53.332439957,T,KO,I,54,71.13
2025-11-14,9:38:53.332446008,T,KO,I,83,71.13
2025-11-14,9:38:54.118503444,T,KO,F I,8,71.13
2025-11-14,9:38:54.118506174,T,KO,F I,33,71.13
2025-11-14,9:38:55.642412685,T,KO,F I,50,71.15
2025-11-14,9:38:55.642427718,T,KO,I,50,71.15
2025-11-14,9:38:58.443981305,T,KO,I,48,71.15
2025-11-14,9:38:58.444248937,T,KO,I,80,71.15
2025-11-14,9:38:58.444649168,T,KO,I,20,71.15
2025-11-14,9:38:58.444652233,T,KO,I,26,71.15
2025-11-14,9:38:58.444697290,T,KO,I,28,71.15
2025-11-14,9:39:02.678586071,T,KO,F I,5,71.18
2025-11-14,9:39:02.678589061,T,KO,F I,28,71.18
2025-11-14,9:39:02.694662414,T,KO,F I,56,71.18
2025-11-14,9:39:02.694662414,T,KO,F I,54,71.18
2025-11-14,9:39:02.694665307,T,KO,F I,50,71.18
2025-11-14,9:39:02.694668326,T,KO,F,102,71.18
2025-11-14,9:39:02.694878768,T,KO,F I,50,71.18
2025-11-14,9:39:04.044745815,T,KO,I,56,71.18
2025-11-14,9:39:05.220441033,T,KO,F I,25,71.21
2025-11-14,9:39:05.220441033,T,KO,F I,28,71.21
2025-11-14,9:39:05.224164006,T,KO,F I,55,71.2
2025-11-14,9:39:05.224164006,T,KO,F I,50,71.2
2025-11-14,9:39:05.224169928,T,KO,F I,62,71.2
2025-11-14,9:39:05.224169928,T,KO,F I,25,71.2
2025-11-14,9:39:05.274290318,T,KO,I,11,71.19
2025-11-14,9:39:07.897182327,T,KO,,100,71.18
2025-11-14,9:39:10.259840565,T,KO,I,1,71.17
2025-11-14,9:39:10.259843513,T,KO,I,50,71.17
2025-11-14,9:39:11.818284299,T,KO,F,182,71.17
2025-11-14,9:39:11.818287282,T,KO,F I,55,71.17
2025-11-14,9:39:13.628647118,T,KO,F,543,71.19
2025-11-14,9:39:13.628665230,T,KO,F,393,71.19
2025-11-14,9:39:16.913376571,T,KO,F,100,71.19
2025-11-14,9:39:16.914525252,T,KO,F,100,71.18
2025-11-14,9:39:16.914567622,T,KO,F I,45,71.18
2025-11-14,9:39:16.914567622,T,KO,F I,2,71.18
2025-11-14,9:39:17.864343505,T,KO,F,100,71.165
2025-11-14,9:39:21.752856978,T,KO,I,12,71.19
2025-11-14,9:39:21.752893206,T,KO,I,1,71.19
2025-11-14,9:39:22.321890225,T,KO,F I,87,71.19
2025-11-14,9:39:25.924049645,T,KO,F I,1,71.245
2025-11-14,9:39:25.924118761,T,KO,I,51,71.245
2025-11-14,9:39:26.275553802,T,KO,I,1,71.25
2025-11-14,9:39:26.275553802,T,KO,I,50,71.25
2025-11-14,9:39:27.063270885,T,KO,,100,71.235
2025-11-14,9:39:27.063273919,T,KO,I,25,71.23
2025-11-14,9:39:27.073275806,T,KO,F I,25,71.24
2025-11-14,9:39:36.212099013,T,KO,F I,5,71.28
2025-11-14,9:39:39.039270610,T,KO,F I,2,71.29
2025-11-14,9:39:39.040079496,T,KO,I,50,71.28
2025-11-14,9:39:39.040082496,T,KO,,100,71.28
2025-11-14,9:39:39.046307385,T,KO,F I,5,71.28
2025-11-14,9:39:44.169426366,T,KO,F I,79,71.23
2025-11-14,9:39:46.988358207,T,KO,,159,71.23
2025-11-14,9:39:46.988899487,T,KO,I,41,71.23
2025-11-14,9:39:52.319473563,T,KO,I,50,71.23
2025-11-14,9:39:53.768459608,T,KO,F I,51,71.24
2025-11-14,9:39:53.797668476,T,KO,I,13,71.25
2025-11-14,9:39:54.646788651,T,KO,F,100,71.25
2025-11-14,9:39:58.908815684,T,KO,I,3,71.25
2025-11-14,9:40:00.029344493,T,KO,I,5,71.26
2025-11-14,9:40:00.029350534,T,KO,F I,6,71.26
2025-11-14,9:40:02.034433157,T,KO,F I,1,71.25
2025-11-14,9:40:05.903755164,T,KO,F I,2,71.23
2025-11-14,9:40:05.903760829,T,KO,F,100,71.23
2025-11-14,9:40:05.907165013,T,KO,I,53,71.22
2025-11-14,9:40:05.936376561,T,KO,F,100,71.21
2025-11-14,9:40:05.936409629,T,KO,F I,6,71.21
2025-11-14,9:40:05.936415700,T,KO,F I,2,71.21
2025-11-14,9:40:05.936425205,T,KO,F,124,71.21
2025-11-14,9:40:05.936448932,T,KO,F,336,71.21
2025-11-14,9:40:05.936496803,T,KO,,100,71.21
2025-11-14,9:40:05.936620570,T,KO,F I,58,71.21
2025-11-14,9:40:05.936623366,T,KO,F,100,71.21
2025-11-14,9:40:05.936626197,T,KO,F I,1,71.21
2025-11-14,9:40:05.936626197,T,KO,F,100,71.21
2025-11-14,9:40:05.936665209,T,KO,I,33,71.21
2025-11-14,9:40:05.936933056,T,KO,I,58,71.22
2025-11-14,9:40:05.936933056,T,KO,I,5,71.22
2025-11-14,9:40:05.936935995,T,KO,,124,71.22
2025-11-14,9:40:05.939488914,T,KO,I,73,71.22
2025-11-14,9:40:07.014528329,T,KO,F I,9,71.22
2025-11-14,9:40:07.509871077,T,KO,I,1,71.22
2025-11-14,9:40:07.509871077,T,KO,I,10,71.22
2025-11-14,9:40:09.006647598,T,KO,F,200,71.2
2025-11-14,9:40:10.040855251,T,KO,I,32,71.185
2025-11-14,9:40:10.093658458,T,KO,I,1,71.19
2025-11-14,9:40:10.093658458,T,KO,I,1,71.19
2025-11-14,9:40:14.411579276,T,KO,I,5,71.17
2025-11-14,9:40:14.411579276,T,KO,I,1,71.17
2025-11-14,9:40:15.037414707,T,KO,I,5,71.18
2025-11-14,9:40:15.037435850,T,KO,F I,95,71.18
2025-11-14,9:40:15.037435850,T,KO,F I,50,71.18
2025-11-14,9:40:15.830451533,T,KO,F,100,71.185
2025-11-14,9:40:15.830457477,T,KO,F,109,71.19
2025-11-14,9:40:15.830583816,T,KO,F I,42,71.19
2025-11-14,9:40:15.830583816,T,KO,F I,33,71.19
2025-11-14,9:40:15.830586852,T,KO,F I,25,71.19
2025-11-14,9:40:18.044346018,T,KO,F I,50,71.18
2025-11-14,9:40:18.796087959,T,KO,F,100,71.18
2025-11-14,9:40:20.589448276,T,KO,I,1,71.17
2025-11-14,9:40:20.667547246,T,KO,F,100,71.16
2025-11-14,9:40:20.667550268,T,KO,F,100,71.16
2025-11-14,9:40:22.513304763,T,KO,F I,1,71.16
2025-11-14,9:40:22.513307404,T,KO,F I,50,71.16
2025-11-14,9:40:23.556028854,T,KO,F I,50,71.18
2025-11-14,9:40:23.666352630,T,KO,F I,60,71.17
2025-11-14,9:40:23.666356271,T,KO,F I,25,71.17
2025-11-14,9:40:23.666359155,T,KO,F I,12,71.17
2025-11-14,9:40:23.666362913,T,KO,F I,50,71.17
2025-11-14,9:40:23.666364755,T,KO,F I,74,71.17
2025-11-14,9:40:23.666367641,T,KO,F I,2,71.17
2025-11-14,9:40:24.060131544,T,KO,I,2,71.165
2025-11-14,9:40:25.421714475,T,KO,F I,50,71.16
2025-11-14,9:40:25.421714475,T,KO,F I,60,71.16
2025-11-14,9:40:26.917037868,T,KO,F,100,71.17
2025-11-14,9:40:26.917053129,T,KO,F,293,71.17
2025-11-14,9:40:27.263760741,T,KO,F,780,71.19
2025-11-14,9:40:27.483791777,T,KO,I,2,71.2
2025-11-14,9:40:27.483824860,T,KO,I,5,71.2
2025-11-14,9:40:27.484236857,T,KO,I,60,71.2
2025-11-14,9:40:27.484239826,T,KO,,100,71.2
2025-11-14,9:40:27.484242888,T,KO,I,40,71.2
2025-11-14,9:40:27.484261460,T,KO,I,1,71.205
2025-11-14,9:40:27.484312254,T,KO,F I,99,71.205
2025-11-14,9:40:27.484312254,T,KO,F I,60,71.2
2025-11-14,9:40:27.484315316,T,KO,F I,1,71.2
2025-11-14,9:40:27.484324054,T,KO,F I,99,71.2
2025-11-14,9:40:27.484892390,T,KO,I,32,71.2
2025-11-14,9:40:28.267428192,T,KO,F I,28,71.2
2025-11-14,9:40:28.267470329,T,KO,F I,59,71.2
2025-11-14,9:40:28.267479618,T,KO,F,100,71.2
2025-11-14,9:40:28.267479618,T,KO,F I,1,71.2
2025-11-14,9:40:36.422308059,T,KO,F I,59,71.18
2025-11-14,9:40:36.422308059,T,KO,F I,10,71.18
2025-11-14,9:40:47.065097367,T,KO,F I,2,71.15
2025-11-14,9:40:48.220193414,T,KO,,100,71.14
2025-11-14,9:40:52.194341937,T,KO,F,460,71.13
2025-11-14,9:40:52.194344891,T,KO,F I,1,71.13
2025-11-14,9:40:55.205512716,T,KO,F,517,71.15
2025-11-14,9:40:55.205573261,T,KO,I,49,71.16
2025-11-14,9:40:55.205576413,T,KO,,100,71.16
2025-11-14,9:40:55.205578981,T,KO,I,25,71.16
2025-11-14,9:40:55.214636479,T,KO,I,70,71.15
2025-11-14,9:40:55.214636479,T,KO,I,5,71.15
2025-11-14,9:40:55.214663534,T,KO,F I,95,71.15
2025-11-14,9:40:55.684295352,T,KO,I,75,71.15
2025-11-14,9:40:55.684298161,T,KO,I,8,71.15
2025-11-14,9:40:55.684301114,T,KO,I,5,71.15
2025-11-14,9:40:55.684316388,T,KO,I,1,71.15
2025-11-14,9:40:55.684319111,T,KO,,100,71.15
2025-11-14,9:40:55.684394267,T,KO,F I,13,71.15
2025-11-14,9:40:55.684403881,T,KO,F I,87,71.15
2025-11-14,9:40:55.684406711,T,KO,F I,70,71.15
2025-11-14,9:40:55.684409324,T,KO,F I,2,71.15
2025-11-14,9:40:55.685044466,T,KO,I,70,71.15
2025-11-14,9:40:55.685050192,T,KO,I,2,71.15
2025-11-14,9:40:55.685050192,T,KO,I,82,71.15
2025-11-14,9:40:55.685053400,T,KO,I,8,71.15
2025-11-14,9:40:55.685056065,T,KO,I,6,71.15
2025-11-14,9:40:55.687037999,T,KO,F I,6,71.16
2025-11-14,9:40:55.687041285,T,KO,F I,50,71.16
2025-11-14,9:40:55.687043593,T,KO,F I,10,71.16
2025-11-14,9:40:59.993181649,T,KO,F,200,71.14
2025-11-14,9:41:00.660872145,T,KO,F,100,71.14
2025-11-14,9:41:00.660875364,T,KO,F,200,71.14
2025-11-14,9:41:04.991856280,T,KO,I,20,71.145
2025-11-14,9:41:06.284199276,T,KO,F I,10,71.155
2025-11-14,9:41:07.604457844,T,KO,,153,71.17
2025-11-14,9:41:08.567781180,T,KO,F I,15,71.19
2025-11-14,9:41:08.636064813,T,KO,F I,49,71.2
2025-11-14,9:41:08.636074107,T,KO,,100,71.19
2025-11-14,9:41:08.636077196,T,KO,I,50,71.19
2025-11-14,9:41:08.636080770,T,KO,I,25,71.19
2025-11-14,9:41:08.636080770,T,KO,I,50,71.19
2025-11-14,9:41:08.636086859,T,KO,,200,71.19
2025-11-14,9:41:08.636086859,T,KO,F I,49,71.2
2025-11-14,9:41:08.636091894,T,KO,I,22,71.2
2025-11-14,9:41:08.636100866,T,KO,I,1,71.2
2025-11-14,9:41:08.636155579,T,KO,F I,67,71.2
2025-11-14,9:41:08.636176055,T,KO,F I,50,71.19
2025-11-14,9:41:08.636275244,T,KO,F I,5,71.19
2025-11-14,9:41:08.636461767,T,KO,I,11,71.19
2025-11-14,9:41:08.636561002,T,KO,F I,50,71.19
2025-11-14,9:41:08.636846626,T,KO,F I,28,71.19
2025-11-14,9:41:08.637576549,T,KO,F,100,71.19
2025-11-14,9:41:08.637576549,T,KO,F,100,71.19
2025-11-14,9:41:08.637576549,T,KO,F I,68,71.19
2025-11-14,9:41:08.637581123,T,KO,F I,71,71.19
2025-11-14,9:41:08.637581123,T,KO,F I,84,71.19
2025-11-14,9:41:08.637581123,T,KO,F I,68,71.19
2025-11-14,9:41:08.637583392,T,KO,F I,69,71.19
2025-11-14,9:41:08.637583392,T,KO,F I,13,71.19
2025-11-14,9:41:08.646656014,T,KO,F I,68,71.19
2025-11-14,9:41:08.646659493,T,KO,F I,33,71.19
2025-11-14,9:41:08.646662838,T,KO,F I,67,71.19
2025-11-14,9:41:08.646662838,T,KO,F I,50,71.19
2025-11-14,9:41:08.646666209,T,KO,F I,68,71.19
2025-11-14,9:41:08.753476608,T,KO,F,100,71.19
2025-11-14,9:41:08.753476608,T,KO,F I,2,71.19
2025-11-14,9:41:08.753479970,T,KO,F I,68,71.19
2025-11-14,9:41:08.753482713,T,KO,F I,33,71.19
2025-11-14,9:41:08.753482713,T,KO,F I,52,71.19
2025-11-14,9:41:08.753560631,T,KO,I,15,71.19
2025-11-14,9:41:08.816440356,T,KO,I,8,71.19
2025-11-14,9:41:08.816440356,T,KO,I,2,71.19
2025-11-14,9:41:08.816443357,T,KO,I,68,71.19
2025-11-14,9:41:08.816443357,T,KO,I,50,71.19
2025-11-14,9:41:08.817620181,T,KO,,100,71.18
2025-11-14,9:41:08.817620181,T,KO,I,68,71.18
2025-11-14,9:41:08.817622484,T,KO,I,50,71.18
2025-11-14,9:41:08.951281535,T,KO,F I,2,71.175
2025-11-14,9:41:08.951296553,T,KO,F I,2,71.175
2025-11-14,9:41:08.972379813,T,KO,F I,2,71.17
2025-11-14,9:41:08.972391780,T,KO,F I,2,71.17
2025-11-14,9:41:08.972400841,T,KO,F I,2,71.17
2025-11-14,9:41:08.972433878,T,KO,F I,2,71.17
2025-11-14,9:41:08.972487986,T,KO,I,68,71.17
2025-11-14,9:41:08.972487986,T,KO,F I,68,71.17
2025-11-14,9:41:08.972506243,T,KO,F I,32,71.17
2025-11-14,9:41:08.972506243,T,KO,F I,85,71.17
2025-11-14,9:41:08.972554897,T,KO,I,1,71.18
2025-11-14,9:41:08.973420303,T,KO,I,67,71.18
2025-11-14,9:41:08.973423356,T,KO,I,67,71.18
2025-11-14,9:41:08.973423356,T,KO,I,15,71.18
2025-11-14,9:41:09.567797873,T,KO,F I,2,71.19
2025-11-14,9:41:09.567855334,T,KO,I,67,71.19
2025-11-14,9:41:09.567855334,T,KO,I,67,71.19
2025-11-14,9:41:09.567858080,T,KO,I,2,71.19
2025-11-14,9:41:10.125930230,T,KO,,100,71.18
2025-11-14,9:41:10.125933290,T,KO,,106,71.18
2025-11-14,9:41:10.136314009,T,KO,I,67,71.18
2025-11-14,9:41:10.136314009,T,KO,I,1,71.18
2025-11-14,9:41:13.664719735,T,KO,I,50,71.2
2025-11-14,9:41:13.665291167,T,KO,F,100,71.19
2025-11-14,9:41:13.665297041,T,KO,F I,50,71.19
2025-11-14,9:41:13.665297041,T,KO,F I,50,71.19
2025-11-14,9:41:13.665297041,T,KO,F I,50,71.19
2025-11-14,9:41:18.109985522,T,KO,F I,5,71.19
2025-11-14,9:41:18.112297711,T,KO,F I,8,71.2
2025-11-14,9:41:18.410981098,T,KO,I,10,71.2
2025-11-14,9:41:24.350863282,T,KO,,190,71.2
2025-11-14,9:41:25.234514993,T,KO,,100,71.195
2025-11-14,9:41:25.237347683,T,KO,F I,2,71.19
2025-11-14,9:41:25.237347683,T,KO,F,300,71.19
2025-11-14,9:41:25.729731389,T,KO,F I,1,71.19
2025-11-14,9:41:26.299125542,T,KO,,100,71.19
2025-11-14,9:41:26.375426357,T,KO,,140,71.19
2025-11-14,9:41:31.423420388,T,KO,F,100,71.17
2025-11-14,9:41:31.449032284,T,KO,,100,71.165
2025-11-14,9:41:31.459286714,T,KO,F,100,71.17
2025-11-14,9:41:31.515571804,T,KO,F,200,71.165
2025-11-14,9:41:31.637533306,T,KO,,100,71.165
2025-11-14,9:41:31.637566408,T,KO,,100,71.165
2025-11-14,9:41:33.359705069,T,KO,F I,7,71.15
2025-11-14,9:41:33.360526281,T,KO,F I,25,71.14
2025-11-14,9:41:33.360526281,T,KO,F,175,71.14
2025-11-14,9:41:35.320203477,T,KO,I,10,71.12
2025-11-14,9:41:36.805122163,T,KO,I,6,71.11
2025-11-14,9:41:41.234479833,T,KO,F I,50,71.11
2025-11-14,9:41:44.550612999,T,KO,I,50,71.12
2025-11-14,9:41:44.551112946,T,KO,I,55,71.12
2025-11-14,9:41:44.551112946,T,KO,I,95,71.12
2025-11-14,9:41:44.551142228,T,KO,F I,5,71.12
2025-11-14,9:41:44.960221533,T,KO,I,2,71.11
2025-11-14,9:41:45.396515688,T,KO,F,100,71.1
2025-11-14,9:41:47.440402738,T,KO,F I,15,71.08
2025-11-14,9:41:47.640132429,T,KO,I,9,71.07
2025-11-14,9:41:47.640754909,T,KO,I,23,71.06
2025-11-14,9:41:47.640797004,T,KO,I,1,71.06
2025-11-14,9:41:49.744592900,T,KO,F I,55,71.06
2025-11-14,9:41:49.816025358,T,KO,,100,71.06
2025-11-14,9:41:49.816025358,T,KO,I,2,71.06
2025-11-14,9:41:49.816027821,T,KO,,100,71.06
2025-11-14,9:41:49.816527859,T,KO,,100,71.05
2025-11-14,9:41:49.816527859,T,KO,I,9,71.05
2025-11-14,9:41:49.816527859,T,KO,I,91,71.05
2025-11-14,9:41:49.816542053,T,KO,,109,71.05
2025-11-14,9:41:49.816548071,T,KO,,100,71.05
2025-11-14,9:41:49.816581184,T,KO,I,56,71.05
2025-11-14,9:41:49.816581184,T,KO,I,8,71.05
2025-11-14,9:41:49.816680598,T,KO,,100,71.05
2025-11-14,9:41:49.816680598,T,KO,I,6,71.05
2025-11-14,9:41:49.816683413,T,KO,I,56,71.05
2025-11-14,9:41:49.816686449,T,KO,,127,71.05
2025-11-14,9:41:49.817050908,T,KO,I,56,71.05
2025-11-14,9:41:49.817050908,T,KO,,100,71.05
2025-11-14,9:41:49.896758071,T,KO,F I,56,71.06
