DATE,TIME_M,EX,SYM_ROOT,TR_SCOND,SIZE,PRICE
2025-10-20,9:30:00.166221991,T,KO,FTI,4,68.37
2025-10-20,9:30:00.805731264,T,KO,TI,1,68.35
2025-10-20,9:30:01.502349570,T,KO,I,50,68.445
2025-10-20,9:30:01.502385565,T,KO,,100,68.46
2025-10-20,9:30:01.502388544,T,KO,,150,68.46
2025-10-20,9:30:01.502394608,T,KO,Q,50,68.445
2025-10-20,9:30:01.502436656,T,KO,I,1,68.46
2025-10-20,9:30:01.502457792,T,KO,I,49,68.46
2025-10-20,9:30:01.502481776,T,KO,,200,68.46
2025-10-20,9:30:01.509308780,T,KO,F I,5,68.45
2025-10-20,9:30:01.509311119,T,KO,F I,1,68.45
2025-10-20,9:30:01.542937118,T,KO,,889,68.45
2025-10-20,9:30:01.543018328,T,KO,F,200,68.44
2025-10-20,9:30:03.139776446,T,KO,F I,41,68.44
2025-10-20,9:30:03.139785852,T,KO,F,100,68.44
2025-10-20,9:30:03.139791848,T,KO,F,100,68.44
2025-10-20,9:30:03.139794792,T,KO,I,99,68.44
2025-10-20,9:30:03.139822250,T,KO,I,1,68.44
2025-10-20,9:30:03.139822250,T,KO,,100,68.44
2025-10-20,9:30:03.569755428,T,KO,F,200,68.43
2025-10-20,9:30:03.569764493,T,KO,F,176,68.43
2025-10-20,9:30:03.630205485,T,KO,I,1,68.435
2025-10-20,9:30:03.630205485,T,KO,I,59,68.435
2025-10-20,9:30:03.753766646,T,KO,I,1,68.435
2025-10-20,9:30:03.799989805,T,KO,I,1,68.435
2025-10-20,9:30:03.929694653,T,KO,I,14,68.435
2025-10-20,9:30:03.929697746,T,KO,I,4,68.435
2025-10-20,9:30:04.147280946,T,KO,I,19,68.45
2025-10-20,9:30:04.148995025,T,KO,I,5,68.44
2025-10-20,9:30:04.275455249,T,KO,I,6,68.44
2025-10-20,9:30:05.415341136,T,KO,F I,24,68.43
2025-10-20,9:30:05.415365284,T,KO,,225,68.43
2025-10-20,9:30:06.131848738,T,KO,I,45,68.44
2025-10-20,9:30:06.133635053,T,KO,F I,5,68.43
2025-10-20,9:30:06.312344954,T,KO,I,2,68.42
2025-10-20,9:30:06.312344954,T,KO,I,1,68.42
2025-10-20,9:30:06.312350655,T,KO,I,17,68.42
2025-10-20,9:30:06.312353652,T,KO,,200,68.42
2025-10-20,9:30:06.341210360,T,KO,I,5,68.41
2025-10-20,9:30:06.341210360,T,KO,I,50,68.41
2025-10-20,9:30:06.560991935,T,KO,F I,4,68.4
2025-10-20,9:30:06.560991935,T,KO,F I,50,68.4
2025-10-20,9:30:06.588777939,T,KO,I,5,68.405
2025-10-20,9:30:06.598485092,T,KO,,100,68.405
2025-10-20,9:30:06.683738166,T,KO,I,1,68.41
2025-10-20,9:30:06.691484618,T,KO,I,4,68.41
2025-10-20,9:30:08.859252904,T,KO,F I,1,68.4
2025-10-20,9:30:08.859252904,T,KO,F I,50,68.4
2025-10-20,9:30:08.859257625,T,KO,F,200,68.4
2025-10-20,9:30:08.859257625,T,KO,F I,49,68.4
2025-10-20,9:30:08.859269692,T,KO,I,1,68.4
2025-10-20,9:30:08.859338838,T,KO,F I,50,68.4
2025-10-20,9:30:09.109176836,T,KO,F I,8,68.39
2025-10-20,9:30:09.109585858,T,KO,,250,68.395
2025-10-20,9:30:09.610606157,T,KO,,100,68.385
2025-10-20,9:30:10.007226784,T,KO,,100,68.385
2025-10-20,9:30:11.253984282,T,KO,F I,1,68.37
2025-10-20,9:30:11.253993202,T,KO,F I,83,68.37
2025-10-20,9:30:11.253996213,T,KO,F I,16,68.37
2025-10-20,9:30:11.253999681,T,KO,F I,50,68.37
2025-10-20,9:30:11.254002613,T,KO,F,200,68.37
2025-10-20,9:30:11.254002613,T,KO,F I,1,68.37
2025-10-20,9:30:11.254002613,T,KO,F I,83,68.37
2025-10-20,9:30:11.254008338,T,KO,F I,17,68.37
2025-10-20,9:30:11.254366156,T,KO,,100,68.38
2025-10-20,9:30:11.254384472,T,KO,I,1,68.38
2025-10-20,9:30:11.254459363,T,KO,I,1,68.38
2025-10-20,9:30:11.254528524,T,KO,F,100,68.38
2025-10-20,9:30:11.254576693,T,KO,F,100,68.38
2025-10-20,9:30:11.254576693,T,KO,F,100,68.38
2025-10-20,9:30:11.254579632,T,KO,F,100,68.38
2025-10-20,9:30:11.254591707,T,KO,F I,50,68.38
2025-10-20,9:30:11.254601172,T,KO,F I,50,68.38
2025-10-20,9:30:11.254603710,T,KO,F I,50,68.38
2025-10-20,9:30:11.254663910,T,KO,,200,68.39
2025-10-20,9:30:11.254663910,T,KO,,100,68.39
2025-10-20,9:30:11.254666903,T,KO,,100,68.39
2025-10-20,9:30:11.255139026,T,KO,F,102,68.39
2025-10-20,9:30:11.255229201,T,KO,F,200,68.4
2025-10-20,9:30:11.255505907,T,KO,F,200,68.41
2025-10-20,9:30:11.255505907,T,KO,F,100,68.41
2025-10-20,9:30:11.255508884,T,KO,F,100,68.41
2025-10-20,9:30:11.255554024,T,KO,F,100,68.41
2025-10-20,9:30:11.255848677,T,KO,,200,68.42
2025-10-20,9:30:11.256020233,T,KO,F,100,68.42
2025-10-20,9:30:11.256480145,T,KO,I,75,68.42
2025-10-20,9:30:11.256483198,T,KO,,200,68.42
2025-10-20,9:30:11.256525317,T,KO,F,100,68.42
2025-10-20,9:30:11.256769057,T,KO,F,200,68.43
2025-10-20,9:30:11.256769057,T,KO,F I,50,68.43
2025-10-20,9:30:11.256892111,T,KO,,200,68.42
2025-10-20,9:30:11.256892111,T,KO,I,50,68.42
2025-10-20,9:30:11.256913239,T,KO,F,250,68.42
2025-10-20,9:30:11.257033465,T,KO,,200,68.43
2025-10-20,9:30:11.257286120,T,KO,F I,50,68.43
2025-10-20,9:30:11.257286120,T,KO,F I,63,68.43
2025-10-20,9:30:11.257289073,T,KO,F,137,68.43
2025-10-20,9:30:11.257478545,T,KO,F I,5,68.44
2025-10-20,9:30:11.257481542,T,KO,F,195,68.44
2025-10-20,9:30:11.257505899,T,KO,F I,5,68.44
2025-10-20,9:30:11.257505899,T,KO,F I,25,68.44
2025-10-20,9:30:11.258137071,T,KO,,200,68.43
2025-10-20,9:30:11.562889017,T,KO,,100,68.415
2025-10-20,9:30:11.665773158,T,KO,F I,50,68.4
2025-10-20,9:30:11.665773158,T,KO,F,150,68.4
2025-10-20,9:30:11.665794242,T,KO,I,1,68.4
2025-10-20,9:30:12.116700153,T,KO,F,200,68.39
2025-10-20,9:30:12.117902934,T,KO,F I,1,68.39
2025-10-20,9:30:12.117905990,T,KO,F I,2,68.39
2025-10-20,9:30:12.143794671,T,KO,I,16,68.4
2025-10-20,9:30:12.143794671,T,KO,I,82,68.4
2025-10-20,9:30:12.143812649,T,KO,F I,16,68.4
2025-10-20,9:30:12.144263731,T,KO,F I,1,68.4
2025-10-20,9:30:12.787059827,T,KO,,200,68.415
2025-10-20,9:30:12.787062821,T,KO,,100,68.415
2025-10-20,9:30:14.228666250,T,KO,,200,68.415
2025-10-20,9:30:14.616843263,T,KO,I,32,68.44
2025-10-20,9:30:14.616843263,T,KO,I,68,68.44
2025-10-20,9:30:14.616860865,T,KO,I,32,68.44
2025-10-20,9:30:14.653954720,T,KO,,200,68.43
2025-10-20,9:30:14.653954720,T,KO,,100,68.43
2025-10-20,9:30:14.653957208,T,KO,I,50,68.43
2025-10-20,9:30:15.325549925,T,KO,F,100,68.42
2025-10-20,9:30:16.964119388,T,KO,F,100,68.42
2025-10-20,9:30:16.964122431,T,KO,F,100,68.42
2025-10-20,9:30:23.348499430,T,KO,F,100,68.4
2025-10-20,9:30:23.349034939,T,KO,,100,68.405
2025-10-20,9:30:23.349038629,T,KO,I,50,68.41
2025-10-20,9:30:23.349038629,T,KO,,300,68.41
2025-10-20,9:30:23.362768410,T,KO,I,60,68.39
2025-10-20,9:30:23.362796378,T,KO,F I,40,68.39
2025-10-20,9:30:23.362796378,T,KO,F I,50,68.39
2025-10-20,9:30:23.362801480,T,KO,F,200,68.39
2025-10-20,9:30:23.363487094,T,KO,F,100,68.38
2025-10-20,9:30:23.376372956,T,KO,,127,68.39
2025-10-20,9:30:23.376372956,T,KO,I,50,68.39
2025-10-20,9:30:23.376372956,T,KO,,200,68.39
2025-10-20,9:30:23.483629268,T,KO,,200,68.38
2025-10-20,9:30:23.483632707,T,KO,I,50,68.38
2025-10-20,9:30:23.483689430,T,KO,,100,68.39
2025-10-20,9:30:23.483710475,T,KO,I,1,68.39
2025-10-20,9:30:23.483752518,T,KO,,100,68.38
2025-10-20,9:30:23.483878792,T,KO,F I,98,68.38
2025-10-20,9:30:23.483990153,T,KO,F I,2,68.38
2025-10-20,9:30:23.871023958,T,KO,I,90,68.385
2025-10-20,9:30:28.651783524,T,KO,F I,78,68.36
2025-10-20,9:30:28.651801581,T,KO,F I,22,68.36
2025-10-20,9:30:28.651816661,T,KO,F I,22,68.36
2025-10-20,9:30:29.437681659,T,KO,F I,12,68.39
2025-10-20,9:30:29.437717495,T,KO,I,38,68.39
2025-10-20,9:30:29.438327949,T,KO,F I,57,68.39
2025-10-20,9:30:29.438352204,T,KO,F,100,68.39
2025-10-20,9:30:29.438355110,T,KO,F,100,68.39
2025-10-20,9:30:29.438358052,T,KO,F,100,68.39
2025-10-20,9:30:29.438369991,T,KO,F,100,68.39
2025-10-20,9:30:29.438373025,T,KO,I,1,68.39
2025-10-20,9:30:29.438379211,T,KO,F,196,68.39
2025-10-20,9:30:29.438382027,T,KO,F,103,68.39
2025-10-20,9:30:31.827933365,T,KO,I,50,68.37
2025-10-20,9:30:31.827990595,T,KO,,100,68.37
2025-10-20,9:30:31.827990595,T,KO,I,85,68.38
2025-10-20,9:30:31.828958931,T,KO,,100,68.37
2025-10-20,9:30:31.828962156,T,KO,I,85,68.37
2025-10-20,9:30:31.828965121,T,KO,,100,68.37
2025-10-20,9:30:31.828968337,T,KO,I,50,68.36
2025-10-20,9:30:31.828968337,T,KO,,200,68.36
2025-10-20,9:30:31.829031042,T,KO,F I,40,68.37
2025-10-20,9:30:31.829271754,T,KO,F I,60,68.37
2025-10-20,9:30:31.829593376,T,KO,I,17,68.37
2025-10-20,9:30:31.829617381,T,KO,I,83,68.37
2025-10-20,9:30:31.829617381,T,KO,I,40,68.37
2025-10-20,9:30:31.829620488,T,KO,I,25,68.37
2025-10-20,9:30:31.829635452,T,KO,I,35,68.37
2025-10-20,9:30:31.830020328,T,KO,,100,68.36
2025-10-20,9:30:31.830023546,T,KO,,200,68.36
2025-10-20,9:30:31.830026490,T,KO,I,6,68.36
2025-10-20,9:30:31.830074516,T,KO,F I,6,68.37
2025-10-20,9:30:31.846418472,T,KO,,126,68.37
2025-10-20,9:30:31.846439530,T,KO,I,1,68.37
2025-10-20,9:30:32.159085614,T,KO,,100,68.37
2025-10-20,9:30:32.159088946,T,KO,I,6,68.36
2025-10-20,9:30:32.159088946,T,KO,,196,68.36
2025-10-20,9:30:32.159100206,T,KO,I,1,68.36
2025-10-20,9:30:32.159205363,T,KO,I,79,68.37
2025-10-20,9:30:32.159376831,T,KO,I,97,68.38
2025-10-20,9:30:32.159376831,T,KO,I,3,68.38
2025-10-20,9:30:32.159379841,T,KO,,200,68.38
2025-10-20,9:30:32.159389321,T,KO,F,100,68.37
2025-10-20,9:30:32.304773078,T,KO,I,66,68.37
2025-10-20,9:30:32.304782076,T,KO,I,31,68.37
2025-10-20,9:30:32.304785084,T,KO,I,3,68.37
2025-10-20,9:30:32.304788119,T,KO,,100,68.37
2025-10-20,9:30:32.304788119,T,KO,,100,68.37
2025-10-20,9:30:33.591417500,T,KO,,200,68.37
2025-10-20,9:30:37.109944860,T,KO,,100,68.36
2025-10-20,9:30:37.109944860,T,KO,,100,68.37
2025-10-20,9:30:37.117032718,T,KO,,100,68.36
2025-10-20,9:30:37.960310435,T,KO,I,4,68.35
2025-10-20,9:30:37.960719251,T,KO,I,50,68.35
2025-10-20,9:30:37.960722402,T,KO,F I,50,68.35
2025-10-20,9:30:37.960725245,T,KO,F I,50,68.35
2025-10-20,9:30:37.960737310,T,KO,I,50,68.35
2025-10-20,9:30:37.961329972,T,KO,I,5,68.34
2025-10-20,9:30:37.961329972,T,KO,I,50,68.34
2025-10-20,9:30:37.961332625,T,KO,,200,68.34
2025-10-20,9:30:37.961368808,T,KO,,100,68.35
2025-10-20,9:30:37.961389787,T,KO,I,1,68.35
2025-10-20,9:30:37.961405940,T,KO,I,99,68.35
2025-10-20,9:30:37.961444113,T,KO,I,1,68.35
2025-10-20,9:30:37.961444113,T,KO,I,16,68.35
2025-10-20,9:30:37.961474279,T,KO,F I,50,68.35
2025-10-20,9:30:37.961502154,T,KO,F I,49,68.35
2025-10-20,9:30:37.961510636,T,KO,F I,8,68.35
2025-10-20,9:30:37.961786800,T,KO,F,100,68.34
2025-10-20,9:30:37.961789771,T,KO,F,155,68.34
2025-10-20,9:30:37.962346126,T,KO,I,45,68.34
2025-10-20,9:30:37.962346126,T,KO,,100,68.34
2025-10-20,9:30:37.962349386,T,KO,I,50,68.34
2025-10-20,9:30:37.962352125,T,KO,,100,68.34
2025-10-20,9:30:37.962352125,T,KO,,100,68.34
2025-10-20,9:30:39.265033723,T,KO,F I,50,68.34
2025-10-20,9:30:39.265175074,T,KO,I,50,68.34
2025-10-20,9:30:39.265187112,T,KO,F I,50,68.33
2025-10-20,9:30:39.265232221,T,KO,,100,68.34
2025-10-20,9:30:39.265254323,T,KO,I,14,68.34
2025-10-20,9:30:39.266531258,T,KO,,100,68.34
2025-10-20,9:30:40.462154980,T,KO,F,100,68.33
2025-10-20,9:30:40.462158232,T,KO,F I,14,68.33
2025-10-20,9:30:40.462158232,T,KO,F I,50,68.33
2025-10-20,9:30:40.462166992,T,KO,,100,68.33
2025-10-20,9:30:46.915675649,T,KO,,200,68.36
2025-10-20,9:30:47.745105801,T,KO,,100,68.355
2025-10-20,9:30:47.745108060,T,KO,,300,68.37
2025-10-20,9:30:47.745126117,T,KO,I,1,68.37
2025-10-20,9:30:47.745144219,T,KO,I,99,68.37
2025-10-20,9:30:47.745989255,T,KO,I,17,68.38
2025-10-20,9:30:47.762907556,T,KO,I,39,68.36
2025-10-20,9:30:47.990925558,T,KO,I,1,68.37
2025-10-20,9:30:47.990964772,T,KO,I,82,68.37
2025-10-20,9:30:47.990964772,T,KO,,100,68.37
2025-10-20,9:30:47.991821757,T,KO,F,100,68.37
2025-10-20,9:30:48.024563722,T,KO,,100,68.365
2025-10-20,9:30:48.454202985,T,KO,,100,68.37
2025-10-20,9:30:48.454202985,T,KO,I,40,68.37
2025-10-20,9:30:48.454239084,T,KO,I,60,68.37
2025-10-20,9:30:48.454242756,T,KO,,400,68.37
2025-10-20,9:30:48.470162034,T,KO,F,200,68.375
2025-10-20,9:30:48.470162034,T,KO,F I,50,68.38
2025-10-20,9:30:48.470165214,T,KO,F,100,68.38
2025-10-20,9:30:48.515855899,T,KO,F,100,68.38
2025-10-20,9:30:48.515858838,T,KO,F,100,68.38
2025-10-20,9:30:48.675623392,T,KO,F,200,68.39
2025-10-20,9:30:48.955840969,T,KO,F I,53,68.4
2025-10-20,9:30:48.955846204,T,KO,F,147,68.4
2025-10-20,9:30:48.955851847,T,KO,F,100,68.4
2025-10-20,9:30:48.955854816,T,KO,F,400,68.4
2025-10-20,9:30:48.956140624,T,KO,F,200,68.41
2025-10-20,9:30:48.956143542,T,KO,F I,9,68.41
2025-10-20,9:30:51.586875464,T,KO,F,200,68.41
2025-10-20,9:30:51.586875464,T,KO,F,400,68.41
2025-10-20,9:30:51.586917891,T,KO,I,50,68.42
2025-10-20,9:30:51.586917891,T,KO,,200,68.42
2025-10-20,9:30:51.586920481,T,KO,,400,68.42
2025-10-20,9:30:51.587041001,T,KO,,100,68.41
2025-10-20,9:30:51.587817221,T,KO,,200,68.415
2025-10-20,9:30:51.587819731,T,KO,,100,68.42
2025-10-20,9:30:51.587822464,T,KO,,200,68.42
2025-10-20,9:30:51.587822464,T,KO,,285,68.42
2025-10-20,9:30:51.587990957,T,KO,F,200,68.41
2025-10-20,9:30:51.587993927,T,KO,F I,50,68.41
2025-10-20,9:30:51.588102165,T,KO,F,215,68.41
2025-10-20,9:30:51.588264620,T,KO,,100,68.41
2025-10-20,9:30:51.588267546,T,KO,I,13,68.41
2025-10-20,9:30:51.588336744,T,KO,F I,13,68.41
2025-10-20,9:30:51.588381883,T,KO,F,100,68.41
2025-10-20,9:30:51.588390910,T,KO,,100,68.41
2025-10-20,9:30:51.588598329,T,KO,F,200,68.4
2025-10-20,9:30:56.674933824,T,KO,I,13,68.41
2025-10-20,9:30:56.674969850,T,KO,,187,68.41
2025-10-20,9:30:56.675015425,T,KO,F,100,68.41
2025-10-20,9:30:56.675017980,T,KO,F,100,68.41
2025-10-20,9:30:56.698501019,T,KO,,100,68.405
2025-10-20,9:31:00.345585009,T,KO,F,100,68.38
2025-10-20,9:31:00.345653523,T,KO,I,42,68.38
2025-10-20,9:31:00.346059546,T,KO,F,100,68.37
2025-10-20,9:31:00.346276011,T,KO,F I,9,68.37
2025-10-20,9:31:00.346297063,T,KO,F,149,68.37
2025-10-20,9:31:00.346300902,T,KO,F,200,68.37
2025-10-20,9:31:00.346300902,T,KO,F I,12,68.37
2025-10-20,9:31:00.346303235,T,KO,F I,67,68.37
2025-10-20,9:31:00.346306069,T,KO,I,1,68.37
2025-10-20,9:31:00.346318565,T,KO,I,1,68.37
2025-10-20,9:31:00.346336883,T,KO,F,100,68.37
2025-10-20,9:31:00.346348169,T,KO,F,100,68.37
2025-10-20,9:31:00.346354261,T,KO,F,131,68.37
2025-10-20,9:31:00.346357208,T,KO,F,100,68.37
2025-10-20,9:31:00.827575429,T,KO,I,35,68.39
2025-10-20,9:31:02.833839938,T,KO,I,1,68.385
2025-10-20,9:31:06.030384346,T,KO,F,149,68.4
2025-10-20,9:31:06.030387190,T,KO,F I,51,68.4
2025-10-20,9:31:06.030387190,T,KO,F,149,68.4
2025-10-20,9:31:06.030396216,T,KO,F I,50,68.4
2025-10-20,9:31:09.233475417,T,KO,F I,1,68.42
2025-10-20,9:31:10.573331497,T,KO,I,12,68.41
2025-10-20,9:31:10.573394908,T,KO,,100,68.41
2025-10-20,9:31:10.573394908,T,KO,,200,68.42
2025-10-20,9:31:10.573397725,T,KO,,300,68.42
2025-10-20,9:31:10.573439916,T,KO,F,100,68.41
2025-10-20,9:31:12.052674866,T,KO,,100,68.405
2025-10-20,9:31:12.521326044,T,KO,,100,68.4
2025-10-20,9:31:12.521329080,T,KO,,100,68.4
2025-10-20,9:31:12.528398912,T,KO,,100,68.4
2025-10-20,9:31:12.535940787,T,KO,,200,68.4
2025-10-20,9:31:12.538286405,T,KO,,100,68.4
2025-10-20,9:31:12.545744153,T,KO,,100,68.4
2025-10-20,9:31:12.552435213,T,KO,,100,68.4
2025-10-20,9:31:19.115621045,T,KO,F I,10,68.43
2025-10-20,9:31:19.117407262,T,KO,I,1,68.42
2025-10-20,9:31:19.117431366,T,KO,,137,68.42
2025-10-20,9:31:19.117434331,T,KO,I,50,68.42
2025-10-20,9:31:19.118322133,T,KO,F I,53,68.41
2025-10-20,9:31:19.118324720,T,KO,F,100,68.41
2025-10-20,9:31:19.118327456,T,KO,F I,50,68.41
2025-10-20,9:31:19.118372548,T,KO,F I,50,68.41
2025-10-20,9:31:19.118838692,T,KO,F I,50,68.4
2025-10-20,9:31:20.228604932,T,KO,,100,68.395
2025-10-20,9:31:21.120938216,T,KO,,100,68.4
2025-10-20,9:31:21.447780701,T,KO,F,100,68.4
2025-10-20,9:31:21.447823514,T,KO,,100,68.4
2025-10-20,9:31:21.447825807,T,KO,I,68,68.4
2025-10-20,9:31:21.447841021,T,KO,I,1,68.4
2025-10-20,9:31:21.447841021,T,KO,I,1,68.4
2025-10-20,9:31:21.448291894,T,KO,,100,68.4
2025-10-20,9:31:21.448316604,T,KO,F,100,68.39
2025-10-20,9:31:21.448319317,T,KO,F,200,68.39
2025-10-20,9:31:21.448319317,T,KO,F I,50,68.39
2025-10-20,9:31:21.448343017,T,KO,I,50,68.39
2025-10-20,9:31:21.448345992,T,KO,I,13,68.39
2025-10-20,9:31:21.448599170,T,KO,I,79,68.39
2025-10-20,9:31:21.448601674,T,KO,I,21,68.39
2025-10-20,9:31:21.448785518,T,KO,F,100,68.39
2025-10-20,9:31:22.292898493,T,KO,F I,21,68.38
2025-10-20,9:31:22.292898493,T,KO,F I,75,68.38
2025-10-20,9:31:22.292916540,T,KO,I,1,68.38
2025-10-20,9:31:22.292925559,T,KO,F I,24,68.38
2025-10-20,9:31:22.293226539,T,KO,F I,1,68.38
2025-10-20,9:31:22.293226539,T,KO,F I,1,68.38
2025-10-20,9:31:22.293229278,T,KO,F I,1,68.38
2025-10-20,9:31:22.299514333,T,KO,,100,68.38
2025-10-20,9:31:22.349198688,T,KO,,100,68.38
2025-10-20,9:31:22.763317973,T,KO,I,50,68.36
2025-10-20,9:31:22.763317973,T,KO,,200,68.36
2025-10-20,9:31:22.763336042,T,KO,F,200,68.36
2025-10-20,9:31:26.169690141,T,KO,,100,68.36
2025-10-20,9:31:26.169753351,T,KO,F,100,68.36
2025-10-20,9:31:27.678810540,T,KO,F I,1,68.36
2025-10-20,9:31:27.878645503,T,KO,,100,68.345
2025-10-20,9:31:28.105935799,T,KO,F,200,68.345
2025-10-20,9:31:31.592608182,T,KO,I,53,68.35
2025-10-20,9:31:31.598430049,T,KO,F I,28,68.36
2025-10-20,9:31:32.183010410,T,KO,,100,68.355
2025-10-20,9:31:32.188029322,T,KO,,100,68.355
2025-10-20,9:31:32.191135748,T,KO,,100,68.355
2025-10-20,9:31:32.263692617,T,KO,,100,68.355
2025-10-20,9:31:32.336414847,T,KO,,100,68.355
2025-10-20,9:31:32.346067803,T,KO,,100,68.355
2025-10-20,9:31:32.575517273,T,KO,I,1,68.37
2025-10-20,9:31:32.575538383,T,KO,I,1,68.37
2025-10-20,9:31:32.575556439,T,KO,I,8,68.37
2025-10-20,9:31:34.306013053,T,KO,I,30,68.37
2025-10-20,9:31:34.306662524,T,KO,,100,68.37
2025-10-20,9:31:34.306867258,T,KO,F,162,68.36
2025-10-20,9:31:34.306870029,T,KO,F,200,68.36
2025-10-20,9:31:35.925372811,T,KO,,200,68.355
2025-10-20,9:31:35.995069876,T,KO,,162,68.37
2025-10-20,9:31:35.995073001,T,KO,,200,68.37
2025-10-20,9:31:35.995662216,T,KO,F I,5,68.39
2025-10-20,9:31:35.996140410,T,KO,F,200,68.4
2025-10-20,9:31:37.800302464,T,KO,,100,68.41
2025-10-20,9:31:37.941242210,T,KO,,100,68.41
2025-10-20,9:31:38.201451955,T,KO,F I,31,68.42
2025-10-20,9:31:38.223936561,T,KO,,100,68.43
2025-10-20,9:31:39.047023851,T,KO,,200,68.44
2025-10-20,9:31:39.126942537,T,KO,,100,68.43
2025-10-20,9:31:39.126945374,T,KO,,122,68.43
2025-10-20,9:31:39.127285046,T,KO,,100,68.43
2025-10-20,9:31:39.127321047,T,KO,,100,68.435
2025-10-20,9:31:39.127324661,T,KO,,100,68.44
2025-10-20,9:31:39.127324661,T,KO,,100,68.44
2025-10-20,9:31:39.127328181,T,KO,,100,68.44
2025-10-20,9:31:39.127330357,T,KO,I,58,68.44
2025-10-20,9:31:39.127333086,T,KO,I,66,68.44
2025-10-20,9:31:39.127336084,T,KO,I,74,68.44
2025-10-20,9:31:39.127339534,T,KO,I,50,68.44
2025-10-20,9:31:39.127339534,T,KO,,200,68.44
2025-10-20,9:31:39.127339534,T,KO,I,80,68.44
2025-10-20,9:31:39.127363249,T,KO,,100,68.44
2025-10-20,9:31:39.127381504,T,KO,,100,68.43
2025-10-20,9:31:39.127381504,T,KO,,100,68.43
2025-10-20,9:31:39.127384273,T,KO,I,58,68.43
2025-10-20,9:31:39.127724146,T,KO,F,100,68.43
2025-10-20,9:31:39.127724146,T,KO,F,100,68.43
2025-10-20,9:31:39.142681743,T,KO,F,100,68.42
2025-10-20,9:31:39.142685733,T,KO,F I,58,68.42
2025-10-20,9:31:39.142687636,T,KO,F,100,68.42
2025-10-20,9:31:39.142687636,T,KO,F,100,68.42
2025-10-20,9:31:39.143024701,T,KO,,100,68.42
2025-10-20,9:31:39.241960183,T,KO,,100,68.415
2025-10-20,9:31:39.333380811,T,KO,,100,68.415
2025-10-20,9:31:39.581164986,T,KO,,100,68.415
2025-10-20,9:31:39.581228132,T,KO,,100,68.415
2025-10-20,9:31:39.583754126,T,KO,,100,68.415
2025-10-20,9:31:40.481752920,T,KO,,100,68.415
2025-10-20,9:31:40.500060600,T,KO,,100,68.415
2025-10-20,9:31:40.505834279,T,KO,,100,68.415
2025-10-20,9:31:40.508399413,T,KO,,100,68.415
2025-10-20,9:31:40.516305235,T,KO,,100,68.415
2025-10-20,9:31:40.859864513,T,KO,I,7,68.42
2025-10-20,9:31:40.859891547,T,KO,F,140,68.42
2025-10-20,9:31:40.859891547,T,KO,F,135,68.42
2025-10-20,9:31:41.477099695,T,KO,,200,68.425
2025-10-20,9:31:41.477144808,T,KO,F,100,68.42
2025-10-20,9:31:41.477147887,T,KO,F,100,68.42
2025-10-20,9:31:43.765637467,T,KO,F I,73,68.43
2025-10-20,9:31:44.730401275,T,KO,,100,68.44
2025-10-20,9:31:44.741154888,T,KO,,200,68.44
2025-10-20,9:31:46.426534007,T,KO,F I,41,68.45
2025-10-20,9:31:46.426534007,T,KO,F I,72,68.45
2025-10-20,9:31:46.650062339,T,KO,F,100,68.44
2025-10-20,9:31:46.650065335,T,KO,F I,51,68.44
2025-10-20,9:31:46.650447239,T,KO,F,100,68.44
2025-10-20,9:31:46.650720849,T,KO,F,100,68.43
2025-10-20,9:31:46.650847238,T,KO,,100,68.43
2025-10-20,9:31:46.650871204,T,KO,I,13,68.43
2025-10-20,9:31:46.650916642,T,KO,F I,87,68.43
2025-10-20,9:31:46.650919416,T,KO,F I,13,68.43
2025-10-20,9:31:46.651289980,T,KO,F,100,68.42
2025-10-20,9:31:46.651292774,T,KO,F,100,68.42
2025-10-20,9:31:46.651295586,T,KO,F,200,68.42
2025-10-20,9:31:46.651298330,T,KO,F,100,68.42
2025-10-20,9:31:46.651298330,T,KO,F,100,68.42
2025-10-20,9:31:49.353011160,T,KO,I,13,68.43
2025-10-20,9:31:54.254643554,T,KO,F,100,68.45
2025-10-20,9:31:54.254703688,T,KO,I,1,68.45
2025-10-20,9:31:54.369628411,T,KO,I,20,68.46
2025-10-20,9:31:54.369706626,T,KO,F,156,68.45
2025-10-20,9:31:55.403334579,T,KO,F,100,68.45
2025-10-20,9:31:55.403334579,T,KO,F I,95,68.45
2025-10-20,9:31:59.495865880,T,KO,F,100,68.46
2025-10-20,9:31:59.635314046,T,KO,F I,32,68.45
2025-10-20,9:31:59.635317084,T,KO,F,100,68.45
2025-10-20,9:32:05.321199576,T,KO,I,10,68.46
2025-10-20,9:32:05.322068782,T,KO,,100,68.46
2025-10-20,9:32:05.322068782,T,KO,,100,68.46
2025-10-20,9:32:05.322089617,T,KO,I,1,68.46
2025-10-20,9:32:05.551057955,T,KO,F,100,68.455
2025-10-20,9:32:05.551078964,T,KO,F,100,68.455
2025-10-20,9:32:05.551106121,T,KO,I,1,68.455
2025-10-20,9:32:05.558933677,T,KO,I,99,68.455
2025-10-20,9:32:05.558933677,T,KO,I,1,68.455
2025-10-20,9:32:05.561450705,T,KO,,100,68.455
2025-10-20,9:32:06.954774357,T,KO,,100,68.455
2025-10-20,9:32:06.954774357,T,KO,I,45,68.455
2025-10-20,9:32:07.245455972,T,KO,F,100,68.45
2025-10-20,9:32:10.011621021,T,KO,I,4,68.44
2025-10-20,9:32:10.011623996,T,KO,I,95,68.44
2025-10-20,9:32:10.011642438,T,KO,I,1,68.44
2025-10-20,9:32:10.011645083,T,KO,F I,4,68.44
2025-10-20,9:32:11.287791431,T,KO,I,33,68.42
2025-10-20,9:32:11.287809575,T,KO,F,167,68.42
2025-10-20,9:32:15.566126658,T,KO,F,100,68.42
2025-10-20,9:32:15.566129446,T,KO,F I,51,68.42
2025-10-20,9:32:15.566210823,T,KO,F,100,68.43
2025-10-20,9:32:15.566214079,T,KO,F,200,68.43
2025-10-20,9:32:15.567203292,T,KO,F I,2,68.44
2025-10-20,9:32:15.567206008,T,KO,F I,1,68.44
2025-10-20,9:32:15.701857855,T,KO,F I,50,68.48
2025-10-20,9:32:15.701857855,T,KO,F,400,68.48
2025-10-20,9:32:15.833261794,T,KO,I,1,68.48
2025-10-20,9:32:15.833288804,T,KO,F,200,68.48
2025-10-20,9:32:17.380963945,T,KO,F,100,68.475
2025-10-20,9:32:17.754685172,T,KO,I,50,68.47
2025-10-20,9:32:20.366147083,T,KO,F,100,68.46
2025-10-20,9:32:20.366147083,T,KO,F I,1,68.46
2025-10-20,9:32:20.384644423,T,KO,,100,68.47
2025-10-20,9:32:20.384644423,T,KO,I,56,68.47
2025-10-20,9:32:20.384647008,T,KO,I,50,68.47
2025-10-20,9:32:20.384650041,T,KO,,172,68.47
2025-10-20,9:32:20.384662039,T,KO,I,1,68.47
2025-10-20,9:32:20.923422301,T,KO,,200,68.465
2025-10-20,9:32:21.129608315,T,KO,F I,56,68.46
2025-10-20,9:32:25.731168135,T,KO,F,100,68.46
2025-10-20,9:32:30.427282139,T,KO,,100,68.47
2025-10-20,9:32:32.597424917,T,KO,,100,68.48
2025-10-20,9:32:32.601066730,T,KO,I,56,68.47
2025-10-20,9:32:32.601069628,T,KO,,162,68.47
2025-10-20,9:32:32.601072563,T,KO,,200,68.47
2025-10-20,9:32:33.871899446,T,KO,,100,68.47
2025-10-20,9:32:33.871902435,T,KO,,162,68.47
2025-10-20,9:32:33.871902435,T,KO,I,5,68.47
2025-10-20,9:32:34.237841816,T,KO,,100,68.46
2025-10-20,9:32:34.237841816,T,KO,,200,68.46
2025-10-20,9:32:34.237844907,T,KO,I,50,68.46
2025-10-20,9:32:34.238590001,T,KO,,100,68.46
2025-10-20,9:32:34.238590001,T,KO,I,56,68.46
2025-10-20,9:32:34.238592787,T,KO,I,50,68.46
2025-10-20,9:32:34.238617308,T,KO,I,1,68.46
2025-10-20,9:32:34.238954396,T,KO,I,57,68.47
2025-10-20,9:32:34.238954396,T,KO,,100,68.47
2025-10-20,9:32:34.238960235,T,KO,,100,68.47
2025-10-20,9:32:34.238960235,T,KO,,100,68.47
2025-10-20,9:32:34.238962715,T,KO,,200,68.47
2025-10-20,9:32:34.238962715,T,KO,I,50,68.47
2025-10-20,9:32:34.240274484,T,KO,F I,16,68.47
2025-10-20,9:32:34.240274484,T,KO,F,100,68.47
2025-10-20,9:32:35.120876511,T,KO,I,16,68.47
2025-10-20,9:32:35.120879181,T,KO,I,2,68.47
2025-10-20,9:32:35.120882185,T,KO,I,30,68.47
2025-10-20,9:32:35.120885304,T,KO,I,60,68.47
2025-10-20,9:32:35.120888163,T,KO,I,26,68.47
2025-10-20,9:32:35.120891186,T,KO,I,56,68.47
2025-10-20,9:32:35.120894182,T,KO,I,39,68.47
2025-10-20,9:32:35.120897194,T,KO,I,42,68.47
2025-10-20,9:32:38.800707576,T,KO,I,37,68.46
2025-10-20,9:32:38.800728859,T,KO,F I,34,68.46
2025-10-20,9:32:38.800731679,T,KO,F I,1,68.46
2025-10-20,9:32:39.004857973,T,KO,F,200,68.45
2025-10-20,9:32:39.004857973,T,KO,F I,72,68.45
2025-10-20,9:32:39.004860829,T,KO,F,100,68.45
2025-10-20,9:32:39.009335890,T,KO,F I,1,68.44
2025-10-20,9:32:39.009338641,T,KO,F I,1,68.44
2025-10-20,9:32:39.009338641,T,KO,F I,2,68.44
2025-10-20,9:32:39.009344490,T,KO,F I,1,68.44
2025-10-20,9:32:39.009344490,T,KO,F I,1,68.44
2025-10-20,9:32:39.009347467,T,KO,F I,13,68.44
2025-10-20,9:32:39.035248194,T,KO,F,200,68.42
2025-10-20,9:32:39.035251585,T,KO,F I,50,68.42
2025-10-20,9:32:39.035251585,T,KO,F,100,68.42
2025-10-20,9:32:42.051510201,T,KO,I,15,68.415
2025-10-20,9:32:44.467404262,T,KO,,100,68.415
2025-10-20,9:32:48.774532759,T,KO,F,100,68.42
2025-10-20,9:32:48.774532759,T,KO,F I,37,68.42
2025-10-20,9:32:53.827106736,T,KO,F,100,68.44
2025-10-20,9:32:53.828060099,T,KO,F,200,68.44
2025-10-20,9:32:53.830089848,T,KO,F,100,68.44
2025-10-20,9:32:53.832309266,T,KO,F,200,68.44
2025-10-20,9:32:53.832312239,T,KO,F,100,68.44
2025-10-20,9:32:53.832333211,T,KO,I,1,68.44
2025-10-20,9:32:53.835475797,T,KO,,100,68.435
2025-10-20,9:32:53.840684097,T,KO,,100,68.435
2025-10-20,9:32:53.888434848,T,KO,I,6,68.435
2025-10-20,9:33:01.238481050,T,KO,F,100,68.43
2025-10-20,9:33:01.238481050,T,KO,F,100,68.43
2025-10-20,9:33:01.239343928,T,KO,I,95,68.43
2025-10-20,9:33:01.239361964,T,KO,I,1,68.43
2025-10-20,9:33:01.240333260,T,KO,F,200,68.42
2025-10-20,9:33:02.899962222,T,KO,I,50,68.43
2025-10-20,9:33:02.899962222,T,KO,I,25,68.43
2025-10-20,9:33:02.907047007,T,KO,F I,50,68.42
2025-10-20,9:33:02.907049992,T,KO,F I,64,68.42
2025-10-20,9:33:02.907053038,T,KO,F,200,68.42
2025-10-20,9:33:05.498348848,T,KO,,650,68.42
2025-10-20,9:33:05.498348848,T,KO,,191,68.42
2025-10-20,9:33:05.498354898,T,KO,I,36,68.42
2025-10-20,9:33:06.311073974,T,KO,F,100,68.435
2025-10-20,9:33:06.311073974,T,KO,F I,50,68.44
2025-10-20,9:33:06.311076950,T,KO,F,100,68.44
2025-10-20,9:33:06.311079622,T,KO,F I,50,68.44
2025-10-20,9:33:06.311085533,T,KO,F I,50,68.44
2025-10-20,9:33:06.311091636,T,KO,I,1,68.44
2025-10-20,9:33:06.311094601,T,KO,I,1,68.44
2025-10-20,9:33:11.128159606,T,KO,F I,5,68.43
2025-10-20,9:33:11.128162664,T,KO,F I,98,68.43
2025-10-20,9:33:13.454193983,T,KO,I,53,68.42
2025-10-20,9:33:13.454196736,T,KO,I,1,68.42
2025-10-20,9:33:13.454199642,T,KO,,100,68.42
2025-10-20,9:33:13.454202633,T,KO,I,1,68.42
2025-10-20,9:33:14.800551376,T,KO,F I,1,68.41
2025-10-20,9:33:14.800554396,T,KO,F,100,68.41
2025-10-20,9:33:14.800554396,T,KO,F I,11,68.41
2025-10-20,9:33:14.800569381,T,KO,F I,3,68.41
2025-10-20,9:33:14.800569381,T,KO,F,100,68.41
2025-10-20,9:33:14.857696935,T,KO,F I,7,68.4
2025-10-20,9:33:14.857699485,T,KO,F I,5,68.4
2025-10-20,9:33:15.150176129,T,KO,,100,68.385
2025-10-20,9:33:15.150176129,T,KO,,100,68.39
2025-10-20,9:33:15.150194169,T,KO,I,1,68.39
2025-10-20,9:33:15.150197686,T,KO,I,1,68.39
2025-10-20,9:33:15.150200082,T,KO,F I,98,68.39
2025-10-20,9:33:15.150467780,T,KO,I,18,68.39
2025-10-20,9:33:15.150470840,T,KO,I,82,68.39
2025-10-20,9:33:15.150494844,T,KO,F I,18,68.39
2025-10-20,9:33:15.150516721,T,KO,F I,1,68.38
2025-10-20,9:33:15.150516721,T,KO,F,200,68.38
2025-10-20,9:33:15.150521928,T,KO,F I,50,68.38
2025-10-20,9:33:15.150524846,T,KO,F I,63,68.38
2025-10-20,9:33:15.150783494,T,KO,F,100,68.38
2025-10-20,9:33:17.723293900,T,KO,F,100,68.36
2025-10-20,9:33:17.723293900,T,KO,F,100,68.36
2025-10-20,9:33:18.549854267,T,KO,I,11,68.33
2025-10-20,9:33:18.549869403,T,KO,I,11,68.33
2025-10-20,9:33:18.549881395,T,KO,I,78,68.33
2025-10-20,9:33:18.941362815,T,KO,F I,63,68.33
2025-10-20,9:33:18.941362815,T,KO,F I,20,68.33
2025-10-20,9:33:18.941362815,T,KO,F I,59,68.33
2025-10-20,9:33:18.941369533,T,KO,F,100,68.33
2025-10-20,9:33:21.770943114,T,KO,F,100,68.34
2025-10-20,9:33:21.852025330,T,KO,,100,68.35
2025-10-20,9:33:23.315163100,T,KO,,100,68.35
2025-10-20,9:33:26.787768307,T,KO,,100,68.36
2025-10-20,9:33:26.787768307,T,KO,I,52,68.36
2025-10-20,9:33:26.888393637,T,KO,I,4,68.36
2025-10-20,9:33:27.839255438,T,KO,I,2,68.355
2025-10-20,9:33:27.944758702,T,KO,I,1,68.355
2025-10-20,9:33:28.035370508,T,KO,I,1,68.355
2025-10-20,9:33:28.198866891,T,KO,F I,25,68.34
2025-10-20,9:33:28.198866891,T,KO,F,200,68.34
2025-10-20,9:33:29.663457228,T,KO,I,72,68.34
2025-10-20,9:33:29.664179467,T,KO,,100,68.33
2025-10-20,9:33:29.664181947,T,KO,I,54,68.33
2025-10-20,9:33:29.664184956,T,KO,I,75,68.33
2025-10-20,9:33:29.664184956,T,KO,,146,68.33
2025-10-20,9:33:29.664188893,T,KO,I,25,68.33
2025-10-20,9:33:29.664188893,T,KO,I,50,68.33
2025-10-20,9:33:29.664190959,T,KO,,200,68.33
2025-10-20,9:33:30.016669784,T,KO,I,54,68.33
2025-10-20,9:33:30.016672753,T,KO,,146,68.33
2025-10-20,9:33:30.016684506,T,KO,I,1,68.33
2025-10-20,9:33:30.016690583,T,KO,F,146,68.33
2025-10-20,9:33:32.596343177,T,KO,I,50,68.35
2025-10-20,9:33:32.596345621,T,KO,,100,68.35
2025-10-20,9:33:32.596348823,T,KO,I,25,68.35
2025-10-20,9:33:32.596348823,T,KO,,100,68.35
2025-10-20,9:33:32.596351681,T,KO,,100,68.35
2025-10-20,9:33:32.596420796,T,KO,I,50,68.35
2025-10-20,9:33:43.286856208,T,KO,,100,68.35
2025-10-20,9:33:44.656801686,T,KO,I,7,68.36
2025-10-20,9:33:47.906494875,T,KO,I,50,68.36
2025-10-20,9:33:47.907258722,T,KO,F,100,68.35
2025-10-20,9:33:49.132394491,T,KO,F,100,68.33
2025-10-20,9:33:58.554558837,T,KO,F,100,68.32
2025-10-20,9:33:58.554580222,T,KO,I,1,68.32
2025-10-20,9:34:01.423782603,T,KO,F I,99,68.32
2025-10-20,9:34:01.423797667,T,KO,,337,68.31
2025-10-20,9:34:01.423797667,T,KO,I,4,68.31
2025-10-20,9:34:02.456342884,T,KO,F,200,68.31
2025-10-20,9:34:06.263079562,T,KO,I,5,68.32
2025-10-20,9:34:06.647037077,T,KO,,100,68.33
2025-10-20,9:34:06.647936220,T,KO,,100,68.33
2025-10-20,9:34:12.990730239,T,KO,F I,22,68.34
2025-10-20,9:34:13.261395817,T,KO,F,100,68.32
2025-10-20,9:34:13.262099515,T,KO,F I,40,68.31
2025-10-20,9:34:13.263678268,T,KO,I,60,68.31
2025-10-20,9:34:13.263744516,T,KO,F,100,68.31
2025-10-20,9:34:18.726630686,T,KO,F I,8,68.3
2025-10-20,9:34:18.726633809,T,KO,F,100,68.3
2025-10-20,9:34:18.726636782,T,KO,F,100,68.3
2025-10-20,9:34:23.723367854,T,KO,F I,16,68.29
2025-10-20,9:34:23.723367854,T,KO,F I,5,68.29
2025-10-20,9:34:23.723393094,T,KO,F I,21,68.29
2025-10-20,9:34:23.723395002,T,KO,F I,21,68.29
2025-10-20,9:34:23.723399073,T,KO,F I,21,68.29
2025-10-20,9:34:23.723404020,T,KO,F I,21,68.29
2025-10-20,9:34:23.723407302,T,KO,F I,16,68.29
2025-10-20,9:34:24.585229596,T,KO,F,100,68.29
2025-10-20,9:34:24.786089937,T,KO,I,27,68.3
2025-10-20,9:34:28.666279742,T,KO,I,2,68.29
2025-10-20,9:34:28.666306732,T,KO,,100,68.29
2025-10-20,9:34:29.454847927,T,KO,I,11,68.28
2025-10-20,9:34:29.454850875,T,KO,I,6,68.28
2025-10-20,9:34:30.416565530,T,KO,,100,68.285
2025-10-20,9:34:35.059339223,T,KO,F,100,68.28
2025-10-20,9:34:35.059957911,T,KO,F I,43,68.28
2025-10-20,9:34:36.606346060,T,KO,I,4,68.27
2025-10-20,9:34:36.606349055,T,KO,,200,68.27
2025-10-20,9:34:36.606631867,T,KO,I,54,68.27
2025-10-20,9:34:36.606631867,T,KO,I,54,68.27
2025-10-20,9:34:36.606635649,T,KO,I,43,68.27
2025-10-20,9:34:36.606635649,T,KO,I,15,68.27
2025-10-20,9:34:36.606637823,T,KO,I,88,68.27
2025-10-20,9:34:36.606655775,T,KO,I,1,68.27
2025-10-20,9:34:36.619541449,T,KO,F I,2,68.27
2025-10-20,9:34:41.385307413,T,KO,F,100,68.29
2025-10-20,9:34:41.385307413,T,KO,F I,1,68.29
2025-10-20,9:34:41.672118636,T,KO,I,52,68.31
2025-10-20,9:34:51.301022429,T,KO,F I,89,68.3
2025-10-20,9:34:51.301028979,T,KO,F,100,68.3
2025-10-20,9:34:51.301028979,T,KO,F,100,68.29
2025-10-20,9:34:51.301028979,T,KO,F,200,68.29
2025-10-20,9:34:51.301034496,T,KO,F I,25,68.29
2025-10-20,9:34:51.301034496,T,KO,F,400,68.29
2025-10-20,9:34:51.301037671,T,KO,F,200,68.28
2025-10-20,9:34:51.301037671,T,KO,F I,50,68.28
2025-10-20,9:34:51.301041225,T,KO,F I,25,68.28
2025-10-20,9:34:51.301041225,T,KO,F,300,68.28
2025-10-20,9:34:52.443647779,T,KO,,100,68.28
2025-10-20,9:34:52.613233743,T,KO,I,1,68.28
2025-10-20,9:34:52.882479973,T,KO,,100,68.27
2025-10-20,9:34:52.882482934,T,KO,,100,68.27
2025-10-20,9:34:57.303047633,T,KO,,100,68.28
2025-10-20,9:34:57.303068996,T,KO,I,50,68.28
2025-10-20,9:34:57.303071807,T,KO,I,50,68.28
2025-10-20,9:34:57.303086775,T,KO,F I,50,68.28
2025-10-20,9:34:57.303089772,T,KO,F I,19,68.28
2025-10-20,9:34:57.872406240,T,KO,F I,54,68.27
2025-10-20,9:34:57.872408954,T,KO,F,200,68.27
2025-10-20,9:34:57.872408954,T,KO,F I,22,68.27
2025-10-20,9:34:57.872414907,T,KO,F I,1,68.27
2025-10-20,9:34:57.872414907,T,KO,F I,1,68.27
2025-10-20,9:34:57.872418788,T,KO,F I,1,68.27
2025-10-20,9:34:57.884837419,T,KO,I,55,68.27
2025-10-20,9:34:57.884858746,T,KO,I,1,68.27
2025-10-20,9:35:00.973548209,T,KO,I,50,68.29
2025-10-20,9:35:00.973566651,T,KO,I,1,68.29
2025-10-20,9:35:00.973896990,T,KO,,100,68.29
2025-10-20,9:35:00.973896990,T,KO,,100,68.29
2025-10-20,9:35:00.997921935,T,KO,F I,6,68.29
2025-10-20,9:35:00.997924258,T,KO,F,200,68.28
2025-10-20,9:35:00.997927301,T,KO,F I,49,68.28
2025-10-20,9:35:01.652866121,T,KO,,100,68.275
2025-10-20,9:35:02.722645955,T,KO,I,10,68.28
2025-10-20,9:35:03.224366883,T,KO,,100,68.27
2025-10-20,9:35:03.232080211,T,KO,,100,68.27
2025-10-20,9:35:03.232907222,T,KO,F,200,68.27
2025-10-20,9:35:03.395291371,T,KO,F I,8,68.26
2025-10-20,9:35:03.395291371,T,KO,F,100,68.26
2025-10-20,9:35:03.395684869,T,KO,I,6,68.265
2025-10-20,9:35:03.395817269,T,KO,F I,5,68.25
2025-10-20,9:35:03.775168007,T,KO,F I,1,68.24
2025-10-20,9:35:03.775168007,T,KO,F I,2,68.24
2025-10-20,9:35:03.775486989,T,KO,F I,2,68.23
2025-10-20,9:35:03.775489517,T,KO,F,200,68.23
2025-10-20,9:35:03.775492804,T,KO,F,100,68.23
2025-10-20,9:35:06.126879914,T,KO,I,5,68.25
2025-10-20,9:35:06.161982472,T,KO,F,200,68.25
2025-10-20,9:35:06.262926970,T,KO,I,7,68.24
2025-10-20,9:35:11.324318031,T,KO,I,46,68.25
2025-10-20,9:35:11.324320963,T,KO,I,25,68.25
2025-10-20,9:35:11.332193732,T,KO,,100,68.25
2025-10-20,9:35:11.332259882,T,KO,,100,68.25
2025-10-20,9:35:11.332317065,T,KO,F,200,68.25
2025-10-20,9:35:12.424226663,T,KO,I,52,68.245
2025-10-20,9:35:13.307559578,T,KO,,100,68.25
2025-10-20,9:35:13.310157687,T,KO,,100,68.25
2025-10-20,9:35:13.403572213,T,KO,I,3,68.25
2025-10-20,9:35:13.915788153,T,KO,I,88,68.25
2025-10-20,9:35:15.604430231,T,KO,I,65,68.25
2025-10-20,9:35:17.930230009,T,KO,,100,68.24
2025-10-20,9:35:17.930232548,T,KO,,100,68.24
2025-10-20,9:35:17.930247592,T,KO,F I,35,68.24
2025-10-20,9:35:17.932956992,T,KO,F I,2,68.22
2025-10-20,9:35:17.932960453,T,KO,F I,1,68.22
2025-10-20,9:35:17.932960453,T,KO,F I,6,68.22
2025-10-20,9:35:17.932963139,T,KO,F I,8,68.22
2025-10-20,9:35:17.937561011,T,KO,I,98,68.21
2025-10-20,9:35:17.937582061,T,KO,I,1,68.21
2025-10-20,9:35:18.049322127,T,KO,,200,68.2
2025-10-20,9:35:18.049325177,T,KO,,500,68.2
2025-10-20,9:35:19.917064617,T,KO,,100,68.19
2025-10-20,9:35:22.288834726,T,KO,I,2,68.16
2025-10-20,9:35:22.288852734,T,KO,I,18,68.16
2025-10-20,9:35:25.145191798,T,KO,I,8,68.15
2025-10-20,9:35:25.145191798,T,KO,I,85,68.15
2025-10-20,9:35:30.137179517,T,KO,,100,68.12
2025-10-20,9:35:32.257749254,T,KO,I,10,68.12
2025-10-20,9:35:34.363418309,T,KO,F I,4,68.14
2025-10-20,9:35:34.363418309,T,KO,F I,45,68.14
2025-10-20,9:35:34.363421344,T,KO,F I,54,68.14
2025-10-20,9:35:37.525548838,T,KO,I,49,68.14
2025-10-20,9:35:37.722214255,T,KO,I,8,68.14
2025-10-20,9:35:37.722235274,T,KO,I,1,68.14
2025-10-20,9:35:41.201877098,T,KO,F,100,68.13
2025-10-20,9:35:41.201943107,T,KO,,100,68.13
2025-10-20,9:35:41.201964839,T,KO,F I,61,68.13
2025-10-20,9:35:41.201967239,T,KO,F,100,68.13
2025-10-20,9:35:41.201970222,T,KO,I,1,68.13
2025-10-20,9:35:41.201991488,T,KO,F,391,68.13
2025-10-20,9:35:41.201991488,T,KO,F I,19,68.13
2025-10-20,9:35:41.202018461,T,KO,F,100,68.13
2025-10-20,9:35:41.202884442,T,KO,F I,45,68.13
2025-10-20,9:35:41.202905433,T,KO,I,17,68.13
2025-10-20,9:35:41.202908478,T,KO,I,22,68.13
2025-10-20,9:35:41.217514184,T,KO,I,78,68.13
2025-10-20,9:35:41.217517620,T,KO,,100,68.13
2025-10-20,9:35:41.217520293,T,KO,I,1,68.13
2025-10-20,9:35:41.217523393,T,KO,,100,68.13
2025-10-20,9:35:41.217523393,T,KO,,100,68.13
2025-10-20,9:35:41.527273474,T,KO,F I,1,68.12
2025-10-20,9:35:41.527276028,T,KO,F,100,68.12
2025-10-20,9:35:41.535317203,T,KO,F I,77,68.11
2025-10-20,9:35:41.535323270,T,KO,I,77,68.11
2025-10-20,9:35:41.535323270,T,KO,F I,23,68.11
2025-10-20,9:35:41.535326194,T,KO,F I,54,68.11
2025-10-20,9:35:41.535338725,T,KO,I,46,68.11
2025-10-20,9:35:41.960313559,T,KO,,100,68.11
2025-10-20,9:35:41.960313559,T,KO,,100,68.11
2025-10-20,9:35:41.987979308,T,KO,F I,35,68.105
2025-10-20,9:35:42.008725726,T,KO,F I,62,68.11
2025-10-20,9:35:42.008725726,T,KO,F I,24,68.11
2025-10-20,9:35:42.008731800,T,KO,F I,65,68.11
2025-10-20,9:35:42.008734759,T,KO,F I,21,68.11
2025-10-20,9:35:43.108466012,T,KO,F,100,68.11
2025-10-20,9:35:43.108469041,T,KO,F I,38,68.11
2025-10-20,9:35:43.108471977,T,KO,F I,24,68.11
2025-10-20,9:35:45.402395626,T,KO,I,68,68.12
2025-10-20,9:35:48.275946828,T,KO,F I,50,68.13
2025-10-20,9:35:48.275949731,T,KO,F I,25,68.13
2025-10-20,9:35:48.293577720,T,KO,F,100,68.13
2025-10-20,9:35:48.647893517,T,KO,F,200,68.13
2025-10-20,9:35:48.654238707,T,KO,,200,68.135
2025-10-20,9:35:48.660713048,T,KO,I,42,68.135
2025-10-20,9:35:48.660737156,T,KO,,158,68.135
2025-10-20,9:35:48.661467887,T,KO,F,100,68.14
2025-10-20,9:35:48.661750563,T,KO,F I,50,68.14
2025-10-20,9:35:49.285439109,T,KO,,200,68.145
2025-10-20,9:35:49.610017408,T,KO,I,1,68.14
2025-10-20,9:35:52.405421240,T,KO,I,1,68.14
2025-10-20,9:35:54.450099048,T,KO,,100,68.13
2025-10-20,9:35:54.450901957,T,KO,F,200,68.12
2025-10-20,9:35:56.247732593,T,KO,I,1,68.12
2025-10-20,9:35:56.247732593,T,KO,I,99,68.12
2025-10-20,9:35:56.249206056,T,KO,,100,68.12
2025-10-20,9:35:58.206901941,T,KO,I,3,68.13
2025-10-20,9:35:58.487301801,T,KO,,100,68.135
2025-10-20,9:35:59.040757880,T,KO,I,5,68.14
2025-10-20,9:35:59.224378265,T,KO,F I,58,68.13
2025-10-20,9:35:59.224378265,T,KO,F,100,68.13
2025-10-20,9:35:59.239185584,T,KO,,100,68.12
2025-10-20,9:35:59.241804791,T,KO,,100,68.12
2025-10-20,9:35:59.247091475,T,KO,,100,68.12
2025-10-20,9:35:59.525085503,T,KO,F I,1,68.13
2025-10-20,9:35:59.525103554,T,KO,I,1,68.13
2025-10-20,9:36:00.021868617,T,KO,F I,56,68.13
2025-10-20,9:36:00.546841132,T,KO,F,100,68.15
2025-10-20,9:36:03.522013262,T,KO,F I,1,68.15
2025-10-20,9:36:04.446664489,T,KO,F,100,68.14
2025-10-20,9:36:04.614650650,T,KO,F,223,68.13
2025-10-20,9:36:04.614656559,T,KO,F,297,68.13
2025-10-20,9:36:04.649849442,T,KO,I,2,68.13
2025-10-20,9:36:04.649867430,T,KO,I,1,68.13
2025-10-20,9:36:04.652396513,T,KO,,100,68.125
2025-10-20,9:36:04.659773047,T,KO,,100,68.125
2025-10-20,9:36:04.659779085,T,KO,,100,68.125
2025-10-20,9:36:04.669792883,T,KO,,100,68.125
2025-10-20,9:36:04.748776002,T,KO,,100,68.125
2025-10-20,9:36:05.679318385,T,KO,,100,68.13
2025-10-20,9:36:05.844345473,T,KO,F I,52,68.13
2025-10-20,9:36:05.845214571,T,KO,I,3,68.14
2025-10-20,9:36:05.942553315,T,KO,I,36,68.14
2025-10-20,9:36:05.942607575,T,KO,,100,68.14
2025-10-20,9:36:05.942610451,T,KO,I,59,68.14
2025-10-20,9:36:05.942610451,T,KO,I,41,68.14
2025-10-20,9:36:05.942628504,T,KO,I,1,68.14
2025-10-20,9:36:05.942637530,T,KO,F I,58,68.14
2025-10-20,9:36:05.942640606,T,KO,F I,22,68.14
2025-10-20,9:36:07.040570592,T,KO,,100,68.125
2025-10-20,9:36:07.047869035,T,KO,,160,68.125
2025-10-20,9:36:07.048241834,T,KO,,200,68.125
2025-10-20,9:36:07.916142044,T,KO,,100,68.125
2025-10-20,9:36:07.924141042,T,KO,,100,68.125
2025-10-20,9:36:07.970535550,T,KO,,100,68.125
2025-10-20,9:36:08.171994342,T,KO,,100,68.125
2025-10-20,9:36:08.365303836,T,KO,I,10,68.13
2025-10-20,9:36:08.365324792,T,KO,I,1,68.13
2025-10-20,9:36:08.365352023,T,KO,I,48,68.13
2025-10-20,9:36:08.365354872,T,KO,I,41,68.13
2025-10-20,9:36:08.940255223,T,KO,F,100,68.13
2025-10-20,9:36:08.940255223,T,KO,F I,15,68.13
2025-10-20,9:36:08.940273231,T,KO,I,1,68.13
2025-10-20,9:36:08.940279376,T,KO,F I,6,68.13
2025-10-20,9:36:08.940279376,T,KO,F,100,68.13
2025-10-20,9:36:09.635631462,T,KO,I,2,68.13
2025-10-20,9:36:11.380149524,T,KO,F I,7,68.12
2025-10-20,9:36:11.380152531,T,KO,F,200,68.12
2025-10-20,9:36:11.380155487,T,KO,F,100,68.12
2025-10-20,9:36:12.001944148,T,KO,F I,1,68.1
2025-10-20,9:36:12.001947362,T,KO,F I,63,68.1
2025-10-20,9:36:12.001947362,T,KO,F I,6,68.1
2025-10-20,9:36:12.001952478,T,KO,F,100,68.1
2025-10-20,9:36:13.615905529,T,KO,F I,34,68.09
2025-10-20,9:36:13.615905529,T,KO,F I,20,68.09
2025-10-20,9:36:13.615923608,T,KO,I,27,68.09
2025-10-20,9:36:13.615932537,T,KO,F I,53,68.09
2025-10-20,9:36:14.296880445,T,KO,F I,20,68.09
2025-10-20,9:36:14.686533443,T,KO,,100,68.095
2025-10-20,9:36:14.686536464,T,KO,I,9,68.1
2025-10-20,9:36:14.686551479,T,KO,I,1,68.1
2025-10-20,9:36:14.686578586,T,KO,I,90,68.1
2025-10-20,9:36:17.330168952,T,KO,F I,90,68.09
2025-10-20,9:36:17.330659182,T,KO,I,25,68.08
2025-10-20,9:36:21.706690919,T,KO,I,80,68.09
2025-10-20,9:36:28.013146363,T,KO,I,19,68.085
2025-10-20,9:36:34.484686082,T,KO,I,3,68.095
2025-10-20,9:36:35.133357985,T,KO,I,55,68.095
2025-10-20,9:36:35.133376104,T,KO,I,55,68.1
2025-10-20,9:36:35.545612931,T,KO,F I,32,68.09
2025-10-20,9:36:35.545619311,T,KO,F I,68,68.09
2025-10-20,9:36:35.545619311,T,KO,F I,25,68.09
2025-10-20,9:36:35.585869823,T,KO,F,100,68.07
2025-10-20,9:36:35.585872771,T,KO,F,100,68.07
2025-10-20,9:36:35.585890824,T,KO,I,1,68.07
2025-10-20,9:36:35.786005508,T,KO,I,68,68.07
2025-10-20,9:36:35.786005508,T,KO,I,12,68.07
2025-10-20,9:36:35.786481096,T,KO,I,53,68.07
2025-10-20,9:36:35.786484308,T,KO,,100,68.07
2025-10-20,9:36:35.786510655,T,KO,F I,19,68.07
2025-10-20,9:36:37.014452395,T,KO,I,5,68.055
2025-10-20,9:36:38.132620878,T,KO,F I,53,68.06
2025-10-20,9:36:38.132620878,T,KO,F I,32,68.06
2025-10-20,9:36:38.133210096,T,KO,I,10,68.06
2025-10-20,9:36:38.142628366,T,KO,,100,68.065
2025-10-20,9:36:40.769171272,T,KO,,100,68.075
2025-10-20,9:36:42.623053735,T,KO,F,100,68.07
2025-10-20,9:36:42.623053735,T,KO,F I,55,68.07
2025-10-20,9:36:42.623393550,T,KO,F,100,68.07
2025-10-20,9:36:45.578402884,T,KO,F,100,68.065
2025-10-20,9:36:45.578405680,T,KO,F I,90,68.06
2025-10-20,9:36:45.578423748,T,KO,F I,90,68.06
2025-10-20,9:36:45.578746451,T,KO,I,22,68.06
2025-10-20,9:36:45.578748454,T,KO,I,53,68.06
2025-10-20,9:36:45.578751502,T,KO,I,25,68.06
2025-10-20,9:36:45.578995139,T,KO,I,22,68.06
2025-10-20,9:36:45.578995139,T,KO,I,28,68.06
2025-10-20,9:36:45.580249044,T,KO,I,59,68.06
2025-10-20,9:36:45.580249044,T,KO,I,41,68.06
2025-10-20,9:36:45.580573880,T,KO,I,59,68.06
2025-10-20,9:36:47.184062202,T,KO,I,10,68.07
2025-10-20,9:36:47.184062202,T,KO,I,32,68.07
2025-10-20,9:36:47.184083092,T,KO,I,1,68.07
2025-10-20,9:36:49.208318256,T,KO,F I,25,68.08
2025-10-20,9:36:49.208519721,T,KO,I,4,68.08
2025-10-20,9:36:49.208540845,T,KO,I,48,68.08
2025-10-20,9:36:49.208543856,T,KO,I,52,68.08
2025-10-20,9:36:49.208561893,T,KO,I,1,68.08
2025-10-20,9:36:49.209542649,T,KO,F I,22,68.08
2025-10-20,9:36:49.209545385,T,KO,F,100,68.08
2025-10-20,9:36:49.209548452,T,KO,F I,25,68.08
2025-10-20,9:36:49.209548452,T,KO,F I,52,68.08
2025-10-20,9:36:49.209551324,T,KO,F,100,68.08
2025-10-20,9:36:49.209566880,T,KO,I,25,68.08
2025-10-20,9:36:49.209569311,T,KO,I,1,68.08
2025-10-20,9:36:49.209857969,T,KO,,100,68.08
2025-10-20,9:36:49.209878998,T,KO,I,1,68.08
2025-10-20,9:36:49.209906090,T,KO,I,99,68.08
2025-10-20,9:36:49.209909401,T,KO,I,52,68.08
2025-10-20,9:36:49.209912135,T,KO,I,50,68.08
2025-10-20,9:36:49.210351191,T,KO,F I,48,68.08
2025-10-20,9:36:50.695714925,T,KO,F,100,68.09
2025-10-20,9:36:50.695718342,T,KO,F I,61,68.09
2025-10-20,9:36:50.695720965,T,KO,F I,16,68.09
2025-10-20,9:36:50.695736060,T,KO,I,1,68.09
2025-10-20,9:36:50.695760033,T,KO,I,1,68.09
2025-10-20,9:36:50.695775078,T,KO,I,98,68.09
2025-10-20,9:36:50.695775078,T,KO,I,1,68.09
2025-10-20,9:36:50.695820195,T,KO,F I,83,68.09
2025-10-20,9:36:52.265173951,T,KO,,100,68.1
2025-10-20,9:36:52.615649788,T,KO,,100,68.1
2025-10-20,9:36:52.620551410,T,KO,,100,68.1
2025-10-20,9:36:52.648475963,T,KO,,100,68.1
2025-10-20,9:36:52.834562158,T,KO,,100,68.1
2025-10-20,9:36:52.837133232,T,KO,,100,68.1
2025-10-20,9:36:52.855961184,T,KO,I,40,68.105
2025-10-20,9:36:52.861870168,T,KO,,100,68.105
2025-10-20,9:36:53.063515599,T,KO,F I,46,68.12
2025-10-20,9:36:53.064856613,T,KO,I,57,68.12
2025-10-20,9:36:53.064856613,T,KO,I,43,68.12
2025-10-20,9:36:53.236349167,T,KO,I,3,68.115
2025-10-20,9:36:55.984222143,T,KO,F,100,68.11
2025-10-20,9:36:55.984222143,T,KO,F,182,68.11
2025-10-20,9:36:55.984224942,T,KO,F I,71,68.11
2025-10-20,9:36:55.984224942,T,KO,F I,1,68.11
2025-10-20,9:36:55.984255173,T,KO,F I,23,68.11
2025-10-20,9:36:56.953484409,T,KO,,200,68.09
2025-10-20,9:36:57.278552700,T,KO,,200,68.08
2025-10-20,9:36:57.283915633,T,KO,F,100,68.09
2025-10-20,9:36:57.283917715,T,KO,F,100,68.09
2025-10-20,9:36:57.283920438,T,KO,F I,50,68.09
2025-10-20,9:36:57.283926444,T,KO,F,200,68.09
2025-10-20,9:36:57.283926444,T,KO,F I,25,68.09
2025-10-20,9:36:57.284266291,T,KO,I,59,68.09
2025-10-20,9:36:57.284380881,T,KO,F I,6,68.09
2025-10-20,9:36:57.284401663,T,KO,I,1,68.09
2025-10-20,9:36:57.285757807,T,KO,F,100,68.085
2025-10-20,9:36:57.285760833,T,KO,F I,34,68.09
2025-10-20,9:36:57.285760833,T,KO,F I,66,68.09
2025-10-20,9:36:57.285793945,T,KO,F I,34,68.09
2025-10-20,9:36:57.285800007,T,KO,F I,34,68.09
2025-10-20,9:36:57.287074998,T,KO,F,100,68.09
2025-10-20,9:36:57.287423855,T,KO,,100,68.09
2025-10-20,9:36:57.287441841,T,KO,I,1,68.09
2025-10-20,9:36:57.287453900,T,KO,I,56,68.09
2025-10-20,9:36:57.851571127,T,KO,I,1,68.09
2025-10-20,9:36:57.851573521,T,KO,I,41,68.09
2025-10-20,9:37:02.953353789,T,KO,F I,15,68.08
2025-10-20,9:37:02.953353789,T,KO,F,100,68.08
2025-10-20,9:37:02.953356740,T,KO,F,100,68.08
2025-10-20,9:37:02.953359845,T,KO,F I,50,68.08
2025-10-20,9:37:02.953681574,T,KO,,100,68.08
2025-10-20,9:37:02.994648151,T,KO,,100,68.085
2025-10-20,9:37:03.448789933,T,KO,F,100,68.09
2025-10-20,9:37:03.448789933,T,KO,F,100,68.09
2025-10-20,9:37:03.488168646,T,KO,,200,68.115
2025-10-20,9:37:03.494411433,T,KO,F I,33,68.115
2025-10-20,9:37:03.504076481,T,KO,I,56,68.1
2025-10-20,9:37:03.504196722,T,KO,F,152,68.11
2025-10-20,9:37:03.504199755,T,KO,F I,50,68.11
2025-10-20,9:37:03.504202928,T,KO,F,200,68.11
2025-10-20,9:37:04.787704815,T,KO,F,100,68.115
2025-10-20,9:37:04.787707797,T,KO,F I,50,68.11
2025-10-20,9:37:04.787725744,T,KO,I,10,68.11
2025-10-20,9:37:04.787728828,T,KO,I,19,68.11
2025-10-20,9:37:07.459673708,T,KO,I,4,68.1
2025-10-20,9:37:07.936179691,T,KO,,100,68.1
2025-10-20,9:37:09.526412244,T,KO,F I,63,68.1
2025-10-20,9:37:09.526418227,T,KO,F I,37,68.1
2025-10-20,9:37:09.526436604,T,KO,F I,2,68.09
2025-10-20,9:37:09.526436604,T,KO,F I,49,68.09
2025-10-20,9:37:09.526691924,T,KO,F I,49,68.09
2025-10-20,9:37:09.526691924,T,KO,F I,12,68.09
2025-10-20,9:37:10.247081654,T,KO,,100,68.085
2025-10-20,9:37:12.266328248,T,KO,I,5,68.09
2025-10-20,9:37:13.678957675,T,KO,I,50,68.09
2025-10-20,9:37:13.678960660,T,KO,,100,68.09
2025-10-20,9:37:16.123308697,T,KO,F,100,68.09
2025-10-20,9:37:16.123395879,T,KO,F,100,68.08
2025-10-20,9:37:16.124388487,T,KO,F,100,68.08
2025-10-20,9:37:16.124388487,T,KO,F I,55,68.08
2025-10-20,9:37:16.124394279,T,KO,F I,24,68.08
2025-10-20,9:37:16.124394279,T,KO,F,179,68.08
2025-10-20,9:37:16.124412409,T,KO,F I,21,68.08
2025-10-20,9:37:16.124442376,T,KO,I,50,68.09
2025-10-20,9:37:16.124442376,T,KO,I,68,68.09
2025-10-20,9:37:17.229661622,T,KO,,100,68.105
2025-10-20,9:37:17.229953473,T,KO,F,200,68.11
2025-10-20,9:37:17.229953473,T,KO,F,100,68.11
2025-10-20,9:37:17.248207245,T,KO,F I,56,68.11
2025-10-20,9:37:17.248210601,T,KO,F,100,68.11
2025-10-20,9:37:17.248212795,T,KO,F I,55,68.11
2025-10-20,9:37:17.248212795,T,KO,F I,28,68.11
2025-10-20,9:37:17.420342750,T,KO,F I,13,68.11
2025-10-20,9:37:17.420348774,T,KO,F I,87,68.11
2025-10-20,9:37:17.420363888,T,KO,I,1,68.11
2025-10-20,9:37:17.420369820,T,KO,I,1,68.11
2025-10-20,9:37:17.420388481,T,KO,I,11,68.11
2025-10-20,9:37:17.420394165,T,KO,I,56,68.11
2025-10-20,9:37:17.420394165,T,KO,I,1,68.11
2025-10-20,9:37:17.420397313,T,KO,I,55,68.11
2025-10-20,9:37:17.420399949,T,KO,I,13,68.11
2025-10-20,9:37:17.420640895,T,KO,I,1,68.11
2025-10-20,9:37:17.420644447,T,KO,I,13,68.11
2025-10-20,9:37:17.420644447,T,KO,I,17,68.11
2025-10-20,9:37:17.420646494,T,KO,,100,68.11
2025-10-20,9:37:17.421539604,T,KO,F I,41,68.11
2025-10-20,9:37:17.421732120,T,KO,F I,15,68.11
2025-10-20,9:37:17.421732120,T,KO,F I,13,68.11
2025-10-20,9:37:18.188910530,T,KO,F,100,68.11
2025-10-20,9:37:18.188910530,T,KO,F,100,68.11
2025-10-20,9:37:18.188916597,T,KO,F I,11,68.11
2025-10-20,9:37:18.188916597,T,KO,F I,41,68.11
2025-10-20,9:37:18.188919318,T,KO,F,368,68.11
2025-10-20,9:37:18.188934358,T,KO,I,1,68.11
2025-10-20,9:37:18.188940331,T,KO,F I,31,68.11
2025-10-20,9:37:18.188943445,T,KO,F,100,68.11
2025-10-20,9:37:18.188943445,T,KO,F I,15,68.11
2025-10-20,9:37:18.188946352,T,KO,F,100,68.11
2025-10-20,9:37:18.613939610,T,KO,F I,50,68.12
2025-10-20,9:37:18.614815535,T,KO,F I,57,68.12
2025-10-20,9:37:18.614817781,T,KO,F I,36,68.12
2025-10-20,9:37:18.614838776,T,KO,F I,11,68.12
2025-10-20,9:37:22.014071977,T,KO,I,3,68.095
2025-10-20,9:37:22.649566588,T,KO,I,82,68.095
2025-10-20,9:37:22.650086804,T,KO,I,4,68.095
2025-10-20,9:37:23.821382513,T,KO,F,100,68.09
2025-10-20,9:37:23.821382513,T,KO,F I,8,68.09
2025-10-20,9:37:23.821397535,T,KO,F I,92,68.09
2025-10-20,9:37:25.573698685,T,KO,F,200,68.09
2025-10-20,9:37:25.573698685,T,KO,F I,57,68.09
2025-10-20,9:37:25.573702003,T,KO,F,100,68.09
2025-10-20,9:37:25.573702003,T,KO,F I,40,68.09
2025-10-20,9:37:25.824062536,T,KO,,100,68.1
2025-10-20,9:37:27.238592643,T,KO,F I,1,68.09
2025-10-20,9:37:27.414234906,T,KO,F I,85,68.08
2025-10-20,9:37:27.414304156,T,KO,I,13,68.08
2025-10-20,9:37:27.414325158,T,KO,I,2,68.08
2025-10-20,9:37:28.406499293,T,KO,F I,10,68.07
2025-10-20,9:37:30.216973486,T,KO,F,100,68.065
2025-10-20,9:37:30.216973486,T,KO,F,100,68.06
2025-10-20,9:37:30.216992103,T,KO,I,1,68.06
2025-10-20,9:37:30.217195895,T,KO,I,10,68.06
2025-10-20,9:37:30.217195895,T,KO,I,89,68.06
2025-10-20,9:37:30.245318855,T,KO,F I,61,68.06
2025-10-20,9:37:30.245998524,T,KO,I,61,68.07
2025-10-20,9:37:30.643500257,T,KO,I,10,68.07
2025-10-20,9:37:30.756010250,T,KO,I,61,68.07
2025-10-20,9:37:30.977033666,T,KO,F I,61,68.07
2025-10-20,9:37:31.005159696,T,KO,I,2,68.075
2025-10-20,9:37:32.930065392,T,KO,,100,68.06
2025-10-20,9:37:32.930582691,T,KO,F I,17,68.06
2025-10-20,9:37:33.175278519,T,KO,I,5,68.07
2025-10-20,9:37:33.486778550,T,KO,F I,3,68.05
2025-10-20,9:37:33.486778550,T,KO,F I,50,68.05
2025-10-20,9:37:33.486784781,T,KO,F,200,68.05
2025-10-20,9:37:35.743067525,T,KO,I,56,68.06
2025-10-20,9:37:39.876020968,T,KO,F I,1,68.07
2025-10-20,9:37:40.233662903,T,KO,I,32,68.07
2025-10-20,9:37:46.136045890,T,KO,,100,68.055
2025-10-20,9:37:50.260504318,T,KO,,100,68.06
2025-10-20,9:37:53.800998985,T,KO,,100,68.08
2025-10-20,9:37:55.895535683,T,KO,I,2,68.09
2025-10-20,9:37:57.305167086,T,KO,F,100,68.08
2025-10-20,9:38:01.339272355,T,KO,F,100,68.08
2025-10-20,9:38:10.647675899,T,KO,,100,68.08
2025-10-20,9:38:13.126419643,T,KO,I,3,68.08
2025-10-20,9:38:18.502119412,T,KO,,100,68.07
2025-10-20,9:38:18.502119412,T,KO,I,7,68.07
2025-10-20,9:38:18.502123120,T,KO,I,5,68.07
2025-10-20,9:38:18.502123120,T,KO,,150,68.07
2025-10-20,9:38:18.502125623,T,KO,I,9,68.07
2025-10-20,9:38:20.790593974,T,KO,,100,68.06
2025-10-20,9:38:26.470859062,T,KO,F I,8,68.05
2025-10-20,9:38:28.801301622,T,KO,F,100,68.05
2025-10-20,9:38:29.503284636,T,KO,F I,1,68.04
2025-10-20,9:38:29.503284636,T,KO,F I,8,68.04
2025-10-20,9:38:29.564826410,T,KO,F I,55,68.04
2025-10-20,9:38:29.589478837,T,KO,,100,68.045
2025-10-20,9:38:30.248513658,T,KO,F I,55,68.04
2025-10-20,9:38:30.278639259,T,KO,I,74,68.04
2025-10-20,9:38:30.278639259,T,KO,I,26,68.04
2025-10-20,9:38:32.187216037,T,KO,I,3,68.045
2025-10-20,9:38:33.431751316,T,KO,F I,9,68.03
2025-10-20,9:38:33.823873229,T,KO,,100,68.025
2025-10-20,9:38:33.832227106,T,KO,,100,68.025
2025-10-20,9:38:33.835135060,T,KO,,100,68.025
2025-10-20,9:38:33.839919504,T,KO,,200,68.025
2025-10-20,9:38:33.844099372,T,KO,,100,68.025
2025-10-20,9:38:34.707984907,T,KO,,100,68.03
2025-10-20,9:38:38.738105829,T,KO,F,100,68.03
2025-10-20,9:38:42.245244978,T,KO,,100,68.03
2025-10-20,9:38:42.245323889,T,KO,,100,68.04
2025-10-20,9:38:42.245347248,T,KO,I,1,68.04
2025-10-20,9:38:42.245371253,T,KO,I,1,68.04
2025-10-20,9:38:42.245392658,T,KO,I,98,68.04
2025-10-20,9:38:42.245392658,T,KO,I,1,68.04
2025-10-20,9:38:42.245644984,T,KO,,100,68.035
2025-10-20,9:38:42.245904218,T,KO,F,200,68.03
2025-10-20,9:38:42.245904218,T,KO,F I,53,68.03
2025-10-20,9:38:42.245906760,T,KO,F,100,68.03
2025-10-20,9:38:44.168999002,T,KO,F I,50,68.02
2025-10-20,9:38:44.168999002,T,KO,F I,6,68.02
2025-10-20,9:38:44.706078130,T,KO,,100,68.015
2025-10-20,9:38:44.710218970,T,KO,,100,68.015
2025-10-20,9:38:44.745772742,T,KO,,100,68.015
2025-10-20,9:38:44.745835841,T,KO,,100,68.015
2025-10-20,9:38:44.748370880,T,KO,,100,68.015
2025-10-20,9:38:44.755933892,T,KO,,100,68.015
2025-10-20,9:38:44.756141425,T,KO,,350,68.015
2025-10-20,9:38:44.756183457,T,KO,,130,68.015
2025-10-20,9:38:44.758652349,T,KO,,300,68.015
2025-10-20,9:38:44.758697518,T,KO,,350,68.015
2025-10-20,9:38:44.758733535,T,KO,,350,68.015
2025-10-20,9:38:44.761208446,T,KO,,196,68.015
2025-10-20,9:38:44.819773076,T,KO,F I,53,68.02
2025-10-20,9:38:44.819773076,T,KO,F,600,68.02
2025-10-20,9:38:45.236884451,T,KO,,100,68.035
2025-10-20,9:38:48.531766101,T,KO,I,9,68.03
2025-10-20,9:38:48.531769097,T,KO,I,45,68.03
2025-10-20,9:38:49.697970677,T,KO,F I,5,68.025
2025-10-20,9:38:49.697985752,T,KO,F I,5,68.025
2025-10-20,9:38:50.779132792,T,KO,F I,5,68.02
2025-10-20,9:38:50.873828301,T,KO,I,55,68.02
2025-10-20,9:38:50.873924573,T,KO,F,100,68.02
2025-10-20,9:38:50.873946053,T,KO,I,1,68.025
2025-10-20,9:38:50.873946053,T,KO,F I,34,68.025
2025-10-20,9:38:50.874111006,T,KO,F I,65,68.025
2025-10-20,9:38:50.874111006,T,KO,F I,54,68.02
2025-10-20,9:38:50.874113957,T,KO,F I,16,68.02
2025-10-20,9:38:50.874132778,T,KO,I,31,68.02
2025-10-20,9:38:50.977373962,T,KO,I,12,68.02
2025-10-20,9:38:50.977377535,T,KO,I,27,68.02
2025-10-20,9:38:50.977377535,T,KO,I,46,68.02
2025-10-20,9:38:50.977380008,T,KO,I,4,68.02
2025-10-20,9:38:50.977425081,T,KO,,100,68.015
2025-10-20,9:38:51.674238745,T,KO,I,25,68.02
2025-10-20,9:38:52.530287594,T,KO,I,10,68.02
2025-10-20,9:38:52.530309384,T,KO,I,40,68.02
2025-10-20,9:38:52.530312478,T,KO,I,9,68.02
2025-10-20,9:38:52.530314738,T,KO,I,49,68.02
2025-10-20,9:38:52.530787352,T,KO,I,26,68.02
2025-10-20,9:38:52.530787352,T,KO,I,54,68.02
2025-10-20,9:38:52.762575837,T,KO,F I,54,68.02
2025-10-20,9:38:53.762616717,T,KO,I,15,68.02
2025-10-20,9:38:53.842414797,T,KO,I,1,68.03
2025-10-20,9:38:53.842414797,T,KO,I,23,68.03
2025-10-20,9:38:53.842417798,T,KO,I,27,68.03
2025-10-20,9:38:53.842974109,T,KO,I,26,68.03
2025-10-20,9:38:53.842977334,T,KO,I,53,68.03
2025-10-20,9:38:53.842980145,T,KO,I,21,68.03
2025-10-20,9:38:53.842998452,T,KO,I,78,68.03
2025-10-20,9:38:55.157624366,T,KO,I,4,68.025
2025-10-20,9:38:55.484824919,T,KO,F I,5,68.02
2025-10-20,9:39:02.598878362,T,KO,F I,9,68.01
2025-10-20,9:39:02.598880640,T,KO,F I,5,68.01
2025-10-20,9:39:02.598898676,T,KO,I,8,68.01
2025-10-20,9:39:02.598992099,T,KO,F I,92,68.01
2025-10-20,9:39:02.599221513,T,KO,F,100,68.0
2025-10-20,9:39:02.599226502,T,KO,F I,50,68.0
2025-10-20,9:39:02.599226502,T,KO,F I,50,68.0
2025-10-20,9:39:02.599230171,T,KO,F I,1,68.0
2025-10-20,9:39:02.599238650,T,KO,F I,15,68.0
2025-10-20,9:39:02.599245240,T,KO,F I,30,68.0
2025-10-20,9:39:02.599253738,T,KO,F I,10,68.0
2025-10-20,9:39:02.599262707,T,KO,F I,25,68.0
2025-10-20,9:39:02.599266233,T,KO,F I,1,68.0
2025-10-20,9:39:02.599268805,T,KO,F,388,68.0
2025-10-20,9:39:02.599275067,T,KO,F I,1,68.0
2025-10-20,9:39:02.600113851,T,KO,F I,2,67.99
2025-10-20,9:39:02.600113851,T,KO,F,161,67.99
2025-10-20,9:39:02.600370228,T,KO,,100,67.99
2025-10-20,9:39:02.600375997,T,KO,,100,67.995
2025-10-20,9:39:02.600375997,T,KO,I,52,68.0
2025-10-20,9:39:02.600375997,T,KO,,100,68.0
2025-10-20,9:39:02.600381182,T,KO,I,53,68.0
2025-10-20,9:39:02.600381182,T,KO,I,14,68.0
2025-10-20,9:39:02.600384176,T,KO,I,41,68.0
2025-10-20,9:39:02.600384176,T,KO,,100,68.0
2025-10-20,9:39:02.600387441,T,KO,I,26,68.0
2025-10-20,9:39:02.600387441,T,KO,I,99,68.0
2025-10-20,9:39:02.600390622,T,KO,,200,68.0
2025-10-20,9:39:02.600390622,T,KO,I,50,68.0
2025-10-20,9:39:02.600399223,T,KO,I,1,67.995
2025-10-20,9:39:02.600460680,T,KO,F,100,68.0
2025-10-20,9:39:02.600460680,T,KO,F I,50,67.99
2025-10-20,9:39:02.600465841,T,KO,F,100,67.99
2025-10-20,9:39:02.600465841,T,KO,F I,56,67.99
2025-10-20,9:39:02.600465841,T,KO,F I,44,67.99
2025-10-20,9:39:02.600558839,T,KO,I,44,68.0
2025-10-20,9:39:02.600603766,T,KO,I,6,68.0
2025-10-20,9:39:02.600603766,T,KO,I,47,68.0
2025-10-20,9:39:02.600607214,T,KO,,100,68.0
2025-10-20,9:39:02.600607214,T,KO,I,16,68.0
2025-10-20,9:39:02.600609869,T,KO,I,40,68.0
2025-10-20,9:39:02.600613383,T,KO,,200,68.0
2025-10-20,9:39:02.600928478,T,KO,I,52,68.0
2025-10-20,9:39:02.600931526,T,KO,I,48,68.0
2025-10-20,9:39:02.601307413,T,KO,,200,68.0
2025-10-20,9:39:02.601707427,T,KO,I,33,68.0
2025-10-20,9:39:02.601707427,T,KO,I,4,68.0
2025-10-20,9:39:02.601999122,T,KO,I,11,68.0
2025-10-20,9:39:02.609041858,T,KO,F I,15,68.0
2025-10-20,9:39:02.609044864,T,KO,F I,52,68.0
2025-10-20,9:39:02.609044864,T,KO,F I,52,68.0
2025-10-20,9:39:02.609047903,T,KO,F I,8,68.0
2025-10-20,9:39:02.609072134,T,KO,F,200,67.99
2025-10-20,9:39:02.609072134,T,KO,F I,50,67.99
2025-10-20,9:39:02.609294453,T,KO,I,56,67.99
2025-10-20,9:39:02.609838778,T,KO,F I,44,67.99
2025-10-20,9:39:02.610311340,T,KO,,100,67.99
2025-10-20,9:39:02.610311340,T,KO,I,41,67.99
2025-10-20,9:39:02.610314577,T,KO,I,65,67.99
2025-10-20,9:39:02.610317018,T,KO,,100,67.99
2025-10-20,9:39:02.610317018,T,KO,,100,67.99
2025-10-20,9:39:02.610320023,T,KO,I,52,67.99
2025-10-20,9:39:02.610323540,T,KO,I,15,67.99
2025-10-20,9:39:02.610752981,T,KO,F,100,67.99
2025-10-20,9:39:02.610828197,T,KO,I,8,67.99
2025-10-20,9:39:02.671181890,T,KO,I,44,67.99
2025-10-20,9:39:02.671181890,T,KO,,100,67.99
2025-10-20,9:39:02.671184833,T,KO,I,19,67.99
2025-10-20,9:39:02.671184833,T,KO,I,37,67.99
2025-10-20,9:39:02.671190882,T,KO,I,1,67.99
2025-10-20,9:39:02.671211885,T,KO,I,59,67.99
2025-10-20,9:39:02.671239050,T,KO,F I,41,67.99
2025-10-20,9:39:02.788722833,T,KO,,100,67.985
2025-10-20,9:39:03.071456185,T,KO,,182,67.985
2025-10-20,9:39:03.176743001,T,KO,,100,67.985
2025-10-20,9:39:03.177290272,T,KO,,100,67.985
2025-10-20,9:39:03.177804472,T,KO,,100,67.985
2025-10-20,9:39:03.336805250,T,KO,F,100,67.98
2025-10-20,9:39:03.336820259,T,KO,F I,65,67.98
2025-10-20,9:39:03.491024495,T,KO,F,100,67.98
2025-10-20,9:39:03.491039546,T,KO,F I,18,67.98
2025-10-20,9:39:03.491042575,T,KO,F I,47,67.99
2025-10-20,9:39:03.491063877,T,KO,I,1,67.99
2025-10-20,9:39:03.491066891,T,KO,I,17,67.99
2025-10-20,9:39:03.491066891,T,KO,I,14,67.99
2025-10-20,9:39:03.510474812,T,KO,F I,86,67.99
2025-10-20,9:39:03.510477918,T,KO,F I,12,67.99
2025-10-20,9:39:03.520720275,T,KO,F,500,67.995
2025-10-20,9:39:03.520729222,T,KO,F I,16,67.995
2025-10-20,9:39:03.732496622,T,KO,F I,41,67.99
2025-10-20,9:39:05.920483959,T,KO,,100,67.98
2025-10-20,9:39:05.932524615,T,KO,,100,67.98
2025-10-20,9:39:05.932575705,T,KO,F,100,67.98
2025-10-20,9:39:06.071900611,T,KO,,100,67.975
2025-10-20,9:39:10.360117073,T,KO,F I,80,67.99
2025-10-20,9:39:10.360117073,T,KO,F,120,67.99
2025-10-20,9:39:10.360853814,T,KO,,100,68.0
2025-10-20,9:39:10.360874958,T,KO,,100,68.0
2025-10-20,9:39:10.362889653,T,KO,F I,28,68.0
2025-10-20,9:39:10.362889653,T,KO,F I,54,68.0
2025-10-20,9:39:10.362895690,T,KO,F,100,68.0
2025-10-20,9:39:10.367434583,T,KO,I,54,68.0
2025-10-20,9:39:10.367439075,T,KO,I,54,68.0
2025-10-20,9:39:10.367668379,T,KO,F I,54,68.0
2025-10-20,9:39:10.367671263,T,KO,F,100,68.0
2025-10-20,9:39:10.367674927,T,KO,F,100,68.0
2025-10-20,9:39:10.367674927,T,KO,F I,43,68.0
2025-10-20,9:39:10.367677118,T,KO,F I,54,68.0
2025-10-20,9:39:10.367680081,T,KO,F,200,68.0
2025-10-20,9:39:10.367704139,T,KO,,100,68.0
2025-10-20,9:39:10.368389735,T,KO,I,54,68.0
2025-10-20,9:39:10.368393799,T,KO,I,36,68.0
2025-10-20,9:39:10.368393799,T,KO,I,54,68.0
2025-10-20,9:39:10.368395793,T,KO,I,50,68.0
2025-10-20,9:39:10.368399447,T,KO,I,4,68.0
2025-10-20,9:39:10.368399447,T,KO,,200,68.0
2025-10-20,9:39:10.615130525,T,KO,F I,54,68.0
2025-10-20,9:39:10.877162607,T,KO,,100,68.005
2025-10-20,9:39:11.216391685,T,KO,F I,2,68.0
2025-10-20,9:39:11.216391685,T,KO,F,198,68.0
2025-10-20,9:39:11.378047587,T,KO,I,55,68.0
2025-10-20,9:39:15.069207165,T,KO,I,55,68.0
2025-10-20,9:39:15.069478058,T,KO,F,200,67.99
2025-10-20,9:39:15.069478058,T,KO,F I,50,67.99
2025-10-20,9:39:15.069480820,T,KO,F I,25,67.99
2025-10-20,9:39:15.069483871,T,KO,,100,67.99
2025-10-20,9:39:15.069916835,T,KO,I,25,67.99
2025-10-20,9:39:15.069925817,T,KO,F,100,67.98
2025-10-20,9:39:15.069925817,T,KO,F,100,67.98
2025-10-20,9:39:15.069949905,T,KO,I,25,67.98
2025-10-20,9:39:15.069992484,T,KO,F I,25,67.98
2025-10-20,9:39:15.698447278,T,KO,F I,1,67.97
2025-10-20,9:39:15.698452789,T,KO,F I,57,67.97
2025-10-20,9:39:15.698452789,T,KO,F I,50,67.97
2025-10-20,9:39:17.220440868,T,KO,F I,25,67.97
2025-10-20,9:39:17.220446870,T,KO,F,100,67.97
2025-10-20,9:39:17.531396376,T,KO,I,10,67.97
2025-10-20,9:39:19.259194623,T,KO,I,1,67.98
2025-10-20,9:39:21.438277773,T,KO,I,10,67.96
2025-10-20,9:39:21.449172700,T,KO,,100,67.955
2025-10-20,9:39:21.469302690,T,KO,I,4,67.94
2025-10-20,9:39:21.469305653,T,KO,,200,67.94
2025-10-20,9:39:21.469308632,T,KO,I,57,67.94
2025-10-20,9:39:21.469326875,T,KO,I,1,67.94
2025-10-20,9:39:21.469326875,T,KO,I,42,67.94
2025-10-20,9:39:23.070694785,T,KO,I,50,67.945
2025-10-20,9:39:23.070995537,T,KO,F I,25,67.94
2025-10-20,9:39:23.071600095,T,KO,F I,61,67.94
2025-10-20,9:39:23.071603001,T,KO,F I,29,67.94
2025-10-20,9:39:23.071783971,T,KO,F I,61,67.94
2025-10-20,9:39:23.071783971,T,KO,F,100,67.94
2025-10-20,9:39:23.071786387,T,KO,F I,33,67.94
2025-10-20,9:39:23.071804431,T,KO,I,1,67.94
2025-10-20,9:39:24.184141779,T,KO,F I,1,67.94
2025-10-20,9:39:26.352889251,T,KO,F I,30,67.95
2025-10-20,9:39:26.353421741,T,KO,,100,67.96
2025-10-20,9:39:26.353421741,T,KO,I,1,67.96
2025-10-20,9:39:26.353421741,T,KO,I,15,67.96
2025-10-20,9:39:26.353440474,T,KO,I,1,67.96
2025-10-20,9:39:26.353484701,T,KO,F I,99,67.96
2025-10-20,9:39:26.353484701,T,KO,F I,2,67.96
2025-10-20,9:39:26.353508724,T,KO,I,1,67.96
2025-10-20,9:39:26.353616969,T,KO,I,97,67.96
2025-10-20,9:39:26.353616969,T,KO,I,3,67.96
2025-10-20,9:39:26.353890645,T,KO,I,82,67.96
2025-10-20,9:39:26.355093528,T,KO,F I,60,67.96
2025-10-20,9:39:26.355093528,T,KO,F I,13,67.96
2025-10-20,9:39:26.544376976,T,KO,I,13,67.96
2025-10-20,9:39:26.544379312,T,KO,I,60,67.96
2025-10-20,9:39:27.462758209,T,KO,I,8,67.97
2025-10-20,9:39:27.462760898,T,KO,I,29,67.97
2025-10-20,9:39:27.462763685,T,KO,I,17,67.97
2025-10-20,9:39:27.462763685,T,KO,I,6,67.97
2025-10-20,9:39:27.462766714,T,KO,I,17,67.97
2025-10-20,9:39:27.462766714,T,KO,I,23,67.97
2025-10-20,9:39:27.890472445,T,KO,F I,75,67.97
2025-10-20,9:39:32.416095478,T,KO,F,100,67.95
2025-10-20,9:39:32.982614838,T,KO,F,100,67.95
2025-10-20,9:39:32.982630724,T,KO,F,200,67.95
2025-10-20,9:39:32.982630724,T,KO,I,1,67.95
2025-10-20,9:39:32.982632884,T,KO,F I,34,67.95
2025-10-20,9:39:32.982635917,T,KO,F,100,67.95
2025-10-20,9:39:32.998793374,T,KO,I,1,67.96
2025-10-20,9:39:37.231136711,T,KO,F,100,67.96
2025-10-20,9:39:37.231154694,T,KO,I,1,67.96
2025-10-20,9:39:37.232507930,T,KO,I,99,67.96
2025-10-20,9:39:39.520949554,T,KO,,300,67.94
2025-10-20,9:39:39.520949554,T,KO,,100,67.94
2025-10-20,9:39:40.382077527,T,KO,,100,67.94
2025-10-20,9:39:43.257817850,T,KO,F,100,67.94
2025-10-20,9:39:44.564228478,T,KO,,100,67.94
2025-10-20,9:39:45.462290437,T,KO,F I,15,67.94
2025-10-20,9:39:48.936056193,T,KO,I,1,67.94
2025-10-20,9:39:48.978279752,T,KO,F I,42,67.95
2025-10-20,9:39:48.978673676,T,KO,F,200,67.95
2025-10-20,9:39:49.562565369,T,KO,I,5,67.95
2025-10-20,9:39:51.029483218,T,KO,F,200,67.96
2025-10-20,9:39:54.119949952,T,KO,,100,67.955
2025-10-20,9:39:54.120070297,T,KO,F I,71,67.95
2025-10-20,9:39:54.120094759,T,KO,I,29,67.95
2025-10-20,9:39:54.259584537,T,KO,,100,67.94
2025-10-20,9:39:54.259584537,T,KO,,375,67.93
2025-10-20,9:39:54.259602572,T,KO,I,1,67.93
2025-10-20,9:39:59.220175416,T,KO,I,53,67.94
2025-10-20,9:39:59.220190645,T,KO,I,47,67.94
2025-10-20,9:39:59.458342774,T,KO,,100,67.93
2025-10-20,9:40:00.544388419,T,KO,,100,67.935
2025-10-20,9:40:04.061845212,T,KO,,200,67.935
2025-10-20,9:40:04.062338500,T,KO,I,30,67.95
2025-10-20,9:40:04.062657176,T,KO,,100,67.945
2025-10-20,9:40:04.062660178,T,KO,I,97,67.94
2025-10-20,9:40:04.062681248,T,KO,I,1,67.94
2025-10-20,9:40:09.260414015,T,KO,F,200,67.93
2025-10-20,9:40:09.893172040,T,KO,I,6,67.93
2025-10-20,9:40:16.305663239,T,KO,F I,49,67.94
2025-10-20,9:40:16.305666269,T,KO,F I,25,67.94
2025-10-20,9:40:16.305669299,T,KO,F I,50,67.94
2025-10-20,9:40:16.491154070,T,KO,F I,27,67.95
2025-10-20,9:40:16.491157636,T,KO,F I,5,67.95
2025-10-20,9:40:16.491157636,T,KO,F,100,67.95
2025-10-20,9:40:16.491160830,T,KO,F I,1,67.95
2025-10-20,9:40:16.491163136,T,KO,F I,5,67.95
2025-10-20,9:40:16.493457933,T,KO,I,8,67.96
2025-10-20,9:40:16.493532719,T,KO,F,123,67.96
2025-10-20,9:40:18.454849129,T,KO,I,8,67.94
2025-10-20,9:40:19.033445207,T,KO,F I,58,67.95
2025-10-20,9:40:21.335686636,T,KO,F I,1,67.95
2025-10-20,9:40:21.440510587,T,KO,I,1,67.96
2025-10-20,9:40:21.445291709,T,KO,,100,67.96
2025-10-20,9:40:21.670648557,T,KO,F I,14,67.96
2025-10-20,9:40:22.097638770,T,KO,I,4,67.97
2025-10-20,9:40:22.097642234,T,KO,I,1,67.97
2025-10-20,9:40:22.097642234,T,KO,I,4,67.97
2025-10-20,9:40:22.097644512,T,KO,,200,67.97
2025-10-20,9:40:26.050051236,T,KO,I,10,67.97
2025-10-20,9:40:26.050075899,T,KO,I,65,67.97
2025-10-20,9:40:26.050078833,T,KO,,200,67.97
2025-10-20,9:40:26.050078833,T,KO,I,50,67.97
2025-10-20,9:40:26.050081354,T,KO,I,60,67.97
2025-10-20,9:40:26.077996910,T,KO,F I,50,67.99
2025-10-20,9:40:26.078000647,T,KO,F,300,67.99
2025-10-20,9:40:26.078000647,T,KO,F,200,67.99
2025-10-20,9:40:26.078002792,T,KO,F I,50,67.99
2025-10-20,9:40:26.078017836,T,KO,I,1,67.99
2025-10-20,9:40:26.078129087,T,KO,F I,4,67.99
2025-10-20,9:40:26.078387742,T,KO,,100,67.99
2025-10-20,9:40:26.078387742,T,KO,,100,67.99
2025-10-20,9:40:26.078390680,T,KO,I,59,67.99
2025-10-20,9:40:26.078393855,T,KO,I,70,67.99
2025-10-20,9:40:26.078459937,T,KO,F I,50,67.99
2025-10-20,9:40:26.078499036,T,KO,I,9,67.99
2025-10-20,9:40:26.404388142,T,KO,F I,5,67.99
2025-10-20,9:40:28.988310393,T,KO,,100,67.99
2025-10-20,9:40:28.988334525,T,KO,F I,1,67.99
2025-10-20,9:40:28.988334525,T,KO,F I,4,67.99
2025-10-20,9:40:28.988338371,T,KO,I,5,67.99
2025-10-20,9:40:28.988349568,T,KO,I,5,67.99
2025-10-20,9:40:28.988863790,T,KO,I,5,67.99
2025-10-20,9:40:28.989119368,T,KO,I,85,67.99
2025-10-20,9:40:30.772926027,T,KO,,100,67.995
2025-10-20,9:40:33.054514229,T,KO,F,200,67.99
2025-10-20,9:40:33.161674424,T,KO,F I,5,67.99
2025-10-20,9:40:33.799189767,T,KO,F I,7,67.99
2025-10-20,9:40:34.831590820,T,KO,F I,80,68.0
2025-10-20,9:40:34.831611788,T,KO,F I,20,68.0
2025-10-20,9:40:34.831611788,T,KO,F,100,68.0
2025-10-20,9:40:34.832342574,T,KO,F I,29,68.0
2025-10-20,9:40:34.832354563,T,KO,F I,56,68.0
2025-10-20,9:40:34.832354563,T,KO,F I,7,68.0
2025-10-20,9:40:36.268026347,T,KO,,125,68.01
2025-10-20,9:40:36.268044014,T,KO,F,375,68.01
2025-10-20,9:40:36.268049290,T,KO,F I,14,68.01
2025-10-20,9:40:36.268049290,T,KO,F I,56,68.01
2025-10-20,9:40:36.268052174,T,KO,F I,50,68.01
2025-10-20,9:40:36.268058072,T,KO,F I,15,68.01
2025-10-20,9:40:36.269357924,T,KO,F I,5,68.02
2025-10-20,9:40:36.330745397,T,KO,,100,68.025
2025-10-20,9:40:38.012912895,T,KO,I,1,68.03
2025-10-20,9:40:38.012982045,T,KO,I,12,68.03
2025-10-20,9:40:38.013878194,T,KO,F I,12,68.03
2025-10-20,9:40:38.013920288,T,KO,F I,98,68.035
2025-10-20,9:40:38.020767651,T,KO,,100,68.035
2025-10-20,9:40:38.122749536,T,KO,F I,47,68.03
2025-10-20,9:40:38.204908247,T,KO,,100,68.02
2025-10-20,9:40:38.205293158,T,KO,F I,9,68.02
2025-10-20,9:40:38.205831445,T,KO,I,59,68.02
2025-10-20,9:40:38.205834829,T,KO,I,59,68.02
2025-10-20,9:40:38.205834829,T,KO,I,29,68.02
2025-10-20,9:40:38.411557923,T,KO,F I,29,68.02
2025-10-20,9:40:38.411557923,T,KO,F I,59,68.02
2025-10-20,9:40:38.411560416,T,KO,F I,7,68.02
2025-10-20,9:40:38.411575483,T,KO,I,1,68.02
2025-10-20,9:40:40.107101416,T,KO,,100,68.03
2025-10-20,9:40:40.107103977,T,KO,I,1,68.03
2025-10-20,9:40:40.107103977,T,KO,I,4,68.03
2025-10-20,9:40:40.107106832,T,KO,I,28,68.03
2025-10-20,9:40:40.107360062,T,KO,I,35,68.03
2025-10-20,9:40:40.107434592,T,KO,F I,24,68.03
2025-10-20,9:40:40.107437943,T,KO,F I,29,68.03
2025-10-20,9:40:40.107461651,T,KO,F,171,68.03
2025-10-20,9:40:40.107663117,T,KO,F,100,68.03
2025-10-20,9:40:41.133524446,T,KO,I,59,68.02
2025-10-20,9:40:41.133526486,T,KO,I,71,68.02
2025-10-20,9:40:41.133532682,T,KO,,100,68.02
2025-10-20,9:40:41.133532682,T,KO,I,29,68.03
2025-10-20,9:40:41.133535547,T,KO,I,5,68.03
2025-10-20,9:40:41.133535547,T,KO,I,10,68.03
2025-10-20,9:40:41.133538490,T,KO,I,99,68.03
2025-10-20,9:40:41.133538490,T,KO,I,50,68.03
2025-10-20,9:40:41.133541577,T,KO,,100,68.03
2025-10-20,9:40:42.612024913,T,KO,I,20,68.04
2025-10-20,9:40:42.612148238,T,KO,I,24,68.04
2025-10-20,9:40:42.971642431,T,KO,I,55,68.04
2025-10-20,9:40:42.971645418,T,KO,I,45,68.04
2025-10-20,9:40:42.971657536,T,KO,I,1,68.04
2025-10-20,9:40:42.971660458,T,KO,I,16,68.04
2025-10-20,9:40:45.200548210,T,KO,I,38,68.04
2025-10-20,9:40:45.200551200,T,KO,I,6,68.04
2025-10-20,9:40:45.200554235,T,KO,I,6,68.04
2025-10-20,9:40:45.200554235,T,KO,I,11,68.04
2025-10-20,9:40:45.200833883,T,KO,F I,31,68.04
2025-10-20,9:40:45.673186940,T,KO,F,100,68.04
2025-10-20,9:40:46.681578629,T,KO,F I,31,68.04
2025-10-20,9:40:46.691174676,T,KO,,100,68.045
2025-10-20,9:40:46.691213590,T,KO,I,1,68.05
2025-10-20,9:40:47.312986550,T,KO,I,5,68.045
2025-10-20,9:40:47.479255573,T,KO,I,20,68.04
2025-10-20,9:40:56.005141306,T,KO,F I,25,68.04
2025-10-20,9:40:59.848000134,T,KO,F I,25,68.04
2025-10-20,9:41:00.655426405,T,KO,,100,68.04
2025-10-20,9:41:00.658045545,T,KO,,100,68.04
2025-10-20,9:41:00.663756113,T,KO,,100,68.04
2025-10-20,9:41:00.671448479,T,KO,,100,68.04
2025-10-20,9:41:00.674007618,T,KO,,100,68.04
2025-10-20,9:41:04.507387717,T,KO,F I,60,68.05
2025-10-20,9:41:04.520655268,T,KO,F I,52,68.05
2025-10-20,9:41:08.226670215,T,KO,F I,52,68.03
2025-10-20,9:41:08.599699665,T,KO,,100,68.035
2025-10-20,9:41:08.599702837,T,KO,I,32,68.03
2025-10-20,9:41:08.599702837,T,KO,,168,68.03
2025-10-20,9:41:08.599717678,T,KO,I,1,68.03
2025-10-20,9:41:08.600638072,T,KO,F I,23,68.03
2025-10-20,9:41:08.600638072,T,KO,F,100,68.03
2025-10-20,9:41:08.604541490,T,KO,I,54,68.03
2025-10-20,9:41:08.604541490,T,KO,,400,68.02
2025-10-20,9:41:08.604544214,T,KO,,100,68.02
2025-10-20,9:41:08.604544214,T,KO,,346,68.02
2025-10-20,9:41:08.604667533,T,KO,I,32,68.02
2025-10-20,9:41:08.604748654,T,KO,F I,54,68.03
2025-10-20,9:41:08.604752822,T,KO,F,100,68.03
2025-10-20,9:41:08.604752822,T,KO,F,100,68.03
2025-10-20,9:41:08.604757678,T,KO,F,200,68.03
2025-10-20,9:41:08.604757678,T,KO,F I,54,68.03
2025-10-20,9:41:08.604760762,T,KO,F I,50,68.03
2025-10-20,9:41:08.604850967,T,KO,,100,68.03
2025-10-20,9:41:08.612874055,T,KO,F,100,68.03
2025-10-20,9:41:08.612877054,T,KO,F I,54,68.03
2025-10-20,9:41:08.612883060,T,KO,F,100,68.03
2025-10-20,9:41:08.612883060,T,KO,F I,54,68.03
2025-10-20,9:41:08.612886038,T,KO,F I,92,68.03
2025-10-20,9:41:08.621456614,T,KO,F I,8,68.03
2025-10-20,9:41:08.621811365,T,KO,F,200,68.02
2025-10-20,9:41:08.631915458,T,KO,F,100,68.02
2025-10-20,9:41:08.631915458,T,KO,F,100,68.02
2025-10-20,9:41:08.632225523,T,KO,F,100,68.02
2025-10-20,9:41:08.632228165,T,KO,F I,54,68.02
2025-10-20,9:41:08.632232060,T,KO,F I,32,68.02
2025-10-20,9:41:08.632234112,T,KO,F I,67,68.02
2025-10-20,9:41:08.632249167,T,KO,I,1,68.02
2025-10-20,9:41:08.632276206,T,KO,F I,99,68.02
2025-10-20,9:41:08.632276206,T,KO,F I,1,68.02
2025-10-20,9:41:08.632303346,T,KO,I,32,68.02
2025-10-20,9:41:08.632303346,T,KO,I,67,68.02
2025-10-20,9:41:08.632306623,T,KO,F I,32,68.02
2025-10-20,9:41:08.632315377,T,KO,F I,1,68.02
2025-10-20,9:41:08.640191155,T,KO,F I,54,68.02
2025-10-20,9:41:08.640194163,T,KO,F,100,68.02
2025-10-20,9:41:08.640194163,T,KO,F I,38,68.02
2025-10-20,9:41:08.640197165,T,KO,F I,8,68.02
2025-10-20,9:41:08.641760787,T,KO,F I,92,68.02
2025-10-20,9:41:08.641763828,T,KO,F I,50,68.02
2025-10-20,9:41:08.641763828,T,KO,F I,58,68.02
2025-10-20,9:41:08.651666850,T,KO,I,54,68.02
2025-10-20,9:41:08.651693467,T,KO,F I,54,68.02
2025-10-20,9:41:08.651795800,T,KO,I,54,68.02
2025-10-20,9:41:08.653359413,T,KO,F I,32,68.02
2025-10-20,9:41:08.657070272,T,KO,F I,68,68.02
2025-10-20,9:41:08.657073442,T,KO,F I,53,68.02
2025-10-20,9:41:08.657076294,T,KO,F I,79,68.02
2025-10-20,9:41:08.664128952,T,KO,F,200,68.01
2025-10-20,9:41:08.664131667,T,KO,F,100,68.01
2025-10-20,9:41:08.664134132,T,KO,F I,50,68.01
2025-10-20,9:41:08.664134132,T,KO,F,100,68.01
2025-10-20,9:41:08.664976197,T,KO,F I,14,68.01
2025-10-20,9:41:08.665045328,T,KO,I,87,68.01
2025-10-20,9:41:08.665045328,T,KO,I,53,68.01
2025-10-20,9:41:08.665063852,T,KO,F I,55,68.01
2025-10-20,9:41:08.665066319,T,KO,F,100,68.01
2025-10-20,9:41:08.665066319,T,KO,F I,53,68.01
2025-10-20,9:41:08.665069622,T,KO,F I,49,68.01
2025-10-20,9:41:08.665217601,T,KO,F I,78,68.01
2025-10-20,9:41:08.669303573,T,KO,F I,22,68.01
2025-10-20,9:41:08.669306523,T,KO,F I,53,68.01
2025-10-20,9:41:08.669306523,T,KO,F I,25,68.01
2025-10-20,9:41:08.673267532,T,KO,F I,42,68.01
2025-10-20,9:41:08.673270710,T,KO,F I,50,68.01
2025-10-20,9:41:08.673270710,T,KO,F,100,68.01
2025-10-20,9:41:08.673272957,T,KO,F I,8,68.01
2025-10-20,9:41:08.700307329,T,KO,F I,17,68.01
2025-10-20,9:41:08.700310349,T,KO,F I,8,68.01
2025-10-20,9:41:08.700460695,T,KO,I,32,68.01
2025-10-20,9:41:08.701164514,T,KO,F I,53,68.01
2025-10-20,9:41:08.701164514,T,KO,F I,32,68.01
2025-10-20,9:41:08.701167456,T,KO,F,100,68.01
2025-10-20,9:41:08.701170710,T,KO,F I,50,68.01
2025-10-20,9:41:08.701651474,T,KO,F,200,68.0
2025-10-20,9:41:08.701651474,T,KO,F I,50,68.0
2025-10-20,9:41:08.701655125,T,KO,F,100,68.0
2025-10-20,9:41:08.701657562,T,KO,F I,25,68.0
2025-10-20,9:41:08.701657562,T,KO,F,100,68.0
2025-10-20,9:41:08.702287101,T,KO,I,56,68.0
2025-10-20,9:41:08.702287101,T,KO,I,53,68.0
2025-10-20,9:41:08.702292119,T,KO,I,53,68.005
2025-10-20,9:41:08.702292119,T,KO,,200,68.01
2025-10-20,9:41:08.702295875,T,KO,,163,68.01
2025-10-20,9:41:08.702298020,T,KO,,100,68.01
2025-10-20,9:41:08.702301692,T,KO,I,72,68.01
2025-10-20,9:41:08.702301692,T,KO,I,53,68.01
2025-10-20,9:41:08.702301692,T,KO,I,50,68.01
2025-10-20,9:41:08.702304877,T,KO,,147,68.01
2025-10-20,9:41:08.702358458,T,KO,I,53,68.01
2025-10-20,9:41:08.702478769,T,KO,F,100,68.01
2025-10-20,9:41:08.702478769,T,KO,F,163,68.01
2025-10-20,9:41:08.702484528,T,KO,F I,67,68.01
2025-10-20,9:41:08.702484528,T,KO,F I,50,68.0
2025-10-20,9:41:08.702484528,T,KO,F I,4,68.0
2025-10-20,9:41:08.702956616,T,KO,I,18,68.02
2025-10-20,9:41:08.702977684,T,KO,I,1,68.02
2025-10-20,9:41:08.709581387,T,KO,F,100,68.01
2025-10-20,9:41:08.709584847,T,KO,F,200,68.01
2025-10-20,9:41:08.709584847,T,KO,F I,4,68.01
2025-10-20,9:41:08.709588396,T,KO,F,206,68.01
2025-10-20,9:41:08.709590586,T,KO,F I,67,68.01
2025-10-20,9:41:08.709590586,T,KO,F,100,68.01
2025-10-20,9:41:08.710348145,T,KO,F I,19,68.01
2025-10-20,9:41:08.710351325,T,KO,F I,96,68.0
2025-10-20,9:41:08.710351325,T,KO,F I,44,68.0
2025-10-20,9:41:08.710354239,T,KO,F I,50,68.0
2025-10-20,9:41:08.710354239,T,KO,F I,14,68.0
2025-10-20,9:41:08.719662043,T,KO,F,100,68.005
2025-10-20,9:41:08.719662043,T,KO,F I,86,68.0
2025-10-20,9:41:08.719664361,T,KO,F I,14,68.0
2025-10-20,9:41:08.719676451,T,KO,F I,86,68.0
2025-10-20,9:41:08.719676451,T,KO,F I,14,68.0
2025-10-20,9:41:08.733593559,T,KO,F,100,68.005
2025-10-20,9:41:08.733608683,T,KO,F I,50,68.0
2025-10-20,9:41:08.733608683,T,KO,F I,50,68.0
2025-10-20,9:41:08.746407178,T,KO,F I,53,68.01
2025-10-20,9:41:08.746410503,T,KO,F,100,68.01
2025-10-20,9:41:08.746414455,T,KO,F,200,68.01
2025-10-20,9:41:08.746414455,T,KO,F I,50,68.01
2025-10-20,9:41:08.746419067,T,KO,F I,25,68.01
2025-10-20,9:41:09.629613745,T,KO,,100,68.02
2025-10-20,9:41:10.353386602,T,KO,I,60,68.02
2025-10-20,9:41:15.233976052,T,KO,,200,68.03
2025-10-20,9:41:15.233976052,T,KO,,100,68.03
2025-10-20,9:41:15.233978505,T,KO,,100,68.03
2025-10-20,9:41:15.234670382,T,KO,F I,2,68.04
2025-10-20,9:41:15.995674588,T,KO,I,67,68.04
2025-10-20,9:41:15.995674588,T,KO,I,15,68.04
2025-10-20,9:41:17.704954435,T,KO,,100,68.05
2025-10-20,9:41:17.704957476,T,KO,I,2,68.05
2025-10-20,9:41:17.704960416,T,KO,,100,68.05
2025-10-20,9:41:23.013738742,T,KO,I,10,68.06
2025-10-20,9:41:23.676448206,T,KO,F I,62,68.06
2025-10-20,9:41:27.405723451,T,KO,,100,68.06
2025-10-20,9:41:28.231872184,T,KO,F I,24,68.06
2025-10-20,9:41:28.231926301,T,KO,I,24,68.06
2025-10-20,9:41:28.232109680,T,KO,I,25,68.06
2025-10-20,9:41:28.232112765,T,KO,I,31,68.06
2025-10-20,9:41:28.232140381,T,KO,I,69,68.06
2025-10-20,9:41:28.232142853,T,KO,,100,68.06
2025-10-20,9:41:28.552604344,T,KO,F I,49,68.06
2025-10-20,9:41:28.552607274,T,KO,F I,25,68.06
2025-10-20,9:41:28.552610437,T,KO,F I,24,68.06
2025-10-20,9:41:28.552613061,T,KO,F I,72,68.06
2025-10-20,9:41:28.552613061,T,KO,F I,61,68.06
2025-10-20,9:41:28.552616090,T,KO,F I,69,68.06
2025-10-20,9:41:29.341860856,T,KO,F,100,68.05
2025-10-20,9:41:35.165543605,T,KO,I,5,68.06
2025-10-20,9:41:41.704828684,T,KO,I,25,68.05
2025-10-20,9:41:41.704831549,T,KO,I,75,68.05
2025-10-20,9:41:41.704856164,T,KO,I,1,68.05
2025-10-20,9:41:41.704856164,T,KO,F I,24,68.05
2025-10-20,9:41:41.705529704,T,KO,,100,68.05
2025-10-20,9:41:41.705534024,T,KO,,100,68.05
2025-10-20,9:41:41.705534024,T,KO,I,36,68.05
2025-10-20,9:41:41.705538805,T,KO,I,51,68.05
2025-10-20,9:41:41.705538805,T,KO,I,24,68.05
2025-10-20,9:41:41.705542841,T,KO,I,72,68.05
2025-10-20,9:41:41.705542841,T,KO,,200,68.05
2025-10-20,9:41:41.705547286,T,KO,I,50,68.05
2025-10-20,9:41:41.705547286,T,KO,,100,68.05
2025-10-20,9:41:41.705595370,T,KO,,100,68.05
2025-10-20,9:41:41.705595370,T,KO,I,3,68.05
2025-10-20,9:41:41.705625511,T,KO,I,48,68.05
2025-10-20,9:41:41.705629012,T,KO,I,52,68.05
2025-10-20,9:41:41.705766798,T,KO,F I,48,68.05
2025-10-20,9:41:41.705848325,T,KO,F,200,68.05
2025-10-20,9:41:41.705851015,T,KO,F I,14,68.05
2025-10-20,9:41:41.706401309,T,KO,I,49,68.05
2025-10-20,9:41:42.014364889,T,KO,,100,68.03
2025-10-20,9:41:42.016906125,T,KO,,300,68.03
2025-10-20,9:41:42.016906125,T,KO,I,50,68.03
2025-10-20,9:41:46.525288843,T,KO,,100,68.03
2025-10-20,9:41:46.548248499,T,KO,,100,68.03
2025-10-20,9:41:49.680629053,T,KO,F I,30,68.03
2025-10-20,9:41:49.819677233,T,KO,,100,68.03
2025-10-20,9:41:49.819680368,T,KO,I,48,68.03
2025-10-20,9:41:49.819683645,T,KO,I,53,68.03
2025-10-20,9:41:49.819698290,T,KO,I,1,68.03
2025-10-20,9:41:49.819701339,T,KO,F I,5,68.03
2025-10-20,9:41:49.819701339,T,KO,F I,1,68.03
2025-10-20,9:41:54.160311733,T,KO,F,100,68.04
2025-10-20,9:41:54.160329868,T,KO,I,1,68.04
2025-10-20,9:41:54.160359809,T,KO,F I,99,68.04
2025-10-20,9:41:55.866133565,T,KO,,100,68.055
2025-10-20,9:41:56.140320691,T,KO,F,100,68.06
2025-10-20,9:41:56.140323711,T,KO,F,100,68.06
2025-10-20,9:42:01.968120141,T,KO,I,3,68.07
2025-10-20,9:42:01.968123346,T,KO,I,2,68.07
2025-10-20,9:42:01.968123346,T,KO,I,30,68.07
2025-10-20,9:42:01.968796740,T,KO,F I,70,68.07
2025-10-20,9:42:01.969467678,T,KO,F,100,68.075
2025-10-20,9:42:01.969467678,T,KO,F I,48,68.07
2025-10-20,9:42:01.969470451,T,KO,F I,35,68.07
2025-10-20,9:42:01.969470451,T,KO,F I,7,68.07
2025-10-20,9:42:01.969491728,T,KO,I,1,68.075
2025-10-20,9:42:01.969654002,T,KO,F I,99,68.075
2025-10-20,9:42:01.969654002,T,KO,F I,91,68.07
2025-10-20,9:42:02.128600341,T,KO,I,42,68.07
2025-10-20,9:42:02.128600341,T,KO,I,48,68.07
2025-10-20,9:42:02.250875129,T,KO,F,100,68.075
2025-10-20,9:42:02.250878035,T,KO,F,200,68.08
2025-10-20,9:42:02.250889668,T,KO,F I,50,68.08
2025-10-20,9:42:02.250899216,T,KO,I,1,68.08
2025-10-20,9:42:02.459727972,T,KO,F I,50,68.07
2025-10-20,9:42:02.459730980,T,KO,F,200,68.07
2025-10-20,9:42:03.496206620,T,KO,I,46,68.065
2025-10-20,9:42:05.560037189,T,KO,I,10,68.065
2025-10-20,9:42:08.146572756,T,KO,,100,68.065
2025-10-20,9:42:08.225634036,T,KO,I,5,68.075
2025-10-20,9:42:10.024828389,T,KO,I,27,68.08
2025-10-20,9:42:10.036120248,T,KO,,100,68.075
2025-10-20,9:42:11.275799378,T,KO,F I,22,68.08
2025-10-20,9:42:11.275801844,T,KO,F,100,68.08
2025-10-20,9:42:16.572070307,T,KO,,100,68.085
2025-10-20,9:42:19.030025573,T,KO,,100,68.085
2025-10-20,9:42:21.355395136,T,KO,F,100,68.09
2025-10-20,9:42:21.355413137,T,KO,I,1,68.09
2025-10-20,9:42:21.375380766,T,KO,F I,39,68.09
2025-10-20,9:42:22.987863315,T,KO,F,100,68.09
2025-10-20,9:42:27.827467094,T,KO,,100,68.095
2025-10-20,9:42:27.827467094,T,KO,,100,68.095
2025-10-20,9:42:27.926709496,T,KO,F,100,68.09
2025-10-20,9:42:27.926709496,T,KO,F,100,68.09
2025-10-20,9:42:30.255873980,T,KO,F,100,68.08
2025-10-20,9:42:30.255895103,T,KO,I,1,68.08
2025-10-20,9:42:30.255997296,T,KO,I,25,68.08
2025-10-20,9:42:30.500332238,T,KO,I,6,68.085
2025-10-20,9:42:31.894275320,T,KO,F,100,68.08
2025-10-20,9:42:31.894284406,T,KO,,100,68.08
2025-10-20,9:42:33.317014984,T,KO,,166,68.08
2025-10-20,9:42:33.317099178,T,KO,,100,68.08
2025-10-20,9:42:33.562967717,T,KO,F I,33,68.08
2025-10-20,9:42:34.973377995,T,KO,,100,68.08
2025-10-20,9:42:39.626715202,T,KO,I,1,68.05
2025-10-20,9:42:41.591134983,T,KO,,100,68.065
2025-10-20,9:42:45.936960173,T,KO,I,20,68.06
2025-10-20,9:42:45.936960173,T,KO,,100,68.06
2025-10-20,9:42:45.936962895,T,KO,,100,68.06
2025-10-20,9:42:45.937775350,T,KO,F I,9,68.05
2025-10-20,9:42:45.938190051,T,KO,I,46,68.05
2025-10-20,9:42:45.938190051,T,KO,I,54,68.05
2025-10-20,9:42:45.938264888,T,KO,F I,46,68.05
2025-10-20,9:42:45.938517445,T,KO,F,200,68.05
2025-10-20,9:42:45.955375622,T,KO,F,100,68.04
2025-10-20,9:42:45.955390654,T,KO,F I,22,68.04
2025-10-20,9:42:45.955390654,T,KO,F I,78,68.04
2025-10-20,9:42:45.974474465,T,KO,I,46,68.04
2025-10-20,9:42:45.974477374,T,KO,I,50,68.04
2025-10-20,9:42:45.974480134,T,KO,I,79,68.04
2025-10-20,9:42:45.974495165,T,KO,I,1,68.04
2025-10-20,9:42:45.984361748,T,KO,I,20,68.045
2025-10-20,9:42:47.933141215,T,KO,I,20,68.04
2025-10-20,9:42:47.933195373,T,KO,I,45,68.04
2025-10-20,9:42:47.933261557,T,KO,I,46,68.04
2025-10-20,9:42:50.508583345,T,KO,F,100,68.05
2025-10-20,9:42:50.508592723,T,KO,,100,68.05
2025-10-20,9:42:51.280549066,T,KO,,158,68.055
2025-10-20,9:42:51.557156798,T,KO,I,2,68.06
2025-10-20,9:42:51.557160631,T,KO,I,10,68.06
2025-10-20,9:42:51.758203741,T,KO,I,10,68.07
2025-10-20,9:42:51.758206906,T,KO,,100,68.07
2025-10-20,9:42:51.764738259,T,KO,,100,68.08
2025-10-20,9:42:51.764798679,T,KO,F,100,68.08
2025-10-20,9:42:51.764804737,T,KO,F I,8,68.08
2025-10-20,9:42:51.764804737,T,KO,F I,45,68.08
2025-10-20,9:42:51.765057025,T,KO,,100,68.08
2025-10-20,9:42:51.765078104,T,KO,I,1,68.08
2025-10-20,9:42:51.765162315,T,KO,I,43,68.08
2025-10-20,9:42:51.765162315,T,KO,I,1,68.08
2025-10-20,9:42:51.891569034,T,KO,F I,45,68.07
2025-10-20,9:42:51.891571585,T,KO,F I,1,68.07
2025-10-20,9:42:51.891574349,T,KO,F I,43,68.07
2025-10-20,9:42:51.891592428,T,KO,I,1,68.07
2025-10-20,9:42:54.540628763,T,KO,I,2,68.07
2025-10-20,9:42:54.540631819,T,KO,I,43,68.07
2025-10-20,9:42:55.921923698,T,KO,,200,68.08
2025-10-20,9:42:56.359895790,T,KO,F,100,68.08
2025-10-20,9:42:58.204393063,T,KO,F,100,68.09
2025-10-20,9:42:58.204411222,T,KO,I,1,68.09
2025-10-20,9:42:58.204435112,T,KO,F I,99,68.09
2025-10-20,9:42:58.212888241,T,KO,F I,44,68.09
2025-10-20,9:42:58.212888241,T,KO,F,100,68.09
2025-10-20,9:42:58.216941953,T,KO,F,100,68.09
2025-10-20,9:42:58.216941953,T,KO,F I,44,68.09
2025-10-20,9:42:58.216945801,T,KO,F I,35,68.09
2025-10-20,9:42:58.216948797,T,KO,F I,44,68.09
2025-10-20,9:42:58.216951863,T,KO,F I,30,68.095
2025-10-20,9:42:58.216951863,T,KO,F I,1,68.1
2025-10-20,9:42:58.216954296,T,KO,F I,10,68.1
2025-10-20,9:42:58.216957282,T,KO,F,200,68.1
2025-10-20,9:42:58.216957282,T,KO,F I,59,68.1
2025-10-20,9:42:58.216959924,T,KO,F I,25,68.1
2025-10-20,9:42:58.216959924,T,KO,F,200,68.1
2025-10-20,9:42:58.216962935,T,KO,F I,50,68.1
2025-10-20,9:43:00.387550872,T,KO,F I,25,68.1
2025-10-20,9:43:00.387556980,T,KO,F I,35,68.1
2025-10-20,9:43:00.387560540,T,KO,F I,59,68.1
2025-10-20,9:43:00.387560540,T,KO,F I,44,68.1
2025-10-20,9:43:00.387563353,T,KO,F I,50,68.1
2025-10-20,9:43:00.387563353,T,KO,F,200,68.1
2025-10-20,9:43:05.000607094,T,KO,F I,6,68.1
2025-10-20,9:43:05.000610048,T,KO,F I,18,68.1
2025-10-20,9:43:14.559537210,T,KO,I,20,68.1
2025-10-20,9:43:18.472866127,T,KO,F,200,68.11
2025-10-20,9:43:18.472866127,T,KO,F I,25,68.1
2025-10-20,9:43:18.472868913,T,KO,F,100,68.1
2025-10-20,9:43:18.472872055,T,KO,F,200,68.1
2025-10-20,9:43:18.472872055,T,KO,F I,50,68.1
2025-10-20,9:43:18.472920348,T,KO,F I,82,68.11
2025-10-20,9:43:18.473205642,T,KO,F I,18,68.11
2025-10-20,9:43:18.473209728,T,KO,F,100,68.11
2025-10-20,9:43:18.473209728,T,KO,F,100,68.11
2025-10-20,9:43:18.473211640,T,KO,F I,48,68.11
2025-10-20,9:43:18.473214584,T,KO,F I,50,68.11
2025-10-20,9:43:18.473226964,T,KO,I,1,68.11
2025-10-20,9:43:18.473329084,T,KO,F I,50,68.11
2025-10-20,9:43:18.473329084,T,KO,F I,83,68.11
2025-10-20,9:43:18.473344669,T,KO,F,133,68.11
2025-10-20,9:43:18.473353238,T,KO,I,67,68.11
2025-10-20,9:43:18.473364965,T,KO,I,1,68.11
2025-10-20,9:43:18.485622258,T,KO,I,6,68.115
2025-10-20,9:43:18.499163448,T,KO,F I,33,68.11
2025-10-20,9:43:18.499166452,T,KO,F I,60,68.11
2025-10-20,9:43:18.508544133,T,KO,F,200,68.1
2025-10-20,9:43:18.508544133,T,KO,F I,60,68.1
2025-10-20,9:43:18.508545887,T,KO,F,100,68.1
2025-10-20,9:43:18.508548819,T,KO,F I,25,68.1
2025-10-20,9:43:18.509391196,T,KO,I,48,68.1
2025-10-20,9:43:18.509393791,T,KO,,100,68.1
2025-10-20,9:43:18.509397149,T,KO,I,35,68.1
2025-10-20,9:43:18.509397149,T,KO,,100,68.1
2025-10-20,9:43:18.509400416,T,KO,I,27,68.1
2025-10-20,9:43:18.509400416,T,KO,I,50,68.1
2025-10-20,9:43:18.529824581,T,KO,F I,48,68.1
2025-10-20,9:43:18.529830497,T,KO,F,100,68.1
2025-10-20,9:43:18.529833612,T,KO,F I,35,68.1
2025-10-20,9:43:18.529833612,T,KO,F I,8,68.1
2025-10-20,9:43:18.529836851,T,KO,F I,60,68.1
2025-10-20,9:43:18.529839475,T,KO,F I,50,68.1
2025-10-20,9:43:18.529839475,T,KO,F,200,68.1
2025-10-20,9:43:18.550892749,T,KO,I,48,68.1
2025-10-20,9:43:18.550895967,T,KO,,100,68.1
2025-10-20,9:43:18.550898698,T,KO,I,28,68.1
2025-10-20,9:43:18.550929583,T,KO,I,4,68.1
2025-10-20,9:43:18.550935311,T,KO,,100,68.1
2025-10-20,9:43:18.550935311,T,KO,I,35,68.1
2025-10-20,9:43:18.550937805,T,KO,I,62,68.1
2025-10-20,9:43:18.550940744,T,KO,I,71,68.1
2025-10-20,9:43:18.550940744,T,KO,I,50,68.1
2025-10-20,9:43:18.563591878,T,KO,F,100,68.105
2025-10-20,9:43:18.563591878,T,KO,F I,48,68.1
2025-10-20,9:43:18.563598126,T,KO,F,100,68.1
2025-10-20,9:43:18.563598126,T,KO,F I,60,68.1
2025-10-20,9:43:18.563598126,T,KO,F I,44,68.1
2025-10-20,9:43:18.563601174,T,KO,F I,62,68.1
2025-10-20,9:43:18.563603919,T,KO,F I,62,68.1
2025-10-20,9:43:18.563603919,T,KO,F,200,68.1
2025-10-20,9:43:18.563606973,T,KO,F I,50,68.1
2025-10-20,9:43:18.725590744,T,KO,,100,68.09
2025-10-20,9:43:20.924966067,T,KO,I,4,68.095
2025-10-20,9:43:25.096728141,T,KO,I,5,68.095
2025-10-20,9:43:28.149271723,T,KO,F I,58,68.1
2025-10-20,9:43:28.149271723,T,KO,F I,20,68.1
2025-10-20,9:43:28.149276835,T,KO,F,100,68.1
2025-10-20,9:43:28.149276835,T,KO,F I,1,68.1
2025-10-20,9:43:28.152007338,T,KO,F I,1,68.11
2025-10-20,9:43:28.179619278,T,KO,F I,36,68.11
2025-10-20,9:43:28.179622675,T,KO,F I,47,68.11
2025-10-20,9:43:28.179625184,T,KO,F,100,68.11
2025-10-20,9:43:28.179628173,T,KO,F,100,68.11
2025-10-20,9:43:28.179664246,T,KO,F,100,68.11
2025-10-20,9:43:28.179685763,T,KO,I,1,68.11
2025-10-20,9:43:28.179709721,T,KO,F I,99,68.11
2025-10-20,9:43:28.179712314,T,KO,F I,47,68.11
2025-10-20,9:43:28.179715397,T,KO,F I,36,68.11
2025-10-20,9:43:28.183694165,T,KO,F I,47,68.11
2025-10-20,9:43:28.183694165,T,KO,F,100,68.11
2025-10-20,9:43:28.183697801,T,KO,F I,53,68.11
2025-10-20,9:43:28.183697801,T,KO,F I,9,68.11
2025-10-20,9:43:28.183703191,T,KO,F I,19,68.11
2025-10-20,9:43:28.183703191,T,KO,F I,6,68.11
2025-10-20,9:43:28.183703191,T,KO,F,100,68.11
2025-10-20,9:43:28.183706008,T,KO,F I,50,68.11
2025-10-20,9:43:28.183742002,T,KO,F I,47,68.11
2025-10-20,9:43:28.183760110,T,KO,F,100,68.11
2025-10-20,9:43:28.195133080,T,KO,F I,50,68.11
2025-10-20,9:43:28.195133080,T,KO,F I,59,68.11
2025-10-20,9:43:28.195181137,T,KO,F I,47,68.11
2025-10-20,9:43:28.195181137,T,KO,F,100,68.11
2025-10-20,9:43:28.195187180,T,KO,F,100,68.11
2025-10-20,9:43:28.199589717,T,KO,F I,47,68.1
2025-10-20,9:43:28.199589717,T,KO,F I,19,68.1
2025-10-20,9:43:28.199592680,T,KO,F I,50,68.1
2025-10-20,9:43:28.199595846,T,KO,F I,59,68.1
2025-10-20,9:43:28.199595846,T,KO,F,100,68.1
2025-10-20,9:43:28.216345557,T,KO,F I,23,68.1
2025-10-20,9:43:28.259925388,T,KO,F I,47,68.1
2025-10-20,9:43:28.259928366,T,KO,F,100,68.1
2025-10-20,9:43:28.269587422,T,KO,F,200,68.1
2025-10-20,9:43:28.269593626,T,KO,F I,47,68.1
2025-10-20,9:43:28.269593626,T,KO,F I,36,68.1
2025-10-20,9:43:28.269599446,T,KO,F I,47,68.1
2025-10-20,9:43:28.269599446,T,KO,F I,66,68.1
2025-10-20,9:43:28.269599446,T,KO,F I,66,68.1
2025-10-20,9:43:28.269602500,T,KO,F I,50,68.1
2025-10-20,9:43:28.270231353,T,KO,F,200,68.1
2025-10-20,9:43:28.270233936,T,KO,F I,47,68.1
2025-10-20,9:43:28.285231400,T,KO,F,100,68.105
2025-10-20,9:43:28.285231400,T,KO,F,100,68.1
2025-10-20,9:43:28.285236753,T,KO,F,100,68.1
2025-10-20,9:43:28.285236753,T,KO,F I,47,68.1
2025-10-20,9:43:28.285239980,T,KO,F I,36,68.1
2025-10-20,9:43:28.285239980,T,KO,F,181,68.1
2025-10-20,9:43:28.285558456,T,KO,F,100,68.1
2025-10-20,9:43:28.285561957,T,KO,F,100,68.1
2025-10-20,9:43:28.285564556,T,KO,F,100,68.1
2025-10-20,9:43:28.285564556,T,KO,F I,47,68.1
2025-10-20,9:43:28.285567442,T,KO,F I,53,68.1
2025-10-20,9:43:28.285982642,T,KO,F I,2,68.1
2025-10-20,9:43:28.285982642,T,KO,F I,31,68.1
2025-10-20,9:43:28.285985482,T,KO,F I,3,68.1
2025-10-20,9:43:28.302930892,T,KO,F I,50,68.1
2025-10-20,9:43:28.302933858,T,KO,F I,53,68.1
2025-10-20,9:43:28.302975898,T,KO,F I,47,68.1
2025-10-20,9:43:28.303001140,T,KO,F,100,68.1
2025-10-20,9:43:28.303001140,T,KO,F I,36,68.1
2025-10-20,9:43:28.303005976,T,KO,F I,64,68.1
2025-10-20,9:43:28.308879035,T,KO,F I,47,68.1
2025-10-20,9:43:28.308879035,T,KO,F I,16,68.1
2025-10-20,9:43:28.308879035,T,KO,F I,9,68.1
2025-10-20,9:43:28.308882166,T,KO,F I,21,68.1
2025-10-20,9:43:28.308885265,T,KO,F I,64,68.1
2025-10-20,9:43:28.308885265,T,KO,F,100,68.1
2025-10-20,9:43:28.354795409,T,KO,F,100,68.1
2025-10-20,9:43:28.354795409,T,KO,F I,47,68.1
2025-10-20,9:43:28.376414036,T,KO,F,100,68.105
2025-10-20,9:43:28.376417419,T,KO,F,400,68.1
2025-10-20,9:43:28.376421289,T,KO,F,100,68.1
2025-10-20,9:43:28.376426647,T,KO,F,100,68.1
2025-10-20,9:43:28.376426647,T,KO,F I,47,68.1
2025-10-20,9:43:28.376426647,T,KO,F I,59,68.1
2025-10-20,9:43:28.376449936,T,KO,F I,59,68.1
2025-10-20,9:43:28.376952199,T,KO,F I,41,68.1
2025-10-20,9:43:28.377012988,T,KO,F,100,68.1
2025-10-20,9:43:28.377012988,T,KO,F I,47,68.1
2025-10-20,9:43:28.377018755,T,KO,F,100,68.1
2025-10-20,9:43:28.377018755,T,KO,F I,36,68.1
2025-10-20,9:43:28.377048334,T,KO,I,1,68.1
2025-10-20,9:43:28.377057432,T,KO,F I,63,68.1
2025-10-20,9:43:28.377391143,T,KO,I,44,68.1
2025-10-20,9:43:28.387245709,T,KO,F I,47,68.1
2025-10-20,9:43:28.387245709,T,KO,F I,47,68.1
2025-10-20,9:43:28.440680037,T,KO,F I,47,68.1
2025-10-20,9:43:28.440680037,T,KO,F I,47,68.1
2025-10-20,9:43:28.456407454,T,KO,F,200,68.1
2025-10-20,9:43:28.456407454,T,KO,F I,47,68.1
2025-10-20,9:43:28.456413385,T,KO,F I,47,68.1
2025-10-20,9:43:28.456413385,T,KO,F I,66,68.1
2025-10-20,9:43:28.456870441,T,KO,F,100,68.1
2025-10-20,9:43:28.456876887,T,KO,F I,47,68.1
2025-10-20,9:43:28.456876887,T,KO,F I,47,68.1
2025-10-20,9:43:28.456879491,T,KO,F,100,68.1
2025-10-20,9:43:28.468024767,T,KO,F I,47,68.1
2025-10-20,9:43:28.468024767,T,KO,F I,53,68.1
2025-10-20,9:43:28.468027105,T,KO,F I,6,68.1
2025-10-20,9:43:30.077797014,T,KO,F,100,68.1
2025-10-20,9:43:30.084010345,T,KO,F,200,68.1
2025-10-20,9:43:30.084010345,T,KO,F I,41,68.1
2025-10-20,9:43:30.084012844,T,KO,F,100,68.1
2025-10-20,9:43:30.084437423,T,KO,I,47,68.1
2025-10-20,9:43:30.084437423,T,KO,,100,68.1
2025-10-20,9:43:30.084443818,T,KO,,100,68.1
2025-10-20,9:43:30.084443818,T,KO,,200,68.1
2025-10-20,9:43:30.084446198,T,KO,I,50,68.1
2025-10-20,9:43:30.084457906,T,KO,I,1,68.1
2025-10-20,9:43:30.084493985,T,KO,F I,99,68.1
2025-10-20,9:43:30.092586586,T,KO,F,301,68.1
2025-10-20,9:43:30.092586586,T,KO,F I,50,68.1
2025-10-20,9:43:30.092590412,T,KO,F I,59,68.1
2025-10-20,9:43:30.092590412,T,KO,F,100,68.1
2025-10-20,9:43:30.092595723,T,KO,F,100,68.1
2025-10-20,9:43:30.092595723,T,KO,F,200,68.1
2025-10-20,9:43:30.092598304,T,KO,F,100,68.1
2025-10-20,9:43:30.093344017,T,KO,,100,68.1
2025-10-20,9:43:30.098832091,T,KO,I,47,68.1
2025-10-20,9:43:30.107189350,T,KO,F,100,68.105
2025-10-20,9:43:30.107192068,T,KO,F I,59,68.1
2025-10-20,9:43:30.107848093,T,KO,F I,47,68.1
2025-10-20,9:43:30.107848093,T,KO,F,200,68.1
2025-10-20,9:43:30.107850652,T,KO,F I,36,68.1
2025-10-20,9:43:30.124525307,T,KO,F,100,68.105
2025-10-20,9:43:30.124532420,T,KO,F,100,68.1
2025-10-20,9:43:30.124532420,T,KO,F,100,68.1
2025-10-20,9:43:30.124537566,T,KO,F I,47,68.1
2025-10-20,9:43:30.124537566,T,KO,F I,59,68.1
2025-10-20,9:43:30.124540390,T,KO,F,200,68.1
2025-10-20,9:43:30.124540390,T,KO,F I,36,68.1
2025-10-20,9:43:30.124952620,T,KO,I,47,68.1
2025-10-20,9:43:30.124952620,T,KO,,100,68.1
2025-10-20,9:43:30.124955353,T,KO,I,53,68.1
2025-10-20,9:43:30.125031222,T,KO,I,47,68.1
2025-10-20,9:43:30.146730172,T,KO,F I,17,68.1
2025-10-20,9:43:30.146730172,T,KO,F I,42,68.1
2025-10-20,9:43:30.146736225,T,KO,F I,53,68.1
2025-10-20,9:43:30.146736225,T,KO,F,100,68.1
2025-10-20,9:43:30.146739223,T,KO,F,100,68.1
2025-10-20,9:43:30.162503360,T,KO,F I,17,68.1
2025-10-20,9:43:30.162508760,T,KO,F I,42,68.1
2025-10-20,9:43:30.162508760,T,KO,F I,32,68.1
2025-10-20,9:43:30.926689719,T,KO,F I,42,68.1
2025-10-20,9:43:30.926691952,T,KO,F I,4,68.1
2025-10-20,9:43:40.500185779,T,KO,F,100,68.11
2025-10-20,9:43:40.500203893,T,KO,I,1,68.11
2025-10-20,9:43:40.500206851,T,KO,I,1,68.11
2025-10-20,9:43:40.501487911,T,KO,F I,62,68.11
2025-10-20,9:43:48.148208812,T,KO,I,6,68.11
2025-10-20,9:43:51.631164595,T,KO,,100,68.12
2025-10-20,9:43:52.196733399,T,KO,I,12,68.13
2025-10-20,9:43:52.197085228,T,KO,F I,30,68.13
2025-10-20,9:43:52.197085228,T,KO,F I,14,68.13
2025-10-20,9:43:52.197088405,T,KO,F I,40,68.13
2025-10-20,9:43:52.197088405,T,KO,F I,30,68.13
2025-10-20,9:43:53.048930152,T,KO,I,2,68.105
2025-10-20,9:43:54.706327700,T,KO,F I,55,68.1
2025-10-20,9:43:55.450639650,T,KO,I,27,68.11
2025-10-20,9:43:55.450657858,T,KO,I,1,68.11
2025-10-20,9:43:55.451448359,T,KO,I,16,68.11
2025-10-20,9:43:55.451451343,T,KO,I,2,68.11
2025-10-20,9:43:55.451460604,T,KO,,247,68.11
2025-10-20,9:43:55.451932560,T,KO,,100,68.115
2025-10-20,9:43:55.451932560,T,KO,I,47,68.11
2025-10-20,9:43:55.451935594,T,KO,,100,68.11
2025-10-20,9:43:55.451953516,T,KO,I,1,68.11
2025-10-20,9:43:55.452503941,T,KO,I,58,68.11
2025-10-20,9:43:55.452503941,T,KO,I,1,68.11
2025-10-20,9:43:55.452506955,T,KO,,141,68.11
2025-10-20,9:43:55.452527945,T,KO,I,1,68.11
2025-10-20,9:43:55.452609105,T,KO,I,44,68.11
2025-10-20,9:43:56.490182347,T,KO,I,58,68.11
2025-10-20,9:44:00.307089417,T,KO,,100,68.11
2025-10-20,9:44:00.307537458,T,KO,I,46,68.11
2025-10-20,9:44:00.307558873,T,KO,I,1,68.11
2025-10-20,9:44:00.510190152,T,KO,,100,68.105
2025-10-20,9:44:01.755729663,T,KO,,100,68.115
2025-10-20,9:44:01.755729663,T,KO,I,15,68.11
2025-10-20,9:44:01.755753704,T,KO,F I,85,68.11
2025-10-20,9:44:01.755753704,T,KO,F I,15,68.11
2025-10-20,9:44:01.755804850,T,KO,I,45,68.11
2025-10-20,9:44:01.755804850,T,KO,I,18,68.11
2025-10-20,9:44:01.755828969,T,KO,I,1,68.11
2025-10-20,9:44:03.917744162,T,KO,F,100,68.11
2025-10-20,9:44:05.130210922,T,KO,F,100,68.11
2025-10-20,9:44:05.397370250,T,KO,,100,68.105
2025-10-20,9:44:05.397370250,T,KO,,155,68.1
2025-10-20,9:44:05.397391935,T,KO,I,1,68.1
2025-10-20,9:44:05.397436691,T,KO,I,45,68.1
2025-10-20,9:44:05.397439781,T,KO,I,18,68.1
2025-10-20,9:44:05.397442661,T,KO,I,1,68.1
2025-10-20,9:44:05.397442661,T,KO,I,5,68.1
2025-10-20,9:44:05.397445452,T,KO,I,30,68.1
2025-10-20,9:44:05.397451459,T,KO,F I,70,68.1
2025-10-20,9:44:05.397451459,T,KO,F I,29,68.1
2025-10-20,9:44:05.397469470,T,KO,F I,71,68.1
2025-10-20,9:44:05.423012360,T,KO,I,48,68.1
2025-10-20,9:44:05.904440973,T,KO,I,48,68.1
2025-10-20,9:44:11.594419232,T,KO,I,86,68.1
2025-10-20,9:44:11.756823968,T,KO,F,100,68.1
2025-10-20,9:44:11.756842078,T,KO,F I,14,68.1
2025-10-20,9:44:13.793722346,T,KO,I,4,68.1
2025-10-20,9:44:14.377947885,T,KO,I,25,68.1
2025-10-20,9:44:16.548232056,T,KO,F I,10,68.1
2025-10-20,9:44:17.079759964,T,KO,,100,68.1
2025-10-20,9:44:17.079940469,T,KO,I,62,68.1
2025-10-20,9:44:17.079940469,T,KO,I,38,68.1
2025-10-20,9:44:17.337738421,T,KO,I,62,68.1
2025-10-20,9:44:17.337759492,T,KO,I,1,68.1
2025-10-20,9:44:18.366879732,T,KO,F,100,68.1
2025-10-20,9:44:18.389484449,T,KO,,100,68.1
2025-10-20,9:44:19.539185743,T,KO,,100,68.095
2025-10-20,9:44:19.539189139,T,KO,I,20,68.09
2025-10-20,9:44:19.539189139,T,KO,,100,68.09
2025-10-20,9:44:19.852908324,T,KO,I,25,68.08
2025-10-20,9:44:19.852911040,T,KO,I,25,68.08
2025-10-20,9:44:19.852953666,T,KO,F I,53,68.08
2025-10-20,9:44:19.852956163,T,KO,F,100,68.08
2025-10-20,9:44:19.852959053,T,KO,I,40,68.08
2025-10-20,9:44:24.669143656,T,KO,I,40,68.08
2025-10-20,9:44:24.669143656,T,KO,I,19,68.08
2025-10-20,9:44:24.669161934,T,KO,F I,34,68.08
2025-10-20,9:44:24.748454115,T,KO,,100,68.085
2025-10-20,9:44:28.987232826,T,KO,,100,68.075
2025-10-20,9:44:32.785762968,T,KO,I,10,68.07
2025-10-20,9:44:32.785766044,T,KO,I,29,68.07
2025-10-20,9:44:32.785766044,T,KO,,193,68.07
2025-10-20,9:44:32.832569441,T,KO,I,34,68.06
2025-10-20,9:44:32.832762582,T,KO,F I,54,68.06
2025-10-20,9:44:32.832765333,T,KO,F,100,68.06
2025-10-20,9:44:32.906656987,T,KO,F I,54,68.06
2025-10-20,9:44:32.906656987,T,KO,F I,39,68.06
2025-10-20,9:44:32.906659952,T,KO,F I,54,68.06
2025-10-20,9:44:32.906663041,T,KO,F,200,68.06
2025-10-20,9:44:35.835140560,T,KO,I,39,68.06
2025-10-20,9:44:35.835140560,T,KO,I,54,68.06
2025-10-20,9:44:35.835145894,T,KO,I,62,68.06
2025-10-20,9:44:35.835157979,T,KO,I,1,68.06
2025-10-20,9:44:36.313383912,T,KO,I,99,68.05
2025-10-20,9:44:36.313401925,T,KO,I,1,68.05
2025-10-20,9:44:36.313420888,T,KO,F,100,68.05
2025-10-20,9:44:36.313426197,T,KO,F I,1,68.05
2025-10-20,9:44:36.313444493,T,KO,F,100,68.05
2025-10-20,9:44:39.256791427,T,KO,,100,68.05
2025-10-20,9:44:43.061829334,T,KO,F I,50,68.04
2025-10-20,9:44:43.061832084,T,KO,F I,50,68.04
2025-10-20,9:44:43.061844116,T,KO,I,1,68.04
2025-10-20,9:44:44.425336586,T,KO,F I,9,68.03
2025-10-20,9:44:46.599899860,T,KO,I,1,68.03
2025-10-20,9:44:46.599902756,T,KO,I,50,68.03
2025-10-20,9:44:46.599987003,T,KO,F I,55,68.03
2025-10-20,9:44:46.599987003,T,KO,F,100,68.03
2025-10-20,9:44:47.665511934,T,KO,I,6,68.02
2025-10-20,9:44:50.009149887,T,KO,F I,55,68.01
2025-10-20,9:44:50.009152892,T,KO,F,200,68.01
2025-10-20,9:44:52.084678294,T,KO,I,66,68.015
2025-10-20,9:44:53.385946546,T,KO,F I,10,68.02
2025-10-20,9:44:55.114331183,T,KO,I,22,68.03
2025-10-20,9:44:56.211401151,T,KO,I,78,68.03
2025-10-20,9:44:56.219601723,T,KO,I,28,68.03
2025-10-20,9:44:56.219626180,T,KO,F I,27,68.03
2025-10-20,9:44:56.219629114,T,KO,F,100,68.03
2025-10-20,9:44:56.219632002,T,KO,F,200,68.03
2025-10-20,9:44:56.219632002,T,KO,F I,19,68.03
2025-10-20,9:44:56.580791934,T,KO,F I,19,68.03
2025-10-20,9:44:57.497802026,T,KO,I,36,68.03
2025-10-20,9:44:57.635713454,T,KO,F I,55,68.03
2025-10-20,9:44:57.635716479,T,KO,F I,45,68.03
2025-10-20,9:44:57.635734699,T,KO,F I,21,68.03
2025-10-20,9:45:00.025658773,T,KO,,100,68.025
2025-10-20,9:45:00.026356493,T,KO,F I,80,68.02
2025-10-20,9:45:00.226795897,T,KO,I,30,68.02
2025-10-20,9:45:00.226817280,T,KO,F I,25,68.02
2025-10-20,9:45:00.226817280,T,KO,F I,21,68.02
2025-10-20,9:45:01.935706179,T,KO,I,36,68.04
2025-10-20,9:45:01.935727157,T,KO,I,1,68.04
2025-10-20,9:45:02.485216924,T,KO,I,63,68.04
2025-10-20,9:45:02.485286100,T,KO,I,24,68.05
2025-10-20,9:45:02.619480710,T,KO,I,55,68.04
2025-10-20,9:45:02.619480710,T,KO,I,25,68.04
2025-10-20,9:45:03.996382154,T,KO,I,9,68.04
2025-10-20,9:45:03.996403231,T,KO,F I,46,68.04
2025-10-20,9:45:03.996406494,T,KO,F I,30,68.04
2025-10-20,9:45:05.518517810,T,KO,F I,2,68.05
