DATE,TIME_M,EX,SYM_ROOT,TR_SCOND,SIZE,PRICE
2025-11-04,9:30:01.406809864,T,KO,I,17,68.47
2025-11-04,9:30:01.406824861,T,KO,Q,17,68.47
2025-11-04,9:30:01.406885053,T,KO,I,33,68.47
2025-11-04,9:30:01.627953534,T,KO,,100,68.5
2025-11-04,9:30:01.628133923,T,KO,F,100,68.51
2025-11-04,9:30:01.628260247,T,KO,I,55,68.51
2025-11-04,9:30:01.628287334,T,KO,,295,68.51
2025-11-04,9:30:01.667551792,T,KO,I,50,68.52
2025-11-04,9:30:01.667551792,T,KO,I,50,68.51
2025-11-04,9:30:01.667566998,T,KO,I,8,68.51
2025-11-04,9:30:01.670859708,T,KO,I,10,68.51
2025-11-04,9:30:01.670880720,T,KO,,189,68.51
2025-11-04,9:30:01.838659417,T,KO,,100,68.49
2025-11-04,9:30:01.838659417,T,KO,,100,68.49
2025-11-04,9:30:02.174508441,T,KO,I,12,68.48
2025-11-04,9:30:02.923339836,T,KO,I,1,68.48
2025-11-04,9:30:02.923342778,T,KO,I,4,68.48
2025-11-04,9:30:03.069331555,T,KO,F,257,68.48
2025-11-04,9:30:03.099505344,T,KO,I,22,68.465
2025-11-04,9:30:03.099505344,T,KO,I,79,68.47
2025-11-04,9:30:03.165088657,T,KO,I,2,68.465
2025-11-04,9:30:03.500564615,T,KO,,100,68.45
2025-11-04,9:30:03.647187854,T,KO,,100,68.47
2025-11-04,9:30:03.648489897,T,KO,,100,68.48
2025-11-04,9:30:03.651939093,T,KO,I,25,68.49
2025-11-04,9:30:03.651939093,T,KO,I,75,68.49
2025-11-04,9:30:03.651960183,T,KO,I,25,68.49
2025-11-04,9:30:03.759448243,T,KO,I,17,68.47
2025-11-04,9:30:04.861976010,T,KO,I,7,68.47
2025-11-04,9:30:04.862024165,T,KO,F I,43,68.47
2025-11-04,9:30:04.985333291,T,KO,F I,10,68.47
2025-11-04,9:30:04.985333291,T,KO,F I,48,68.47
2025-11-04,9:30:05.170664163,T,KO,I,50,68.47
2025-11-04,9:30:05.170667238,T,KO,,100,68.47
2025-11-04,9:30:05.170670191,T,KO,,250,68.47
2025-11-04,9:30:05.170685198,T,KO,I,1,68.47
2025-11-04,9:30:05.170691235,T,KO,F I,6,68.47
2025-11-04,9:30:05.707526739,T,KO,,100,68.47
2025-11-04,9:30:05.707560523,T,KO,I,9,68.48
2025-11-04,9:30:05.722962556,T,KO,F I,25,68.47
2025-11-04,9:30:06.493349629,T,KO,F I,10,68.465
2025-11-04,9:30:06.493352424,T,KO,F I,63,68.465
2025-11-04,9:30:06.493415733,T,KO,F I,37,68.465
2025-11-04,9:30:06.493415733,T,KO,F I,25,68.48
2025-11-04,9:30:06.493418506,T,KO,F I,11,68.48
2025-11-04,9:30:06.493436670,T,KO,I,37,68.48
2025-11-04,9:30:06.493914722,T,KO,F,100,68.49
2025-11-04,9:30:06.494404834,T,KO,F I,50,68.48
2025-11-04,9:30:06.494483106,T,KO,F I,50,68.48
2025-11-04,9:30:06.494774777,T,KO,I,50,68.49
2025-11-04,9:30:06.494774777,T,KO,,257,68.49
2025-11-04,9:30:06.672913013,T,KO,I,30,68.475
2025-11-04,9:30:06.672916047,T,KO,I,70,68.475
2025-11-04,9:30:07.659277341,T,KO,F I,50,68.47
2025-11-04,9:30:07.659334775,T,KO,,107,68.47
2025-11-04,9:30:07.659337469,T,KO,,250,68.475
2025-11-04,9:30:07.659337469,T,KO,I,7,68.48
2025-11-04,9:30:07.659415573,T,KO,F I,25,68.48
2025-11-04,9:30:07.659599462,T,KO,I,25,68.48
2025-11-04,9:30:07.659747068,T,KO,I,25,68.48
2025-11-04,9:30:07.659747068,T,KO,I,3,68.48
2025-11-04,9:30:07.659869638,T,KO,I,48,68.48
2025-11-04,9:30:07.660155433,T,KO,F I,25,68.47
2025-11-04,9:30:07.660155433,T,KO,F I,50,68.47
2025-11-04,9:30:07.660161809,T,KO,F I,75,68.47
2025-11-04,9:30:07.660165258,T,KO,F I,75,68.47
2025-11-04,9:30:07.660165258,T,KO,F I,6,68.47
2025-11-04,9:30:07.660185426,T,KO,I,58,68.48
2025-11-04,9:30:07.660188458,T,KO,I,1,68.48
2025-11-04,9:30:07.660191476,T,KO,I,53,68.48
2025-11-04,9:30:07.660191476,T,KO,I,3,68.48
2025-11-04,9:30:07.660618543,T,KO,F I,25,68.47
2025-11-04,9:30:07.660621470,T,KO,F,100,68.47
2025-11-04,9:30:07.660651645,T,KO,F,100,68.47
2025-11-04,9:30:07.660693597,T,KO,F I,25,68.47
2025-11-04,9:30:07.661731037,T,KO,I,25,68.48
2025-11-04,9:30:07.661731037,T,KO,I,75,68.48
2025-11-04,9:30:07.661752143,T,KO,I,25,68.48
2025-11-04,9:30:07.661755174,T,KO,I,22,68.48
2025-11-04,9:30:07.663270754,T,KO,F I,10,68.48
2025-11-04,9:30:07.663270754,T,KO,F I,25,68.48
2025-11-04,9:30:07.663875265,T,KO,F I,25,68.49
2025-11-04,9:30:07.663879068,T,KO,F I,1,68.49
2025-11-04,9:30:07.663879068,T,KO,F,100,68.49
2025-11-04,9:30:07.664422441,T,KO,F,100,68.49
2025-11-04,9:30:07.664422441,T,KO,F I,50,68.49
2025-11-04,9:30:07.665020927,T,KO,,200,68.49
2025-11-04,9:30:07.665023870,T,KO,I,25,68.49
2025-11-04,9:30:07.665093077,T,KO,F I,50,68.49
2025-11-04,9:30:07.665093077,T,KO,F I,1,68.49
2025-11-04,9:30:07.678589766,T,KO,F I,25,68.48
2025-11-04,9:30:09.585770822,T,KO,F,100,68.46
2025-11-04,9:30:10.020783781,T,KO,,100,68.46
2025-11-04,9:30:10.020807932,T,KO,I,1,68.46
2025-11-04,9:30:10.021072534,T,KO,I,99,68.46
2025-11-04,9:30:10.021072534,T,KO,I,25,68.46
2025-11-04,9:30:10.021075544,T,KO,,100,68.46
2025-11-04,9:30:10.021574721,T,KO,I,50,68.46
2025-11-04,9:30:10.021800187,T,KO,,172,68.455
2025-11-04,9:30:10.028007204,T,KO,F I,50,68.45
2025-11-04,9:30:10.028015995,T,KO,F I,50,68.45
2025-11-04,9:30:10.030770573,T,KO,F I,35,68.45
2025-11-04,9:30:10.031775347,T,KO,F I,50,68.45
2025-11-04,9:30:10.031778043,T,KO,F I,15,68.45
2025-11-04,9:30:10.037085609,T,KO,F I,50,68.45
2025-11-04,9:30:10.037175868,T,KO,,100,68.45
2025-11-04,9:30:10.037202930,T,KO,F I,25,68.45
2025-11-04,9:30:10.037202930,T,KO,F I,75,68.45
2025-11-04,9:30:10.140126091,T,KO,,250,68.455
2025-11-04,9:30:10.232803797,T,KO,I,75,68.46
2025-11-04,9:30:10.275688893,T,KO,F I,1,68.48
2025-11-04,9:30:10.275692856,T,KO,F,200,68.48
2025-11-04,9:30:10.275692856,T,KO,F,100,68.48
2025-11-04,9:30:12.819711947,T,KO,I,25,68.44
2025-11-04,9:30:12.820109243,T,KO,F I,25,68.43
2025-11-04,9:30:12.820391590,T,KO,F I,15,68.42
2025-11-04,9:30:12.820394577,T,KO,F I,42,68.42
2025-11-04,9:30:12.820394577,T,KO,F I,25,68.42
2025-11-04,9:30:12.820397552,T,KO,F I,68,68.42
2025-11-04,9:30:12.820454698,T,KO,F I,7,68.43
2025-11-04,9:30:12.820563371,T,KO,F I,25,68.44
2025-11-04,9:30:12.820566146,T,KO,F I,43,68.44
2025-11-04,9:30:12.820683322,T,KO,F I,98,68.44
2025-11-04,9:30:12.820704368,T,KO,F I,2,68.44
2025-11-04,9:30:12.820836698,T,KO,F I,25,68.42
2025-11-04,9:30:12.820854689,T,KO,F,100,68.43
2025-11-04,9:30:12.820902767,T,KO,I,25,68.43
2025-11-04,9:30:12.820923807,T,KO,F I,58,68.43
2025-11-04,9:30:12.820965950,T,KO,I,25,68.43
2025-11-04,9:30:12.821029089,T,KO,F I,25,68.43
2025-11-04,9:30:14.054365523,T,KO,F I,25,68.42
2025-11-04,9:30:14.209673359,T,KO,F I,33,68.41
2025-11-04,9:30:14.209676459,T,KO,F I,13,68.41
2025-11-04,9:30:14.209676459,T,KO,F I,54,68.41
2025-11-04,9:30:14.388112407,T,KO,F,100,68.41
2025-11-04,9:30:14.536179120,T,KO,I,96,68.41
2025-11-04,9:30:14.536179120,T,KO,I,4,68.41
2025-11-04,9:30:14.825633518,T,KO,I,96,68.41
2025-11-04,9:30:14.825633518,T,KO,I,4,68.41
2025-11-04,9:30:14.936615768,T,KO,I,6,68.41
2025-11-04,9:30:14.936618761,T,KO,I,94,68.41
2025-11-04,9:30:14.938212571,T,KO,F,100,68.42
2025-11-04,9:30:14.938636673,T,KO,I,25,68.43
2025-11-04,9:30:14.976806533,T,KO,,100,68.42
2025-11-04,9:30:14.976968829,T,KO,F I,25,68.42
2025-11-04,9:30:14.977095209,T,KO,F I,25,68.43
2025-11-04,9:30:14.981720119,T,KO,,250,68.44
2025-11-04,9:30:14.981723217,T,KO,I,50,68.45
2025-11-04,9:30:15.140591511,T,KO,F I,25,68.43
2025-11-04,9:30:15.140690782,T,KO,I,92,68.43
2025-11-04,9:30:15.140690782,T,KO,I,8,68.43
2025-11-04,9:30:15.140712922,T,KO,I,1,68.43
2025-11-04,9:30:15.140717859,T,KO,I,91,68.43
2025-11-04,9:30:15.140919386,T,KO,F I,25,68.42
2025-11-04,9:30:15.140925396,T,KO,F,100,68.42
2025-11-04,9:30:15.241016097,T,KO,F I,25,68.43
2025-11-04,9:30:15.241016097,T,KO,F I,68,68.43
2025-11-04,9:30:15.570396197,T,KO,F I,10,68.45
2025-11-04,9:30:15.835252143,T,KO,,200,68.44
2025-11-04,9:30:15.837958451,T,KO,F,100,68.45
2025-11-04,9:30:15.837989339,T,KO,F I,75,68.45
2025-11-04,9:30:15.837991606,T,KO,F I,25,68.45
2025-11-04,9:30:15.837994561,T,KO,F I,75,68.45
2025-11-04,9:30:15.838027621,T,KO,I,25,68.45
2025-11-04,9:30:15.838030638,T,KO,F I,25,68.45
2025-11-04,9:30:15.838057708,T,KO,I,75,68.45
2025-11-04,9:30:15.838057708,T,KO,I,25,68.45
2025-11-04,9:30:15.838060780,T,KO,F I,29,68.45
2025-11-04,9:30:16.220328261,T,KO,I,25,68.47
2025-11-04,9:30:16.220331240,T,KO,,100,68.47
2025-11-04,9:30:16.220334229,T,KO,,200,68.47
2025-11-04,9:30:16.220334229,T,KO,,100,68.47
2025-11-04,9:30:16.220448804,T,KO,,100,68.46
2025-11-04,9:30:16.220448804,T,KO,I,25,68.46
2025-11-04,9:30:16.220824421,T,KO,I,9,68.46
2025-11-04,9:30:16.221068081,T,KO,I,80,68.46
2025-11-04,9:30:16.558191863,T,KO,I,3,68.455
2025-11-04,9:30:16.558195024,T,KO,I,7,68.47
2025-11-04,9:30:16.558198258,T,KO,I,25,68.47
2025-11-04,9:30:16.558198258,T,KO,,100,68.47
2025-11-04,9:30:16.558201604,T,KO,I,97,68.47
2025-11-04,9:30:16.558212916,T,KO,I,1,68.47
2025-11-04,9:30:16.558243012,T,KO,F I,3,68.47
2025-11-04,9:30:16.558252012,T,KO,I,2,68.47
2025-11-04,9:30:16.558492608,T,KO,F I,20,68.47
2025-11-04,9:30:16.571823442,T,KO,I,25,68.46
2025-11-04,9:30:16.921108240,T,KO,I,12,68.46
2025-11-04,9:30:16.921878054,T,KO,F I,25,68.46
2025-11-04,9:30:17.706191091,T,KO,,100,68.45
2025-11-04,9:30:17.880660593,T,KO,F,100,68.45
2025-11-04,9:30:18.824232931,T,KO,F,100,68.45
2025-11-04,9:30:19.288445493,T,KO,F,100,68.43
2025-11-04,9:30:19.288445493,T,KO,F I,25,68.43
2025-11-04,9:30:19.288448525,T,KO,F,275,68.43
2025-11-04,9:30:19.288469643,T,KO,F I,25,68.43
2025-11-04,9:30:19.288469643,T,KO,F I,50,68.43
2025-11-04,9:30:19.288472590,T,KO,I,1,68.44
2025-11-04,9:30:19.288478830,T,KO,F I,99,68.44
2025-11-04,9:30:19.289732650,T,KO,I,75,68.43
2025-11-04,9:30:20.140269313,T,KO,I,25,68.42
2025-11-04,9:30:20.140272350,T,KO,,400,68.42
2025-11-04,9:30:20.140272350,T,KO,I,75,68.42
2025-11-04,9:30:20.281855497,T,KO,F I,25,68.41
2025-11-04,9:30:20.282011953,T,KO,,600,68.41
2025-11-04,9:30:20.282030477,T,KO,I,1,68.41
2025-11-04,9:30:20.282032948,T,KO,I,24,68.41
2025-11-04,9:30:20.282171259,T,KO,,100,68.41
2025-11-04,9:30:20.303843921,T,KO,F I,75,68.42
2025-11-04,9:30:20.319270619,T,KO,F,100,68.42
2025-11-04,9:30:21.330702652,T,KO,F,400,68.4
2025-11-04,9:30:21.331213793,T,KO,F I,25,68.4
2025-11-04,9:30:21.331382254,T,KO,,100,68.4
2025-11-04,9:30:21.331812263,T,KO,F,100,68.4
2025-11-04,9:30:21.390358701,T,KO,F I,25,68.39
2025-11-04,9:30:21.390424812,T,KO,F I,15,68.4
2025-11-04,9:30:21.392373531,T,KO,F I,35,68.4
2025-11-04,9:30:23.294956883,T,KO,F,400,68.39
2025-11-04,9:30:23.405292711,T,KO,F,100,68.39
2025-11-04,9:30:23.405295657,T,KO,F I,25,68.39
2025-11-04,9:30:23.405295657,T,KO,F I,75,68.39
2025-11-04,9:30:23.405311393,T,KO,I,1,68.39
2025-11-04,9:30:23.405439965,T,KO,I,24,68.39
2025-11-04,9:30:23.411520446,T,KO,F I,25,68.39
2025-11-04,9:30:23.441426686,T,KO,F,300,68.38
2025-11-04,9:30:23.555292984,T,KO,,400,68.37
2025-11-04,9:30:23.586714805,T,KO,F I,25,68.38
2025-11-04,9:30:23.593423745,T,KO,F,100,68.38
2025-11-04,9:30:23.687830632,T,KO,,100,68.39
2025-11-04,9:30:23.687830632,T,KO,I,25,68.39
2025-11-04,9:30:23.890931487,T,KO,F I,25,68.37
2025-11-04,9:30:23.890934770,T,KO,F I,75,68.37
2025-11-04,9:30:23.914790098,T,KO,F I,25,68.37
2025-11-04,9:30:23.919000122,T,KO,F I,25,68.38
2025-11-04,9:30:23.930006411,T,KO,F,100,68.38
2025-11-04,9:30:23.930171761,T,KO,F,100,68.38
2025-11-04,9:30:23.930171761,T,KO,F I,25,68.38
2025-11-04,9:30:23.930174771,T,KO,F,100,68.38
2025-11-04,9:30:23.961121453,T,KO,F I,25,68.38
2025-11-04,9:30:23.961169565,T,KO,F,100,68.38
2025-11-04,9:30:23.961344066,T,KO,F,100,68.38
2025-11-04,9:30:23.961347057,T,KO,F I,25,68.38
2025-11-04,9:30:23.961861211,T,KO,F I,25,68.39
2025-11-04,9:30:23.961861211,T,KO,F I,75,68.39
2025-11-04,9:30:23.961933402,T,KO,F,100,68.38
2025-11-04,9:30:23.961936412,T,KO,F,100,68.38
2025-11-04,9:30:23.961975700,T,KO,F,100,68.38
2025-11-04,9:30:23.962814584,T,KO,F,100,68.37
2025-11-04,9:30:23.962817860,T,KO,F I,25,68.37
2025-11-04,9:30:23.962817860,T,KO,F,100,68.37
2025-11-04,9:30:23.966570531,T,KO,F I,25,68.37
2025-11-04,9:30:23.966573446,T,KO,F,146,68.37
2025-11-04,9:30:23.982691844,T,KO,I,25,68.36
2025-11-04,9:30:23.982739939,T,KO,F,100,68.36
2025-11-04,9:30:23.982755043,T,KO,F,100,68.37
2025-11-04,9:30:23.982761043,T,KO,I,25,68.37
2025-11-04,9:30:24.010393797,T,KO,F I,25,68.37
2025-11-04,9:30:24.010466026,T,KO,F,100,68.37
2025-11-04,9:30:24.010469038,T,KO,F,100,68.37
2025-11-04,9:30:24.010610413,T,KO,,100,68.37
2025-11-04,9:30:24.196425901,T,KO,F,500,68.35
2025-11-04,9:30:24.196428943,T,KO,F,100,68.35
2025-11-04,9:30:24.232644188,T,KO,F,400,68.34
2025-11-04,9:30:24.249902344,T,KO,F,100,68.34
2025-11-04,9:30:24.249941370,T,KO,I,25,68.34
2025-11-04,9:30:24.255982791,T,KO,F I,25,68.34
2025-11-04,9:30:24.276732237,T,KO,F,100,68.35
2025-11-04,9:30:24.304416139,T,KO,F,100,68.35
2025-11-04,9:30:24.304419128,T,KO,F,100,68.35
2025-11-04,9:30:24.319430913,T,KO,F,100,68.35
2025-11-04,9:30:24.319488039,T,KO,,100,68.35
2025-11-04,9:30:24.319734563,T,KO,F,100,68.35
2025-11-04,9:30:24.319737917,T,KO,F,100,68.35
2025-11-04,9:30:24.320182723,T,KO,,100,68.35
2025-11-04,9:30:24.340796771,T,KO,F,100,68.34
2025-11-04,9:30:24.340799864,T,KO,F I,25,68.34
2025-11-04,9:30:24.340799864,T,KO,F I,75,68.34
2025-11-04,9:30:24.348083078,T,KO,F I,75,68.34
2025-11-04,9:30:24.348086161,T,KO,F I,25,68.34
2025-11-04,9:30:24.348431919,T,KO,I,75,68.35
2025-11-04,9:30:24.348431919,T,KO,I,25,68.35
2025-11-04,9:30:24.348916102,T,KO,F,100,68.35
2025-11-04,9:30:24.378909547,T,KO,F,100,68.34
2025-11-04,9:30:24.378909547,T,KO,F I,25,68.34
2025-11-04,9:30:24.378912582,T,KO,F I,75,68.34
2025-11-04,9:30:24.390844964,T,KO,F,100,68.33
2025-11-04,9:30:24.390848605,T,KO,F I,25,68.33
2025-11-04,9:30:24.390848605,T,KO,F I,75,68.33
2025-11-04,9:30:24.392189151,T,KO,F I,5,68.33
2025-11-04,9:30:24.392456791,T,KO,F I,25,68.33
2025-11-04,9:30:24.417774093,T,KO,F I,25,68.34
2025-11-04,9:30:24.429583368,T,KO,F,100,68.34
2025-11-04,9:30:24.429586198,T,KO,F,100,68.33
2025-11-04,9:30:24.429589289,T,KO,F I,25,68.33
2025-11-04,9:30:24.429589289,T,KO,F I,75,68.33
2025-11-04,9:30:24.585800106,T,KO,F,100,68.34
2025-11-04,9:30:24.585800106,T,KO,F I,25,68.34
2025-11-04,9:30:24.665825961,T,KO,F I,45,68.33
2025-11-04,9:30:25.029560186,T,KO,I,20,68.32
2025-11-04,9:30:25.029563662,T,KO,,100,68.32
2025-11-04,9:30:25.030549549,T,KO,,100,68.33
2025-11-04,9:30:25.156198069,T,KO,F,100,68.31
2025-11-04,9:30:25.156198069,T,KO,F I,25,68.31
2025-11-04,9:30:25.156276296,T,KO,F I,15,68.32
2025-11-04,9:30:25.156447376,T,KO,F,100,68.31
2025-11-04,9:30:25.156447376,T,KO,F I,25,68.31
2025-11-04,9:30:25.156450392,T,KO,F I,15,68.31
2025-11-04,9:30:25.156453422,T,KO,F,100,68.31
2025-11-04,9:30:25.156453422,T,KO,F,100,68.31
2025-11-04,9:30:25.156561681,T,KO,F,100,68.31
2025-11-04,9:30:25.156564734,T,KO,F I,85,68.31
2025-11-04,9:30:25.156645855,T,KO,F I,15,68.32
2025-11-04,9:30:27.875027434,T,KO,I,15,68.33
2025-11-04,9:30:29.389903273,T,KO,F I,25,68.31
2025-11-04,9:30:29.442053571,T,KO,,100,68.32
2025-11-04,9:30:29.443406710,T,KO,F,100,68.33
2025-11-04,9:30:29.443755708,T,KO,,100,68.325
2025-11-04,9:30:29.443755708,T,KO,I,53,68.32
2025-11-04,9:30:29.443875914,T,KO,I,47,68.32
2025-11-04,9:30:29.449628612,T,KO,F I,25,68.31
2025-11-04,9:30:29.449694674,T,KO,F,100,68.31
2025-11-04,9:30:29.477577211,T,KO,F I,25,68.32
2025-11-04,9:30:29.477580496,T,KO,F,100,68.32
2025-11-04,9:30:29.477583759,T,KO,F,100,68.32
2025-11-04,9:30:30.131523626,T,KO,F I,25,68.31
2025-11-04,9:30:30.347326614,T,KO,,100,68.3
2025-11-04,9:30:30.347329648,T,KO,I,25,68.3
2025-11-04,9:30:30.538052844,T,KO,,100,68.27
2025-11-04,9:30:30.538056206,T,KO,I,25,68.27
2025-11-04,9:30:30.538056206,T,KO,,500,68.27
2025-11-04,9:30:30.540169895,T,KO,I,1,68.25
2025-11-04,9:30:30.540169895,T,KO,,100,68.25
2025-11-04,9:30:30.540172978,T,KO,,266,68.25
2025-11-04,9:30:31.250260313,T,KO,I,1,68.24
2025-11-04,9:30:31.251953474,T,KO,F I,1,68.24
2025-11-04,9:30:31.251956582,T,KO,F,100,68.24
2025-11-04,9:30:31.251956582,T,KO,F I,25,68.24
2025-11-04,9:30:31.252428430,T,KO,F I,25,68.25
2025-11-04,9:30:31.441594062,T,KO,F I,1,68.26
2025-11-04,9:30:32.229560524,T,KO,F,100,68.27
2025-11-04,9:30:32.229563577,T,KO,F,100,68.27
2025-11-04,9:30:32.229581898,T,KO,I,1,68.27
2025-11-04,9:30:32.229588133,T,KO,I,16,68.27
2025-11-04,9:30:32.229602674,T,KO,F I,83,68.27
2025-11-04,9:30:32.229605694,T,KO,F I,16,68.27
2025-11-04,9:30:32.229611729,T,KO,F I,83,68.27
2025-11-04,9:30:32.229626678,T,KO,F I,1,68.27
2025-11-04,9:30:32.229632718,T,KO,F I,49,68.27
2025-11-04,9:30:32.229648251,T,KO,F I,51,68.27
2025-11-04,9:30:32.229819240,T,KO,F,100,68.28
2025-11-04,9:30:32.230056801,T,KO,F I,5,68.29
2025-11-04,9:30:32.230056801,T,KO,F,160,68.29
2025-11-04,9:30:32.230077949,T,KO,F,240,68.29
2025-11-04,9:30:32.230080844,T,KO,F I,20,68.29
2025-11-04,9:30:32.546921374,T,KO,,200,68.29
2025-11-04,9:30:32.879284996,T,KO,F I,50,68.29
2025-11-04,9:30:32.898756386,T,KO,F I,25,68.27
2025-11-04,9:30:32.923102369,T,KO,F I,4,68.265
2025-11-04,9:30:36.167262183,T,KO,F I,96,68.27
2025-11-04,9:30:36.197553357,T,KO,,100,68.28
2025-11-04,9:30:36.197556319,T,KO,I,75,68.29
2025-11-04,9:30:36.197580387,T,KO,F,103,68.27
2025-11-04,9:30:36.197625770,T,KO,F,100,68.27
2025-11-04,9:30:36.219193197,T,KO,I,2,68.235
2025-11-04,9:30:36.219193197,T,KO,I,1,68.23
2025-11-04,9:30:36.219196008,T,KO,I,1,68.23
2025-11-04,9:30:36.219196008,T,KO,I,4,68.23
2025-11-04,9:30:36.219199878,T,KO,,400,68.22
2025-11-04,9:30:36.219199878,T,KO,I,25,68.22
2025-11-04,9:30:36.219204839,T,KO,I,98,68.22
2025-11-04,9:30:36.231425936,T,KO,F,104,68.22
2025-11-04,9:30:36.231444049,T,KO,I,1,68.22
2025-11-04,9:30:36.250789108,T,KO,F I,1,68.21
2025-11-04,9:30:36.250789108,T,KO,F I,17,68.21
2025-11-04,9:30:36.275219313,T,KO,,250,68.21
2025-11-04,9:30:36.292119815,T,KO,F I,1,68.2
2025-11-04,9:30:36.292119815,T,KO,F I,15,68.2
2025-11-04,9:30:36.302632550,T,KO,I,12,68.21
2025-11-04,9:30:36.302840093,T,KO,F,100,68.22
2025-11-04,9:30:36.303203889,T,KO,,100,68.21
2025-11-04,9:30:36.303209973,T,KO,,100,68.21
2025-11-04,9:30:36.303212933,T,KO,I,25,68.21
2025-11-04,9:30:36.303212933,T,KO,,100,68.21
2025-11-04,9:30:36.303215957,T,KO,,100,68.21
2025-11-04,9:30:36.313632795,T,KO,F I,25,68.21
2025-11-04,9:30:36.313635819,T,KO,F,100,68.21
2025-11-04,9:30:36.313635819,T,KO,F I,33,68.21
2025-11-04,9:30:36.331405114,T,KO,F I,8,68.21
2025-11-04,9:30:36.768026882,T,KO,F I,50,68.24
2025-11-04,9:30:36.768333726,T,KO,I,34,68.23
2025-11-04,9:30:36.768333726,T,KO,I,25,68.23
2025-11-04,9:30:36.768336715,T,KO,,100,68.23
2025-11-04,9:30:36.768694895,T,KO,I,25,68.22
2025-11-04,9:30:36.768697484,T,KO,,100,68.22
2025-11-04,9:30:36.802672428,T,KO,F I,25,68.21
2025-11-04,9:30:36.819344186,T,KO,F I,2,68.2
2025-11-04,9:30:36.819537011,T,KO,F I,34,68.21
2025-11-04,9:30:36.840619855,T,KO,F I,2,68.21
2025-11-04,9:30:37.073695863,T,KO,F I,25,68.23
2025-11-04,9:30:37.073699207,T,KO,F,100,68.23
2025-11-04,9:30:37.073699207,T,KO,F I,41,68.23
2025-11-04,9:30:37.091101369,T,KO,F I,9,68.22
2025-11-04,9:30:37.091176519,T,KO,I,25,68.22
2025-11-04,9:30:37.105626025,T,KO,F I,16,68.21
2025-11-04,9:30:37.120288920,T,KO,F I,1,68.21
2025-11-04,9:30:37.463694770,T,KO,F I,1,68.21
2025-11-04,9:30:37.463763932,T,KO,I,25,68.21
2025-11-04,9:30:37.478995210,T,KO,F I,25,68.21
2025-11-04,9:30:37.478998238,T,KO,F I,1,68.21
2025-11-04,9:30:38.108502539,T,KO,,100,68.225
2025-11-04,9:30:38.108502539,T,KO,I,20,68.23
2025-11-04,9:30:38.108523711,T,KO,I,80,68.23
2025-11-04,9:30:38.108523711,T,KO,I,25,68.23
2025-11-04,9:30:38.108541613,T,KO,I,1,68.23
2025-11-04,9:30:38.114213097,T,KO,F I,25,68.225
2025-11-04,9:30:38.643140498,T,KO,I,13,68.24
2025-11-04,9:30:38.643146083,T,KO,,100,68.24
2025-11-04,9:30:38.643146083,T,KO,I,25,68.24
2025-11-04,9:30:38.643146083,T,KO,I,37,68.24
2025-11-04,9:30:38.643227016,T,KO,F I,63,68.24
2025-11-04,9:30:38.643230091,T,KO,F I,33,68.24
2025-11-04,9:30:38.643407897,T,KO,I,34,68.23
2025-11-04,9:30:38.643407897,T,KO,I,25,68.23
2025-11-04,9:30:38.643413547,T,KO,,100,68.23
2025-11-04,9:30:38.675436760,T,KO,F I,22,68.2
2025-11-04,9:30:38.675509090,T,KO,,469,68.2
2025-11-04,9:30:38.675511978,T,KO,I,2,68.2
2025-11-04,9:30:38.675515760,T,KO,I,4,68.2
2025-11-04,9:30:38.675515760,T,KO,I,2,68.2
2025-11-04,9:30:38.675518903,T,KO,I,60,68.2
2025-11-04,9:30:38.675518903,T,KO,I,25,68.2
2025-11-04,9:30:38.675520925,T,KO,I,80,68.2
2025-11-04,9:30:38.676350996,T,KO,F,100,68.2
2025-11-04,9:30:39.290593882,T,KO,I,25,68.21
2025-11-04,9:30:39.290597345,T,KO,I,33,68.21
2025-11-04,9:30:39.351345229,T,KO,F I,6,68.2
2025-11-04,9:30:39.388449980,T,KO,F I,1,68.2
2025-11-04,9:30:39.818750733,T,KO,I,17,68.22
2025-11-04,9:30:39.818828992,T,KO,I,83,68.22
2025-11-04,9:30:39.853438409,T,KO,F I,1,68.21
2025-11-04,9:30:39.854139047,T,KO,F I,34,68.22
2025-11-04,9:30:39.867033809,T,KO,F I,2,68.21
2025-11-04,9:30:40.144330643,T,KO,F I,25,68.21
2025-11-04,9:30:40.144333173,T,KO,F,100,68.2
2025-11-04,9:30:40.144336227,T,KO,F I,25,68.2
2025-11-04,9:30:40.161958143,T,KO,F I,25,68.19
2025-11-04,9:30:40.161958143,T,KO,F I,22,68.19
2025-11-04,9:30:40.162033293,T,KO,F I,34,68.2
2025-11-04,9:30:41.970826400,T,KO,F I,44,68.215
2025-11-04,9:30:41.970829421,T,KO,F I,17,68.215
2025-11-04,9:30:41.970833135,T,KO,F I,1,68.23
2025-11-04,9:30:41.970833135,T,KO,F I,25,68.23
2025-11-04,9:30:41.970838455,T,KO,F,100,68.23
2025-11-04,9:30:41.970838455,T,KO,F I,70,68.23
2025-11-04,9:30:41.971800754,T,KO,I,50,68.24
2025-11-04,9:30:42.008557281,T,KO,F I,25,68.22
2025-11-04,9:30:42.008557281,T,KO,F I,26,68.22
2025-11-04,9:30:42.134978797,T,KO,F I,50,68.22
2025-11-04,9:30:42.182308103,T,KO,F I,3,68.21
2025-11-04,9:30:42.182837385,T,KO,I,34,68.22
2025-11-04,9:30:42.327283433,T,KO,F I,2,68.21
2025-11-04,9:30:42.434272224,T,KO,F I,41,68.22
2025-11-04,9:30:42.518259324,T,KO,F I,8,68.23
2025-11-04,9:30:42.518340598,T,KO,F I,25,68.23
2025-11-04,9:30:42.518340598,T,KO,F I,25,68.23
2025-11-04,9:30:42.792019249,T,KO,F I,10,68.24
2025-11-04,9:30:43.390366434,T,KO,F,250,68.235
2025-11-04,9:30:43.390366434,T,KO,F,150,68.25
2025-11-04,9:30:43.390390376,T,KO,I,1,68.25
2025-11-04,9:30:43.390444596,T,KO,F I,34,68.24
2025-11-04,9:30:43.390492703,T,KO,F I,91,68.24
2025-11-04,9:30:43.391063958,T,KO,F I,25,68.23
2025-11-04,9:30:43.405787031,T,KO,F I,25,68.22
2025-11-04,9:30:43.405856212,T,KO,,100,68.21
2025-11-04,9:30:43.405859424,T,KO,I,25,68.21
2025-11-04,9:30:43.420801845,T,KO,F I,25,68.2
2025-11-04,9:30:43.420801845,T,KO,F I,12,68.2
2025-11-04,9:30:43.455026376,T,KO,F I,2,68.2
2025-11-04,9:30:44.390376989,T,KO,F,100,68.23
2025-11-04,9:30:44.784640045,T,KO,F I,15,68.21
2025-11-04,9:30:44.784658033,T,KO,F I,10,68.21
2025-11-04,9:30:44.784661086,T,KO,F,100,68.21
2025-11-04,9:30:44.784670770,T,KO,F I,50,68.21
2025-11-04,9:30:44.820599628,T,KO,I,45,68.21
2025-11-04,9:30:44.820599628,T,KO,,100,68.21
2025-11-04,9:30:44.820644784,T,KO,,100,68.22
2025-11-04,9:30:44.820647757,T,KO,I,25,68.22
2025-11-04,9:30:46.157123913,T,KO,I,1,68.215
2025-11-04,9:30:49.242986606,T,KO,F,100,68.22
2025-11-04,9:30:50.185220799,T,KO,,100,68.2
2025-11-04,9:30:50.185220799,T,KO,I,9,68.2
2025-11-04,9:30:50.185226613,T,KO,,291,68.2
2025-11-04,9:30:50.185232664,T,KO,F I,9,68.2
2025-11-04,9:30:50.230300963,T,KO,F I,83,68.18
2025-11-04,9:30:50.235410158,T,KO,F I,83,68.185
2025-11-04,9:30:50.254322249,T,KO,F I,8,68.18
2025-11-04,9:30:50.840601550,T,KO,F I,9,68.18
2025-11-04,9:30:50.859733091,T,KO,F I,22,68.17
2025-11-04,9:30:50.859799274,T,KO,F I,39,68.18
2025-11-04,9:30:50.876266466,T,KO,F I,3,68.19
2025-11-04,9:30:51.588040733,T,KO,,250,68.195
2025-11-04,9:30:52.652771762,T,KO,F I,37,68.2
2025-11-04,9:30:53.494930618,T,KO,,110,68.2
2025-11-04,9:30:53.494934149,T,KO,I,13,68.2
2025-11-04,9:30:53.524310772,T,KO,I,48,68.2
2025-11-04,9:30:53.559960329,T,KO,F I,15,68.18
2025-11-04,9:30:53.560002436,T,KO,I,39,68.19
2025-11-04,9:30:53.560014610,T,KO,I,85,68.18
2025-11-04,9:30:53.560017903,T,KO,I,25,68.18
2025-11-04,9:30:53.560023625,T,KO,,100,68.18
2025-11-04,9:30:53.560026485,T,KO,,100,68.18
2025-11-04,9:30:53.560038549,T,KO,I,1,68.19
2025-11-04,9:30:53.560050664,T,KO,F I,99,68.19
2025-11-04,9:30:53.560053555,T,KO,F I,1,68.19
2025-11-04,9:30:53.560859495,T,KO,,100,68.19
2025-11-04,9:30:53.561066932,T,KO,I,66,68.2
2025-11-04,9:30:53.561088016,T,KO,I,34,68.2
2025-11-04,9:30:53.580715686,T,KO,,100,68.2
2025-11-04,9:30:53.580715686,T,KO,I,66,68.2
2025-11-04,9:30:53.580718732,T,KO,I,34,68.2
2025-11-04,9:30:53.586627854,T,KO,F I,25,68.19
2025-11-04,9:30:53.586631019,T,KO,F I,28,68.19
2025-11-04,9:30:53.610173932,T,KO,I,72,68.19
2025-11-04,9:30:53.613184038,T,KO,F I,12,68.18
2025-11-04,9:30:53.636778214,T,KO,F I,1,68.18
2025-11-04,9:30:53.637094003,T,KO,F I,39,68.19
2025-11-04,9:30:53.637433939,T,KO,,100,68.19
2025-11-04,9:30:53.637439879,T,KO,,100,68.19
2025-11-04,9:30:53.651787038,T,KO,F I,12,68.19
2025-11-04,9:30:53.651787038,T,KO,F I,29,68.19
2025-11-04,9:30:53.651811043,T,KO,I,39,68.2
2025-11-04,9:30:53.651871221,T,KO,,100,68.21
2025-11-04,9:30:53.651877357,T,KO,I,25,68.21
2025-11-04,9:30:53.651877357,T,KO,I,75,68.21
2025-11-04,9:30:53.651892219,T,KO,I,25,68.21
2025-11-04,9:30:53.666606301,T,KO,I,7,68.22
2025-11-04,9:30:53.666609543,T,KO,I,25,68.22
2025-11-04,9:30:53.666609543,T,KO,I,68,68.22
2025-11-04,9:30:53.666627492,T,KO,I,32,68.22
2025-11-04,9:30:53.666630525,T,KO,,131,68.22
2025-11-04,9:30:53.666633421,T,KO,I,1,68.22
2025-11-04,9:30:53.666967113,T,KO,,100,68.22
2025-11-04,9:30:53.666985165,T,KO,I,25,68.22
2025-11-04,9:30:53.666988227,T,KO,I,35,68.22
2025-11-04,9:30:53.667033320,T,KO,I,65,68.22
2025-11-04,9:30:53.667033320,T,KO,I,25,68.22
2025-11-04,9:30:53.668518905,T,KO,I,5,68.22
2025-11-04,9:30:53.714176647,T,KO,I,9,68.22
2025-11-04,9:30:53.728132838,T,KO,F I,12,68.215
2025-11-04,9:30:53.836041813,T,KO,,100,68.22
2025-11-04,9:30:53.836565048,T,KO,I,91,68.22
2025-11-04,9:30:53.836601144,T,KO,F I,9,68.22
2025-11-04,9:30:53.836877886,T,KO,F,100,68.22
2025-11-04,9:30:53.837443192,T,KO,,100,68.22
2025-11-04,9:30:53.837446357,T,KO,,100,68.22
2025-11-04,9:30:53.837449181,T,KO,,100,68.22
2025-11-04,9:30:53.837930372,T,KO,F,100,68.22
2025-11-04,9:30:53.842299799,T,KO,F I,25,68.21
2025-11-04,9:30:53.842299799,T,KO,F I,64,68.21
2025-11-04,9:30:53.879654736,T,KO,F I,1,68.2
2025-11-04,9:30:54.128455355,T,KO,F I,5,68.2
2025-11-04,9:30:55.161171922,T,KO,F,100,68.21
2025-11-04,9:30:55.171315121,T,KO,F I,20,68.21
2025-11-04,9:30:55.190711295,T,KO,F I,1,68.21
2025-11-04,9:30:55.196620451,T,KO,F I,25,68.22
2025-11-04,9:30:55.196993204,T,KO,I,47,68.22
2025-11-04,9:30:55.196993204,T,KO,I,25,68.22
2025-11-04,9:30:55.196996298,T,KO,F I,25,68.22
2025-11-04,9:30:55.207367990,T,KO,F,100,68.225
2025-11-04,9:30:55.214113037,T,KO,F I,24,68.22
2025-11-04,9:30:55.235875820,T,KO,F I,1,68.22
2025-11-04,9:30:55.253687302,T,KO,F I,1,68.22
2025-11-04,9:30:55.253732367,T,KO,I,77,68.22
2025-11-04,9:30:55.253732367,T,KO,I,48,68.22
2025-11-04,9:30:55.270852132,T,KO,,100,68.21
2025-11-04,9:30:55.270873216,T,KO,I,1,68.21
2025-11-04,9:30:55.760490453,T,KO,F,100,68.2
2025-11-04,9:30:55.761452727,T,KO,F I,25,68.19
2025-11-04,9:30:55.761455773,T,KO,F,100,68.19
2025-11-04,9:30:55.761922378,T,KO,,100,68.19
2025-11-04,9:30:55.761939929,T,KO,F,100,68.19
2025-11-04,9:30:55.762276736,T,KO,,100,68.19
2025-11-04,9:30:55.772073999,T,KO,F I,66,68.19
2025-11-04,9:30:55.772073999,T,KO,F I,25,68.19
2025-11-04,9:30:55.780229455,T,KO,F I,12,68.18
2025-11-04,9:30:55.780229455,T,KO,F I,88,68.18
2025-11-04,9:30:55.780247513,T,KO,I,1,68.18
2025-11-04,9:30:55.807014305,T,KO,F I,3,68.17
2025-11-04,9:30:55.807017289,T,KO,F I,16,68.17
2025-11-04,9:30:55.807059319,T,KO,I,35,68.18
2025-11-04,9:30:55.807080422,T,KO,I,4,68.18
2025-11-04,9:30:55.807080422,T,KO,I,25,68.18
2025-11-04,9:30:55.814120119,T,KO,F I,83,68.18
2025-11-04,9:30:55.822209476,T,KO,F I,10,68.18
2025-11-04,9:30:55.834388472,T,KO,F I,11,68.17
2025-11-04,9:30:56.116442177,T,KO,F I,2,68.19
2025-11-04,9:30:56.116442177,T,KO,F I,40,68.19
2025-11-04,9:30:56.138448592,T,KO,F I,18,68.18
2025-11-04,9:30:56.139269628,T,KO,I,39,68.19
2025-11-04,9:30:56.139269628,T,KO,I,45,68.19
2025-11-04,9:30:56.139287643,T,KO,I,83,68.19
2025-11-04,9:30:56.139320645,T,KO,F,100,68.19
2025-11-04,9:30:56.139434980,T,KO,,100,68.19
2025-11-04,9:30:56.139456014,T,KO,I,25,68.19
2025-11-04,9:30:56.156705144,T,KO,F I,25,68.19
2025-11-04,9:30:56.156708172,T,KO,F I,36,68.19
2025-11-04,9:30:56.156729239,T,KO,F I,64,68.19
2025-11-04,9:30:56.226666882,T,KO,F I,25,68.2
2025-11-04,9:30:56.235393544,T,KO,F I,3,68.2
2025-11-04,9:30:56.361655264,T,KO,,100,68.2
2025-11-04,9:30:56.388867001,T,KO,F I,20,68.19
2025-11-04,9:30:56.388909116,T,KO,I,39,68.2
2025-11-04,9:30:56.388972593,T,KO,I,66,68.21
2025-11-04,9:30:56.388972593,T,KO,I,34,68.21
2025-11-04,9:30:56.388993332,T,KO,I,8,68.21
2025-11-04,9:30:56.388996359,T,KO,I,25,68.21
2025-11-04,9:30:56.389600875,T,KO,I,66,68.22
2025-11-04,9:30:56.389603769,T,KO,I,25,68.22
2025-11-04,9:30:56.426595000,T,KO,F I,25,68.21
2025-11-04,9:30:56.426595000,T,KO,F I,15,68.21
2025-11-04,9:30:56.426624966,T,KO,I,33,68.21
2025-11-04,9:30:56.426640096,T,KO,,100,68.215
2025-11-04,9:30:56.426643035,T,KO,I,8,68.22
2025-11-04,9:30:56.426679109,T,KO,,100,68.21
2025-11-04,9:30:56.426688093,T,KO,F,150,68.21
2025-11-04,9:30:56.426688093,T,KO,F I,81,68.22
2025-11-04,9:30:56.426733374,T,KO,I,19,68.22
2025-11-04,9:30:56.426736204,T,KO,,100,68.22
2025-11-04,9:30:56.426739263,T,KO,I,25,68.22
2025-11-04,9:30:56.426865595,T,KO,I,50,68.22
2025-11-04,9:30:56.426886618,T,KO,F I,25,68.22
2025-11-04,9:30:56.426928661,T,KO,,100,68.22
2025-11-04,9:30:56.426985886,T,KO,F I,8,68.22
2025-11-04,9:30:56.426985886,T,KO,F I,8,68.22
2025-11-04,9:30:56.427003914,T,KO,F I,8,68.22
2025-11-04,9:30:56.427009879,T,KO,F I,1,68.22
2025-11-04,9:30:56.430182490,T,KO,I,25,68.22
2025-11-04,9:30:56.430185460,T,KO,I,75,68.22
2025-11-04,9:30:56.430522291,T,KO,I,25,68.22
2025-11-04,9:30:56.431045534,T,KO,,100,68.22
2025-11-04,9:30:56.431048466,T,KO,I,25,68.22
2025-11-04,9:30:56.431422423,T,KO,,100,68.22
2025-11-04,9:30:56.431422423,T,KO,,100,68.22
2025-11-04,9:30:56.431427436,T,KO,I,25,68.22
2025-11-04,9:30:56.445855816,T,KO,F,100,68.22
2025-11-04,9:30:56.445870753,T,KO,F I,25,68.21
2025-11-04,9:30:56.463748399,T,KO,F I,7,68.21
2025-11-04,9:30:56.484188042,T,KO,F I,5,68.21
2025-11-04,9:30:56.495618517,T,KO,I,9,68.22
2025-11-04,9:30:56.495618517,T,KO,I,11,68.22
2025-11-04,9:30:56.495618517,T,KO,I,4,68.22
2025-11-04,9:30:56.495621622,T,KO,I,1,68.22
2025-11-04,9:30:56.495621622,T,KO,I,25,68.22
2025-11-04,9:30:56.495994211,T,KO,F I,50,68.22
2025-11-04,9:30:56.495997144,T,KO,F I,25,68.22
2025-11-04,9:30:56.496138506,T,KO,,100,68.22
2025-11-04,9:30:56.517645777,T,KO,F I,52,68.21
2025-11-04,9:30:56.554621844,T,KO,F I,2,68.21
2025-11-04,9:30:56.781340742,T,KO,F I,25,68.22
2025-11-04,9:30:56.799885894,T,KO,F I,2,68.21
2025-11-04,9:30:56.909361685,T,KO,F I,25,68.22
2025-11-04,9:30:56.911568862,T,KO,F I,1,68.21
2025-11-04,9:30:58.170397028,T,KO,F I,15,68.22
2025-11-04,9:30:58.202591739,T,KO,F I,6,68.21
2025-11-04,9:31:00.132116534,T,KO,F I,25,68.23
2025-11-04,9:31:00.132116534,T,KO,F I,19,68.23
2025-11-04,9:31:00.132137697,T,KO,F I,6,68.23
2025-11-04,9:31:00.132137697,T,KO,F I,19,68.23
2025-11-04,9:31:00.153007038,T,KO,,100,68.23
2025-11-04,9:31:00.153927206,T,KO,,100,68.23
2025-11-04,9:31:00.405166648,T,KO,I,24,68.24
2025-11-04,9:31:00.406243461,T,KO,I,76,68.24
2025-11-04,9:31:00.406243461,T,KO,,100,68.25
2025-11-04,9:31:00.406246457,T,KO,I,25,68.25
2025-11-04,9:31:00.406246457,T,KO,,259,68.25
2025-11-04,9:31:00.406264261,T,KO,I,1,68.25
2025-11-04,9:31:00.406270224,T,KO,I,40,68.25
2025-11-04,9:31:00.406273308,T,KO,I,35,68.25
2025-11-04,9:31:00.406276632,T,KO,I,1,68.25
2025-11-04,9:31:00.406424325,T,KO,I,25,68.24
2025-11-04,9:31:00.406547978,T,KO,F,100,68.24
2025-11-04,9:31:00.406552903,T,KO,F I,98,68.24
2025-11-04,9:31:00.406552903,T,KO,F I,2,68.24
2025-11-04,9:31:00.448421627,T,KO,F I,25,68.24
2025-11-04,9:31:00.448466742,T,KO,,100,68.24
2025-11-04,9:31:00.450893712,T,KO,F,100,68.25
2025-11-04,9:31:00.450896687,T,KO,F I,48,68.25
2025-11-04,9:31:00.450896687,T,KO,F I,25,68.25
2025-11-04,9:31:00.450899565,T,KO,F I,97,68.25
2025-11-04,9:31:00.465977427,T,KO,F I,25,68.24
2025-11-04,9:31:00.465980510,T,KO,F I,24,68.24
2025-11-04,9:31:00.471053600,T,KO,F I,48,68.245
2025-11-04,9:31:00.501188340,T,KO,F I,5,68.24
2025-11-04,9:31:01.306160664,T,KO,F I,6,68.25
2025-11-04,9:31:02.212955243,T,KO,,250,68.255
2025-11-04,9:31:03.730471863,T,KO,F I,55,68.27
2025-11-04,9:31:03.730474723,T,KO,F I,25,68.27
2025-11-04,9:31:03.730474723,T,KO,F I,26,68.27
2025-11-04,9:31:03.730477569,T,KO,F,500,68.27
2025-11-04,9:31:03.735782224,T,KO,F,100,68.27
2025-11-04,9:31:03.860188539,T,KO,F I,36,68.28
2025-11-04,9:31:03.860191562,T,KO,F I,31,68.28
2025-11-04,9:31:03.860931540,T,KO,F I,25,68.29
2025-11-04,9:31:03.860931540,T,KO,F I,29,68.29
2025-11-04,9:31:03.860955521,T,KO,F I,88,68.3
2025-11-04,9:31:03.860955521,T,KO,F,100,68.3
2025-11-04,9:31:03.860958393,T,KO,F I,25,68.3
2025-11-04,9:31:03.860961745,T,KO,F I,3,68.3
2025-11-04,9:31:03.860961745,T,KO,F I,31,68.3
2025-11-04,9:31:03.860964738,T,KO,F,100,68.3
2025-11-04,9:31:03.897224765,T,KO,F I,25,68.295
2025-11-04,9:31:03.897278831,T,KO,I,1,68.3
2025-11-04,9:31:03.913289119,T,KO,F I,3,68.295
2025-11-04,9:31:04.193087381,T,KO,F I,18,68.3
2025-11-04,9:31:04.214606557,T,KO,F I,1,68.295
2025-11-04,9:31:04.411050634,T,KO,F,100,68.3
2025-11-04,9:31:04.411050634,T,KO,F,100,68.31
2025-11-04,9:31:04.411056208,T,KO,F I,25,68.31
2025-11-04,9:31:04.411056208,T,KO,F I,6,68.31
2025-11-04,9:31:04.411058511,T,KO,F I,29,68.31
2025-11-04,9:31:04.411061629,T,KO,F,400,68.31
2025-11-04,9:31:04.411070574,T,KO,F,100,68.31
2025-11-04,9:31:04.411073544,T,KO,F I,20,68.31
2025-11-04,9:31:04.414222028,T,KO,,100,68.31
2025-11-04,9:31:04.613744233,T,KO,I,15,68.31
2025-11-04,9:31:04.614192281,T,KO,I,50,68.31
2025-11-04,9:31:04.760253132,T,KO,F I,6,68.31
2025-11-04,9:31:05.192833418,T,KO,I,58,68.31
2025-11-04,9:31:05.192833418,T,KO,I,16,68.31
2025-11-04,9:31:05.192851423,T,KO,F I,84,68.31
2025-11-04,9:31:05.192875561,T,KO,F I,25,68.29
2025-11-04,9:31:05.192878928,T,KO,F,100,68.29
2025-11-04,9:31:05.193107096,T,KO,F,100,68.3
2025-11-04,9:31:05.193110098,T,KO,F,100,68.3
2025-11-04,9:31:05.193116252,T,KO,,200,68.3
2025-11-04,9:31:05.193128093,T,KO,I,1,68.3
2025-11-04,9:31:05.213071605,T,KO,F I,25,68.295
2025-11-04,9:31:05.213086677,T,KO,F I,75,68.295
2025-11-04,9:31:05.213090047,T,KO,F,100,68.295
2025-11-04,9:31:05.213092684,T,KO,F I,25,68.29
2025-11-04,9:31:05.213092684,T,KO,F,100,68.29
2025-11-04,9:31:05.232945927,T,KO,,100,68.29
2025-11-04,9:31:05.233472273,T,KO,F I,25,68.29
2025-11-04,9:31:05.233682688,T,KO,F I,10,68.29
2025-11-04,9:31:05.234593897,T,KO,,100,68.28
2025-11-04,9:31:05.234853452,T,KO,F,100,68.29
2025-11-04,9:31:05.234855514,T,KO,F I,25,68.29
2025-11-04,9:31:05.234858702,T,KO,F I,25,68.29
2025-11-04,9:31:05.234858702,T,KO,F,100,68.29
2025-11-04,9:31:05.255162881,T,KO,F I,97,68.28
2025-11-04,9:31:05.255183913,T,KO,I,1,68.28
2025-11-04,9:31:05.294132746,T,KO,F I,14,68.28
2025-11-04,9:31:05.299187862,T,KO,F I,48,68.29
2025-11-04,9:31:05.314698693,T,KO,F I,3,68.29
2025-11-04,9:31:06.158902428,T,KO,I,2,68.29
2025-11-04,9:31:06.243924045,T,KO,F I,1,68.29
2025-11-04,9:31:07.435974993,T,KO,I,50,68.29
2025-11-04,9:31:07.561978024,T,KO,F I,2,68.28
2025-11-04,9:31:07.562089390,T,KO,,100,68.28
2025-11-04,9:31:07.597892638,T,KO,F I,10,68.28
2025-11-04,9:31:07.631690076,T,KO,F I,6,68.28
2025-11-04,9:31:10.032130424,T,KO,I,50,68.29
2025-11-04,9:31:10.032133466,T,KO,F,150,68.29
2025-11-04,9:31:10.155180404,T,KO,,100,68.29
2025-11-04,9:31:10.155183454,T,KO,I,81,68.28
2025-11-04,9:31:10.155186444,T,KO,,100,68.28
2025-11-04,9:31:10.164078589,T,KO,F I,15,68.28
2025-11-04,9:31:10.164189788,T,KO,I,85,68.28
2025-11-04,9:31:10.171809996,T,KO,F I,65,68.32
2025-11-04,9:31:10.171831049,T,KO,F I,35,68.32
2025-11-04,9:31:10.171834061,T,KO,F I,25,68.32
2025-11-04,9:31:10.171834061,T,KO,F,400,68.32
2025-11-04,9:31:10.173704482,T,KO,I,10,68.315
2025-11-04,9:31:10.183640176,T,KO,F I,73,68.315
2025-11-04,9:31:10.220372614,T,KO,F I,3,68.3
2025-11-04,9:31:10.220808696,T,KO,F I,55,68.31
2025-11-04,9:31:10.220995163,T,KO,,100,68.31
2025-11-04,9:31:10.220998199,T,KO,I,55,68.31
2025-11-04,9:31:10.233799671,T,KO,F I,21,68.31
2025-11-04,9:31:10.251286260,T,KO,F I,1,68.31
2025-11-04,9:31:11.550272058,T,KO,F I,50,68.31
2025-11-04,9:31:12.115537273,T,KO,F,100,68.31
2025-11-04,9:31:12.157676622,T,KO,F I,1,68.3
2025-11-04,9:31:13.349249667,T,KO,F I,20,68.28
2025-11-04,9:31:13.349264818,T,KO,F I,80,68.28
2025-11-04,9:31:13.349264818,T,KO,F I,25,68.28
2025-11-04,9:31:13.377330459,T,KO,F I,2,68.27
2025-11-04,9:31:13.377393650,T,KO,F I,55,68.28
2025-11-04,9:31:13.392149799,T,KO,F I,3,68.28
2025-11-04,9:31:13.445632124,T,KO,F I,10,68.28
2025-11-04,9:31:15.180839986,T,KO,F I,10,68.28
2025-11-04,9:31:15.180894613,T,KO,F I,10,68.29
2025-11-04,9:31:15.420035596,T,KO,I,50,68.3
2025-11-04,9:31:15.420035596,T,KO,I,45,68.3
2025-11-04,9:31:15.420038618,T,KO,,100,68.3
2025-11-04,9:31:15.469142624,T,KO,F I,17,68.28
2025-11-04,9:31:15.496462692,T,KO,F I,1,68.28
2025-11-04,9:31:17.296610249,T,KO,F,100,68.275
2025-11-04,9:31:17.296610249,T,KO,F I,58,68.28
2025-11-04,9:31:17.296613104,T,KO,F,100,68.28
2025-11-04,9:31:17.316836247,T,KO,F I,1,68.28
2025-11-04,9:31:17.316839329,T,KO,F I,17,68.28
2025-11-04,9:31:17.342075340,T,KO,F I,1,68.27
2025-11-04,9:31:18.537650912,T,KO,F I,5,68.27
2025-11-04,9:31:19.008557466,T,KO,F I,13,68.29
2025-11-04,9:31:19.931079684,T,KO,F,100,68.295
2025-11-04,9:31:19.956219556,T,KO,F I,5,68.29
2025-11-04,9:31:19.969950215,T,KO,F I,1,68.29
2025-11-04,9:31:19.969971346,T,KO,F I,7,68.29
2025-11-04,9:31:20.212342502,T,KO,F I,15,68.28
2025-11-04,9:31:20.246260394,T,KO,F I,2,68.28
2025-11-04,9:31:20.714713043,T,KO,F I,25,68.285
2025-11-04,9:31:20.748703046,T,KO,F I,1,68.29
2025-11-04,9:31:20.748832342,T,KO,I,99,68.29
2025-11-04,9:31:20.762406662,T,KO,F I,15,68.28
2025-11-04,9:31:20.762430754,T,KO,F I,83,68.28
2025-11-04,9:31:20.762430754,T,KO,F I,73,68.28
2025-11-04,9:31:20.762439717,T,KO,F I,23,68.28
2025-11-04,9:31:20.762439717,T,KO,F,100,68.28
2025-11-04,9:31:20.763750881,T,KO,I,28,68.28
2025-11-04,9:31:22.459038592,T,KO,I,80,68.285
2025-11-04,9:31:22.459041514,T,KO,,100,68.285
2025-11-04,9:31:24.571548982,T,KO,F I,2,68.29
2025-11-04,9:31:24.571597046,T,KO,I,12,68.29
2025-11-04,9:31:25.900825866,T,KO,,100,68.29
2025-11-04,9:31:25.941332325,T,KO,F I,18,68.26
2025-11-04,9:31:25.941356432,T,KO,F,482,68.26
2025-11-04,9:31:25.941360442,T,KO,F,100,68.26
2025-11-04,9:31:25.941362537,T,KO,F I,76,68.26
2025-11-04,9:31:25.941365453,T,KO,F I,24,68.26
2025-11-04,9:31:25.941365453,T,KO,F,300,68.26
2025-11-04,9:31:25.942790749,T,KO,F I,8,68.25
2025-11-04,9:31:25.942827120,T,KO,F I,1,68.25
2025-11-04,9:31:25.942827120,T,KO,F I,16,68.25
2025-11-04,9:31:25.942830583,T,KO,F I,1,68.25
2025-11-04,9:31:25.942841941,T,KO,F I,99,68.25
2025-11-04,9:31:25.954906615,T,KO,F I,20,68.24
2025-11-04,9:31:25.954906615,T,KO,F I,60,68.24
2025-11-04,9:31:26.075424755,T,KO,F I,25,68.26
2025-11-04,9:31:26.132861509,T,KO,F,100,68.25
2025-11-04,9:31:26.133375811,T,KO,,100,68.25
2025-11-04,9:31:26.133378695,T,KO,,100,68.25
2025-11-04,9:31:26.133396964,T,KO,I,1,68.25
2025-11-04,9:31:26.133447946,T,KO,F I,1,68.25
2025-11-04,9:31:26.133468997,T,KO,F I,12,68.25
2025-11-04,9:31:26.133472243,T,KO,F I,25,68.25
2025-11-04,9:31:26.133652934,T,KO,,100,68.25
2025-11-04,9:31:26.133652934,T,KO,,100,68.25
2025-11-04,9:31:26.133655692,T,KO,I,1,68.25
2025-11-04,9:31:26.133658949,T,KO,I,2,68.25
2025-11-04,9:31:26.133658949,T,KO,I,5,68.25
2025-11-04,9:31:26.140683853,T,KO,F I,25,68.25
2025-11-04,9:31:26.140683853,T,KO,F I,2,68.25
2025-11-04,9:31:26.140686202,T,KO,F I,1,68.25
2025-11-04,9:31:26.148745312,T,KO,F I,45,68.25
2025-11-04,9:31:26.215375066,T,KO,F I,4,68.25
2025-11-04,9:31:26.573762621,T,KO,F I,44,68.25
2025-11-04,9:31:26.858378494,T,KO,F I,2,68.24
2025-11-04,9:31:27.659838246,T,KO,F,250,68.25
2025-11-04,9:31:27.700456017,T,KO,F I,37,68.24
2025-11-04,9:31:27.728386566,T,KO,F I,2,68.24
2025-11-04,9:31:29.560794831,T,KO,F I,40,68.26
2025-11-04,9:31:29.561243040,T,KO,F I,25,68.27
2025-11-04,9:31:29.636139241,T,KO,F I,9,68.27
2025-11-04,9:31:29.700603897,T,KO,I,10,68.27
2025-11-04,9:31:29.883983545,T,KO,,130,68.27
2025-11-04,9:31:29.918108855,T,KO,F I,7,68.27
2025-11-04,9:31:30.067757198,T,KO,I,10,68.265
2025-11-04,9:31:30.127449420,T,KO,F I,1,68.265
2025-11-04,9:31:30.266266064,T,KO,,125,68.265
2025-11-04,9:31:30.420978541,T,KO,I,10,68.265
2025-11-04,9:31:30.462480394,T,KO,F I,7,68.265
2025-11-04,9:31:33.460840590,T,KO,F,100,68.28
2025-11-04,9:31:33.607120911,T,KO,I,14,68.29
2025-11-04,9:31:34.921656838,T,KO,I,4,68.29
2025-11-04,9:31:34.945335200,T,KO,I,1,68.29
2025-11-04,9:31:35.005604784,T,KO,F,100,68.3
2025-11-04,9:31:35.005635528,T,KO,I,45,68.3
2025-11-04,9:31:35.005637894,T,KO,I,20,68.3
2025-11-04,9:31:35.006173154,T,KO,F,100,68.31
2025-11-04,9:31:35.006173154,T,KO,F I,25,68.31
2025-11-04,9:31:35.006176138,T,KO,F I,26,68.31
2025-11-04,9:31:35.039781114,T,KO,I,24,68.31
2025-11-04,9:31:35.057363998,T,KO,I,2,68.3
2025-11-04,9:31:35.204985657,T,KO,I,10,68.3
2025-11-04,9:31:35.210356379,T,KO,I,60,68.31
2025-11-04,9:31:35.240641578,T,KO,F I,6,68.31
2025-11-04,9:31:35.853898182,T,KO,I,60,68.31
2025-11-04,9:31:35.867325163,T,KO,F I,3,68.3
2025-11-04,9:31:35.882671213,T,KO,F I,5,68.3
2025-11-04,9:31:35.883179409,T,KO,F I,5,68.3
2025-11-04,9:31:35.883181843,T,KO,F,100,68.3
2025-11-04,9:31:35.883184831,T,KO,F,100,68.3
2025-11-04,9:31:35.883554780,T,KO,I,25,68.29
2025-11-04,9:31:35.899146952,T,KO,F I,68,68.31
2025-11-04,9:31:35.915069792,T,KO,F I,4,68.31
2025-11-04,9:31:36.163434363,T,KO,I,2,68.31
2025-11-04,9:31:37.911398472,T,KO,F I,25,68.32
2025-11-04,9:31:37.911420258,T,KO,F I,75,68.32
2025-11-04,9:31:37.911420258,T,KO,I,47,68.32
2025-11-04,9:31:37.911431869,T,KO,I,53,68.32
2025-11-04,9:31:37.911431869,T,KO,I,21,68.32
2025-11-04,9:31:37.911783407,T,KO,,100,68.32
2025-11-04,9:31:37.911801416,T,KO,I,1,68.32
2025-11-04,9:31:37.940059821,T,KO,F I,7,68.32
2025-11-04,9:31:37.940062758,T,KO,F I,23,68.32
2025-11-04,9:31:37.952668831,T,KO,F I,2,68.32
2025-11-04,9:31:38.130644710,T,KO,F I,22,68.33
2025-11-04,9:31:38.130647723,T,KO,F I,3,68.34
2025-11-04,9:31:38.130969496,T,KO,F I,75,68.34
2025-11-04,9:31:38.131399720,T,KO,F,100,68.34
2025-11-04,9:31:38.131399720,T,KO,F I,9,68.34
2025-11-04,9:31:38.131402734,T,KO,F,415,68.34
2025-11-04,9:31:38.153998276,T,KO,F I,2,68.33
2025-11-04,9:31:38.154320161,T,KO,F I,98,68.33
2025-11-04,9:31:38.721585191,T,KO,F I,11,68.31
2025-11-04,9:31:38.738927489,T,KO,F I,1,68.31
2025-11-04,9:31:40.117733034,T,KO,F I,50,68.3
2025-11-04,9:31:40.118078883,T,KO,I,1,68.29
2025-11-04,9:31:40.118733728,T,KO,,100,68.29
2025-11-04,9:31:40.118736756,T,KO,I,58,68.3
2025-11-04,9:31:40.119052507,T,KO,F I,42,68.3
2025-11-04,9:31:40.142634655,T,KO,F I,85,68.3
2025-11-04,9:31:40.142655695,T,KO,F,100,68.3
2025-11-04,9:31:40.142658718,T,KO,F I,1,68.3
2025-11-04,9:31:40.142662089,T,KO,F I,1,68.3
2025-11-04,9:31:40.142662089,T,KO,F,100,68.3
2025-11-04,9:31:40.142887221,T,KO,,100,68.3
2025-11-04,9:31:40.142908333,T,KO,I,1,68.3
2025-11-04,9:31:40.143389429,T,KO,I,58,68.3
2025-11-04,9:31:40.160437008,T,KO,F I,24,68.3
2025-11-04,9:31:40.180654290,T,KO,F I,7,68.31
2025-11-04,9:31:42.583644365,T,KO,F I,50,68.31
2025-11-04,9:31:42.647811256,T,KO,F I,15,68.315
2025-11-04,9:31:42.676078529,T,KO,F I,1,68.315
2025-11-04,9:31:42.865962827,T,KO,F I,5,68.315
2025-11-04,9:31:42.970284272,T,KO,F I,10,68.315
2025-11-04,9:31:43.142299920,T,KO,F I,5,68.315
2025-11-04,9:31:43.175075073,T,KO,F I,10,68.32
2025-11-04,9:31:43.212571354,T,KO,F I,11,68.34
2025-11-04,9:31:45.147310298,T,KO,F I,39,68.34
2025-11-04,9:31:45.157372332,T,KO,,100,68.33
2025-11-04,9:31:45.157375262,T,KO,,100,68.33
2025-11-04,9:31:45.157378346,T,KO,,100,68.33
2025-11-04,9:31:45.193627160,T,KO,,300,68.31
2025-11-04,9:31:45.193627160,T,KO,,100,68.31
2025-11-04,9:31:45.193629934,T,KO,,100,68.31
2025-11-04,9:31:45.193629934,T,KO,I,6,68.31
2025-11-04,9:31:45.193632645,T,KO,I,8,68.31
2025-11-04,9:31:45.194640048,T,KO,F,100,68.31
2025-11-04,9:31:45.199168818,T,KO,,100,68.31
2025-11-04,9:31:45.222321016,T,KO,F I,74,68.3
2025-11-04,9:31:45.240096326,T,KO,F I,4,68.3
2025-11-04,9:31:50.091929969,T,KO,F I,13,68.31
2025-11-04,9:31:50.128473024,T,KO,F I,8,68.31
2025-11-04,9:31:50.144976294,T,KO,F I,1,68.31
2025-11-04,9:31:50.215536331,T,KO,I,1,68.31
2025-11-04,9:31:50.227294280,T,KO,F I,6,68.29
2025-11-04,9:31:50.227952864,T,KO,,140,68.3
2025-11-04,9:31:50.244492352,T,KO,F I,7,68.29
2025-11-04,9:31:50.260060393,T,KO,F I,1,68.29
2025-11-04,9:31:51.129064061,T,KO,F I,5,68.29
2025-11-04,9:31:51.153419237,T,KO,I,59,68.29
2025-11-04,9:31:51.226875146,T,KO,F I,5,68.3
2025-11-04,9:31:51.226875146,T,KO,F I,25,68.3
2025-11-04,9:31:51.226878096,T,KO,F I,8,68.3
2025-11-04,9:31:51.257078995,T,KO,F I,15,68.29
2025-11-04,9:31:51.271516348,T,KO,F I,1,68.29
2025-11-04,9:31:54.560533901,T,KO,F I,16,68.295
2025-11-04,9:31:54.560533901,T,KO,F I,9,68.295
2025-11-04,9:31:54.584395664,T,KO,F,100,68.3
2025-11-04,9:31:55.235350059,T,KO,F I,1,68.28
2025-11-04,9:31:55.795696205,T,KO,F I,30,68.285
2025-11-04,9:31:55.795903147,T,KO,I,5,68.29
2025-11-04,9:31:55.795903147,T,KO,I,25,68.29
2025-11-04,9:31:56.984769689,T,KO,F I,25,68.31
2025-11-04,9:31:56.984769689,T,KO,F I,12,68.31
2025-11-04,9:31:56.984841918,T,KO,F I,14,68.31
2025-11-04,9:31:57.007951867,T,KO,F I,27,68.32
2025-11-04,9:31:57.007985014,T,KO,I,23,68.32
2025-11-04,9:31:57.137665861,T,KO,F I,2,68.31
2025-11-04,9:31:57.403823907,T,KO,F I,25,68.32
2025-11-04,9:31:57.403823907,T,KO,F I,8,68.32
2025-11-04,9:31:57.515879687,T,KO,F I,1,68.32
2025-11-04,9:31:57.515879687,T,KO,F I,15,68.32
2025-11-04,9:31:59.211889021,T,KO,F I,1,68.33
2025-11-04,9:31:59.211889021,T,KO,F I,99,68.33
2025-11-04,9:31:59.211907116,T,KO,F I,1,68.33
2025-11-04,9:32:00.137965998,T,KO,,100,68.32
2025-11-04,9:32:00.137965998,T,KO,,100,68.32
2025-11-04,9:32:00.137968618,T,KO,I,25,68.32
2025-11-04,9:32:00.234946569,T,KO,F I,29,68.32
2025-11-04,9:32:02.530935973,T,KO,F I,6,68.32
2025-11-04,9:32:02.530938962,T,KO,F I,94,68.32
2025-11-04,9:32:02.530957099,T,KO,F I,6,68.32
2025-11-04,9:32:03.811105984,T,KO,F I,47,68.33
2025-11-04,9:32:03.815249857,T,KO,F I,16,68.33
2025-11-04,9:32:04.980194401,T,KO,I,14,68.33
2025-11-04,9:32:05.011219246,T,KO,F I,1,68.32
2025-11-04,9:32:05.170027501,T,KO,,100,68.32
2025-11-04,9:32:05.170030580,T,KO,,300,68.32
2025-11-04,9:32:05.172878378,T,KO,F I,25,68.31
2025-11-04,9:32:05.172878378,T,KO,F,100,68.31
2025-11-04,9:32:05.194767472,T,KO,F I,49,68.3
2025-11-04,9:32:05.516843917,T,KO,F,100,68.29
2025-11-04,9:32:05.516849553,T,KO,F,100,68.29
2025-11-04,9:32:05.517706576,T,KO,I,25,68.3
2025-11-04,9:32:05.536396132,T,KO,F I,23,68.29
2025-11-04,9:32:05.536399721,T,KO,F I,49,68.29
2025-11-04,9:32:05.536402135,T,KO,F I,1,68.29
2025-11-04,9:32:05.536405082,T,KO,F I,1,68.29
2025-11-04,9:32:05.536405082,T,KO,F I,22,68.29
2025-11-04,9:32:05.536429302,T,KO,F I,25,68.29
2025-11-04,9:32:05.536429302,T,KO,F,100,68.29
2025-11-04,9:32:05.563604930,T,KO,F I,16,68.28
2025-11-04,9:32:06.540466619,T,KO,,100,68.28
2025-11-04,9:32:07.236317854,T,KO,F I,8,68.25
2025-11-04,9:32:07.236359949,T,KO,I,92,68.25
2025-11-04,9:32:07.236359949,T,KO,I,25,68.25
2025-11-04,9:32:11.594528833,T,KO,,100,68.245
2025-11-04,9:32:11.618375560,T,KO,F I,40,68.245
2025-11-04,9:32:11.635949440,T,KO,F I,2,68.245
2025-11-04,9:32:12.568287377,T,KO,F I,51,68.245
2025-11-04,9:32:12.568287377,T,KO,F I,51,68.245
2025-11-04,9:32:12.568289945,T,KO,I,74,68.245
2025-11-04,9:32:12.568293261,T,KO,I,82,68.245
2025-11-04,9:32:12.568311046,T,KO,I,51,68.24
2025-11-04,9:32:12.581686854,T,KO,F I,18,68.23
2025-11-04,9:32:12.765090657,T,KO,I,1,68.23
2025-11-04,9:32:13.192297142,T,KO,I,4,68.23
2025-11-04,9:32:15.138827284,T,KO,I,25,68.21
2025-11-04,9:32:15.138827284,T,KO,,100,68.21
2025-11-04,9:32:15.138830187,T,KO,,100,68.21
2025-11-04,9:32:15.138848245,T,KO,I,1,68.21
2025-11-04,9:32:15.138878289,T,KO,I,26,68.21
2025-11-04,9:32:15.153553254,T,KO,F I,22,68.21
2025-11-04,9:32:15.171776626,T,KO,F I,1,68.21
2025-11-04,9:32:15.770304602,T,KO,I,5,68.21
2025-11-04,9:32:15.790843143,T,KO,F I,1,68.21
2025-11-04,9:32:15.956555877,T,KO,I,10,68.21
2025-11-04,9:32:15.973293675,T,KO,F I,25,68.22
2025-11-04,9:32:16.138831990,T,KO,I,10,68.23
2025-11-04,9:32:17.645348305,T,KO,F I,25,68.24
2025-11-04,9:32:17.645351094,T,KO,F,100,68.24
2025-11-04,9:32:17.645354066,T,KO,F I,49,68.24
2025-11-04,9:32:17.645357104,T,KO,F,100,68.24
2025-11-04,9:32:17.670036948,T,KO,F I,25,68.24
2025-11-04,9:32:17.670039927,T,KO,F I,7,68.24
2025-11-04,9:32:17.670066990,T,KO,F I,93,68.24
2025-11-04,9:32:17.670069939,T,KO,F I,7,68.24
2025-11-04,9:32:17.670081988,T,KO,F I,93,68.24
2025-11-04,9:32:17.683496934,T,KO,F I,22,68.235
2025-11-04,9:32:17.698764287,T,KO,F I,1,68.235
2025-11-04,9:32:19.464948748,T,KO,F,100,68.235
2025-11-04,9:32:19.571603705,T,KO,F I,1,68.235
2025-11-04,9:32:20.167006769,T,KO,,100,68.23
2025-11-04,9:32:23.026051251,T,KO,I,1,68.23
2025-11-04,9:32:23.026054177,T,KO,,100,68.23
2025-11-04,9:32:23.063788034,T,KO,F I,1,68.23
2025-11-04,9:32:23.064398505,T,KO,F,100,68.23
2025-11-04,9:32:23.064398505,T,KO,F I,25,68.23
2025-11-04,9:32:23.202364073,T,KO,F I,20,68.24
2025-11-04,9:32:23.202370565,T,KO,F I,5,68.24
2025-11-04,9:32:23.203581988,T,KO,,100,68.25
2025-11-04,9:32:23.203666218,T,KO,,100,68.25
2025-11-04,9:32:23.203801548,T,KO,I,1,68.25
2025-11-04,9:32:23.203805313,T,KO,,100,68.25
2025-11-04,9:32:23.203807564,T,KO,,100,68.25
2025-11-04,9:32:23.203951953,T,KO,,100,68.25
2025-11-04,9:32:23.207232871,T,KO,F I,2,68.25
2025-11-04,9:32:23.207232871,T,KO,F I,25,68.25
2025-11-04,9:32:23.207235671,T,KO,F I,1,68.25
2025-11-04,9:32:23.207668761,T,KO,,100,68.25
2025-11-04,9:32:23.207672315,T,KO,,100,68.25
2025-11-04,9:32:23.207675246,T,KO,,100,68.25
2025-11-04,9:32:23.207675246,T,KO,I,2,68.25
2025-11-04,9:32:23.207678151,T,KO,I,25,68.25
2025-11-04,9:32:23.207678151,T,KO,I,15,68.25
2025-11-04,9:32:23.207680876,T,KO,I,21,68.25
2025-11-04,9:32:23.207680876,T,KO,I,7,68.25
2025-11-04,9:32:23.207683750,T,KO,,100,68.25
2025-11-04,9:32:23.207686825,T,KO,,100,68.25
2025-11-04,9:32:23.207774002,T,KO,I,8,68.25
2025-11-04,9:32:23.207795141,T,KO,F I,8,68.25
2025-11-04,9:32:23.207840122,T,KO,I,92,68.25
2025-11-04,9:32:23.207972935,T,KO,I,29,68.25
2025-11-04,9:32:23.207976730,T,KO,I,28,68.25
2025-11-04,9:32:23.207976730,T,KO,I,6,68.25
2025-11-04,9:32:23.207978544,T,KO,I,6,68.25
2025-11-04,9:32:23.207981549,T,KO,I,25,68.25
2025-11-04,9:32:23.207981549,T,KO,I,6,68.25
2025-11-04,9:32:23.207993518,T,KO,F I,94,68.25
2025-11-04,9:32:23.208351413,T,KO,,100,68.25
2025-11-04,9:32:23.221267082,T,KO,F,100,68.245
2025-11-04,9:32:23.221270118,T,KO,F,162,68.245
2025-11-04,9:32:23.236492359,T,KO,F I,13,68.245
2025-11-04,9:32:23.251179414,T,KO,F I,1,68.24
2025-11-04,9:32:23.329488883,T,KO,I,25,68.25
2025-11-04,9:32:23.329488883,T,KO,,100,68.25
2025-11-04,9:32:23.329515928,T,KO,I,1,68.25
2025-11-04,9:32:23.336591773,T,KO,F I,50,68.25
2025-11-04,9:32:23.348596455,T,KO,F I,2,68.255
2025-11-04,9:32:23.361848909,T,KO,F I,1,68.25
2025-11-04,9:32:23.562790706,T,KO,,100,68.26
2025-11-04,9:32:23.563368691,T,KO,F I,25,68.27
2025-11-04,9:32:23.563368691,T,KO,F,100,68.27
2025-11-04,9:32:23.563373963,T,KO,F,100,68.27
2025-11-04,9:32:23.563373963,T,KO,F,149,68.27
2025-11-04,9:32:24.119175699,T,KO,,100,68.28
2025-11-04,9:32:24.119212066,T,KO,,100,68.28
2025-11-04,9:32:24.126437944,T,KO,F I,69,68.29
2025-11-04,9:32:24.170974101,T,KO,F I,3,68.29
2025-11-04,9:32:24.171046331,T,KO,F I,3,68.29
2025-11-04,9:32:25.117851198,T,KO,,100,68.29
2025-11-04,9:32:25.117884313,T,KO,F I,50,68.29
2025-11-04,9:32:25.118182015,T,KO,I,1,68.29
2025-11-04,9:32:25.118206103,T,KO,F I,99,68.29
2025-11-04,9:32:25.118230153,T,KO,I,1,68.29
2025-11-04,9:32:25.118254247,T,KO,F I,1,68.29
2025-11-04,9:32:25.118257260,T,KO,F I,99,68.29
2025-11-04,9:32:29.653211778,T,KO,F I,80,68.3
2025-11-04,9:32:29.669831779,T,KO,F I,1,68.3
2025-11-04,9:32:29.669831779,T,KO,F I,5,68.3
2025-11-04,9:32:30.174259160,T,KO,F I,95,68.3
2025-11-04,9:32:30.191863065,T,KO,F I,13,68.28
2025-11-04,9:32:32.808331742,T,KO,F I,87,68.28
2025-11-04,9:32:32.829132251,T,KO,F I,25,68.26
2025-11-04,9:32:32.829135273,T,KO,F I,10,68.26
2025-11-04,9:32:32.842793855,T,KO,F I,1,68.26
2025-11-04,9:32:32.858295752,T,KO,F I,1,68.26
2025-11-04,9:32:33.204937352,T,KO,I,25,68.27
2025-11-04,9:32:33.204940268,T,KO,,250,68.27
2025-11-04,9:32:33.235787827,T,KO,F I,14,68.26
2025-11-04,9:32:33.250913873,T,KO,F I,1,68.26
2025-11-04,9:32:34.127820292,T,KO,F I,25,68.27
2025-11-04,9:32:34.145917571,T,KO,F I,1,68.26
2025-11-04,9:32:35.148027169,T,KO,F I,5,68.26
2025-11-04,9:32:35.153166339,T,KO,F I,70,68.27
2025-11-04,9:32:35.934751934,T,KO,F I,32,68.28
2025-11-04,9:32:35.934754986,T,KO,F,100,68.28
2025-11-04,9:32:36.014014744,T,KO,F I,12,68.28
2025-11-04,9:32:37.194310805,T,KO,F I,1,68.28
2025-11-04,9:32:37.662910848,T,KO,F I,1,68.28
2025-11-04,9:32:38.987535819,T,KO,F I,1,68.29
2025-11-04,9:32:38.987535819,T,KO,F I,15,68.29
2025-11-04,9:32:39.020079278,T,KO,F I,8,68.28
2025-11-04,9:32:39.217222797,T,KO,F I,5,68.28
2025-11-04,9:32:42.913948278,T,KO,F I,35,68.27
2025-11-04,9:32:42.934878126,T,KO,F I,2,68.27
2025-11-04,9:32:44.948428858,T,KO,I,30,68.28
2025-11-04,9:32:44.954608598,T,KO,F I,8,68.29
2025-11-04,9:32:44.954611612,T,KO,F I,3,68.29
2025-11-04,9:32:44.968122749,T,KO,F I,2,68.28
2025-11-04,9:32:45.224417135,T,KO,I,98,68.28
2025-11-04,9:32:45.224420194,T,KO,,100,68.28
2025-11-04,9:32:45.224423623,T,KO,I,25,68.28
2025-11-04,9:32:45.224775002,T,KO,I,63,68.27
2025-11-04,9:32:45.224778023,T,KO,,100,68.27
2025-11-04,9:32:45.224781024,T,KO,I,25,68.27
2025-11-04,9:32:45.224844179,T,KO,F,100,68.27
2025-11-04,9:32:45.278795700,T,KO,F I,3,68.25
2025-11-04,9:32:45.299133157,T,KO,F I,3,68.25
2025-11-04,9:32:46.299315565,T,KO,F,100,68.26
2025-11-04,9:32:46.299318531,T,KO,F I,25,68.27
2025-11-04,9:32:46.299318531,T,KO,F I,25,68.27
2025-11-04,9:32:46.299321403,T,KO,F I,50,68.27
2025-11-04,9:32:46.299333448,T,KO,I,1,68.27
2025-11-04,9:32:46.299399587,T,KO,F,112,68.25
2025-11-04,9:32:46.299406370,T,KO,F,100,68.25
2025-11-04,9:32:46.299406370,T,KO,F I,12,68.25
2025-11-04,9:32:46.299408667,T,KO,F I,13,68.25
2025-11-04,9:32:46.299411683,T,KO,F I,1,68.25
2025-11-04,9:32:46.299417657,T,KO,F I,24,68.25
2025-11-04,9:32:46.299466834,T,KO,,100,68.24
2025-11-04,9:32:46.299466834,T,KO,I,25,68.24
2025-11-04,9:32:46.299468749,T,KO,,100,68.24
2025-11-04,9:32:46.299471829,T,KO,,100,68.24
2025-11-04,9:32:46.299487252,T,KO,F I,25,68.25
2025-11-04,9:32:46.299495853,T,KO,I,75,68.25
2025-11-04,9:32:46.300163391,T,KO,F,100,68.24
2025-11-04,9:32:46.301495573,T,KO,F I,25,68.22
2025-11-04,9:32:46.302000808,T,KO,,112,68.22
2025-11-04,9:32:46.302088028,T,KO,F I,25,68.23
2025-11-04,9:32:46.326626500,T,KO,F,100,68.235
2025-11-04,9:32:46.326629451,T,KO,F I,25,68.23
2025-11-04,9:32:46.326632426,T,KO,F I,42,68.23
2025-11-04,9:32:46.342480235,T,KO,F I,8,68.235
2025-11-04,9:32:46.356857481,T,KO,F I,1,68.23
2025-11-04,9:32:47.138758609,T,KO,F I,25,68.24
2025-11-04,9:32:47.159259140,T,KO,F I,2,68.24
2025-11-04,9:32:48.349144366,T,KO,I,85,68.24
2025-11-04,9:32:48.349180439,T,KO,F I,54,68.24
2025-11-04,9:32:48.349183612,T,KO,F I,26,68.24
2025-11-04,9:32:48.370771938,T,KO,,100,68.235
2025-11-04,9:32:50.677782678,T,KO,F I,50,68.22
2025-11-04,9:32:50.678326775,T,KO,F I,50,68.22
2025-11-04,9:32:50.704296641,T,KO,F I,20,68.21
2025-11-04,9:32:50.717230512,T,KO,F I,1,68.21
2025-11-04,9:32:51.194340868,T,KO,I,1,68.21
2025-11-04,9:32:52.571121973,T,KO,F I,20,68.22
2025-11-04,9:32:52.571121973,T,KO,F I,10,68.22
2025-11-04,9:32:52.573540082,T,KO,F I,1,68.22
2025-11-04,9:32:52.573542695,T,KO,F I,10,68.22
2025-11-04,9:32:52.573578805,T,KO,F I,22,68.22
2025-11-04,9:32:52.573594107,T,KO,F,100,68.22
2025-11-04,9:32:52.686551837,T,KO,I,12,68.22
2025-11-04,9:32:53.045929672,T,KO,F I,12,68.21
2025-11-04,9:32:53.070286858,T,KO,F I,1,68.21
2025-11-04,9:32:53.906497412,T,KO,F I,7,68.215
2025-11-04,9:32:53.906497412,T,KO,F I,18,68.22
2025-11-04,9:32:53.906545482,T,KO,F I,7,68.22
2025-11-04,9:32:55.006739853,T,KO,I,5,68.22
2025-11-04,9:32:55.075005526,T,KO,F I,29,68.23
2025-11-04,9:32:55.075005526,T,KO,F I,25,68.23
2025-11-04,9:32:58.233743616,T,KO,F I,51,68.24
2025-11-04,9:32:58.233743616,T,KO,F I,44,68.24
2025-11-04,9:32:58.234513656,T,KO,F I,10,68.25
2025-11-04,9:32:58.234516556,T,KO,F I,4,68.25
2025-11-04,9:32:58.234516556,T,KO,F I,18,68.25
2025-11-04,9:32:58.234519534,T,KO,F I,1,68.25
2025-11-04,9:32:58.258597861,T,KO,F I,34,68.25
2025-11-04,9:33:00.739037583,T,KO,F I,25,68.26
2025-11-04,9:33:00.740138204,T,KO,F I,50,68.26
2025-11-04,9:33:00.740387801,T,KO,F,100,68.26
2025-11-04,9:33:00.744143790,T,KO,F I,3,68.255
2025-11-04,9:33:00.886514760,T,KO,F I,7,68.25
2025-11-04,9:33:01.322616425,T,KO,F I,10,68.25
2025-11-04,9:33:01.739078344,T,KO,F I,1,68.26
2025-11-04,9:33:03.555494512,T,KO,F I,10,68.25
2025-11-04,9:33:03.555557583,T,KO,F I,42,68.25
2025-11-04,9:33:03.578893182,T,KO,F I,13,68.24
2025-11-04,9:33:03.870654047,T,KO,F I,1,68.25
2025-11-04,9:33:03.870657096,T,KO,F I,25,68.25
2025-11-04,9:33:04.256984241,T,KO,I,25,68.26
2025-11-04,9:33:04.257345023,T,KO,I,1,68.26
2025-11-04,9:33:04.280133393,T,KO,F I,3,68.26
2025-11-04,9:33:04.735501889,T,KO,F I,4,68.26
2025-11-04,9:33:04.749298764,T,KO,F I,1,68.25
2025-11-04,9:33:09.001760251,T,KO,F I,21,68.27
2025-11-04,9:33:09.001780893,T,KO,F I,28,68.27
2025-11-04,9:33:09.001780893,T,KO,F I,51,68.27
2025-11-04,9:33:09.001783929,T,KO,F I,20,68.27
2025-11-04,9:33:09.001786959,T,KO,F I,25,68.27
2025-11-04,9:33:09.158375946,T,KO,I,21,68.27
2025-11-04,9:33:09.202719559,T,KO,I,2,68.27
2025-11-04,9:33:11.107098150,T,KO,F I,2,68.29
2025-11-04,9:33:11.142420298,T,KO,F I,11,68.29
2025-11-04,9:33:12.750013131,T,KO,I,25,68.3
2025-11-04,9:33:12.750013131,T,KO,I,16,68.3
2025-11-04,9:33:12.801128824,T,KO,F I,12,68.305
2025-11-04,9:33:12.843695269,T,KO,F I,1,68.31
2025-11-04,9:33:14.042879436,T,KO,F,100,68.31
2025-11-04,9:33:14.043285301,T,KO,F I,50,68.31
2025-11-04,9:33:14.072875743,T,KO,F I,5,68.3
2025-11-04,9:33:14.093865783,T,KO,F I,1,68.3
2025-11-04,9:33:14.155540201,T,KO,F,100,68.31
2025-11-04,9:33:14.155540201,T,KO,F I,25,68.31
2025-11-04,9:33:14.155542835,T,KO,F I,17,68.31
2025-11-04,9:33:14.155542835,T,KO,F I,25,68.31
2025-11-04,9:33:14.167905072,T,KO,F I,20,68.32
2025-11-04,9:33:14.167959291,T,KO,I,38,68.32
2025-11-04,9:33:14.168025570,T,KO,F,100,68.32
2025-11-04,9:33:14.168025570,T,KO,F I,50,68.32
2025-11-04,9:33:14.168031404,T,KO,F I,50,68.32
2025-11-04,9:33:14.168044195,T,KO,F I,2,68.32
2025-11-04,9:33:14.168050749,T,KO,I,1,68.32
2025-11-04,9:33:14.168050749,T,KO,F I,27,68.32
2025-11-04,9:33:14.168055877,T,KO,F I,23,68.32
2025-11-04,9:33:14.168055877,T,KO,F I,27,68.32
2025-11-04,9:33:15.503229451,T,KO,F I,10,68.31
2025-11-04,9:33:16.056442028,T,KO,F I,25,68.32
2025-11-04,9:33:16.056445108,T,KO,F I,30,68.32
2025-11-04,9:33:16.616474848,T,KO,I,2,68.32
2025-11-04,9:33:18.489257284,T,KO,F I,25,68.33
2025-11-04,9:33:18.489260224,T,KO,F I,31,68.33
2025-11-04,9:33:18.489855735,T,KO,F I,9,68.33
2025-11-04,9:33:18.489876733,T,KO,F I,91,68.33
2025-11-04,9:33:18.607775536,T,KO,F I,25,68.33
2025-11-04,9:33:18.607781526,T,KO,F I,25,68.33
2025-11-04,9:33:18.649045854,T,KO,F I,2,68.32
2025-11-04,9:33:19.251356375,T,KO,,100,68.34
2025-11-04,9:33:19.251356375,T,KO,I,25,68.34
2025-11-04,9:33:19.288756410,T,KO,F I,11,68.33
2025-11-04,9:33:20.791402939,T,KO,F I,1,68.34
2025-11-04,9:33:20.791402939,T,KO,F I,11,68.34
2025-11-04,9:33:20.791405236,T,KO,F I,25,68.34
2025-11-04,9:33:20.834401636,T,KO,F I,6,68.33
2025-11-04,9:33:20.834455838,T,KO,F I,84,68.34
2025-11-04,9:33:20.834798605,T,KO,I,21,68.34
2025-11-04,9:33:20.857147888,T,KO,F I,6,68.34
2025-11-04,9:33:21.910517704,T,KO,,200,68.345
2025-11-04,9:33:21.928641860,T,KO,F I,78,68.34
2025-11-04,9:33:21.959799029,T,KO,F I,42,68.325
2025-11-04,9:33:21.978756177,T,KO,F I,2,68.325
2025-11-04,9:33:22.072182669,T,KO,F I,5,68.33
2025-11-04,9:33:22.085717906,T,KO,F I,1,68.33
2025-11-04,9:33:22.173060943,T,KO,F I,1,68.33
2025-11-04,9:33:24.943385119,T,KO,I,10,68.32
2025-11-04,9:33:24.972166635,T,KO,I,10,68.31
2025-11-04,9:33:24.984625256,T,KO,F I,8,68.31
2025-11-04,9:33:24.994687219,T,KO,F I,1,68.31
2025-11-04,9:33:26.058991179,T,KO,F I,5,68.3
2025-11-04,9:33:27.496375538,T,KO,F I,20,68.32
2025-11-04,9:33:28.416492548,T,KO,F I,25,68.34
2025-11-04,9:33:28.416492548,T,KO,F I,9,68.34
2025-11-04,9:33:28.417294857,T,KO,F I,50,68.34
2025-11-04,9:33:28.443123420,T,KO,F I,20,68.33
2025-11-04,9:33:28.460173965,T,KO,F I,1,68.32
2025-11-04,9:33:33.894997169,T,KO,I,2,68.32
2025-11-04,9:33:33.897108191,T,KO,,100,68.32
2025-11-04,9:33:33.899159017,T,KO,,100,68.32
2025-11-04,9:33:33.911362153,T,KO,F I,21,68.32
2025-11-04,9:33:33.925471714,T,KO,F I,1,68.32
2025-11-04,9:33:35.770507083,T,KO,F I,20,68.33
2025-11-04,9:33:35.796822858,T,KO,F I,1,68.33
2025-11-04,9:33:38.947841535,T,KO,F,200,68.32
2025-11-04,9:33:38.950584050,T,KO,F,100,68.31
2025-11-04,9:33:38.951621530,T,KO,I,25,68.31
2025-11-04,9:33:38.951624522,T,KO,I,8,68.31
2025-11-04,9:33:38.952286093,T,KO,F,100,68.31
2025-11-04,9:33:38.952292145,T,KO,F I,1,68.31
2025-11-04,9:33:39.142997354,T,KO,F I,4,68.29
2025-11-04,9:33:45.672707128,T,KO,F I,3,68.28
2025-11-04,9:33:45.690088541,T,KO,F I,10,68.285
2025-11-04,9:33:46.211680818,T,KO,I,2,68.285
2025-11-04,9:33:46.235148723,T,KO,F I,1,68.285
2025-11-04,9:33:48.024596593,T,KO,F,100,68.3
2025-11-04,9:33:48.128337819,T,KO,F I,12,68.29
2025-11-04,9:33:48.151513889,T,KO,F I,1,68.29
2025-11-04,9:33:49.433336059,T,KO,F I,15,68.305
2025-11-04,9:33:49.433336059,T,KO,F I,12,68.31
2025-11-04,9:33:49.433340874,T,KO,F I,11,68.31
2025-11-04,9:33:49.433395005,T,KO,F I,14,68.31
2025-11-04,9:33:49.433452155,T,KO,F,100,68.31
2025-11-04,9:33:49.540570883,T,KO,I,25,68.31
2025-11-04,9:33:49.540573208,T,KO,I,1,68.31
2025-11-04,9:33:49.540576214,T,KO,I,28,68.31
2025-11-04,9:33:49.540576214,T,KO,I,33,68.31
2025-11-04,9:33:49.540916239,T,KO,I,3,68.31
2025-11-04,9:33:49.540916239,T,KO,I,21,68.3
2025-11-04,9:33:49.550370652,T,KO,F I,11,68.31
2025-11-04,9:33:49.900100557,T,KO,F I,5,68.31
2025-11-04,9:33:58.091062947,T,KO,F I,21,68.3
2025-11-04,9:33:58.107930069,T,KO,F I,10,68.295
2025-11-04,9:33:58.107933145,T,KO,F I,21,68.295
2025-11-04,9:33:58.119345346,T,KO,F I,17,68.29
2025-11-04,9:33:58.133599234,T,KO,F I,6,68.29
2025-11-04,9:33:59.408488602,T,KO,I,6,68.29
2025-11-04,9:33:59.435114015,T,KO,I,1,68.28
2025-11-04,9:34:00.103032227,T,KO,I,31,68.29
2025-11-04,9:34:00.103037832,T,KO,I,8,68.29
2025-11-04,9:34:00.103037832,T,KO,I,23,68.29
2025-11-04,9:34:00.417454700,T,KO,F I,33,68.31
2025-11-04,9:34:00.440627988,T,KO,I,2,68.315
2025-11-04,9:34:00.531092431,T,KO,F I,2,68.31
2025-11-04,9:34:04.513474241,T,KO,F I,51,68.29
2025-11-04,9:34:04.544084117,T,KO,F I,2,68.29
2025-11-04,9:34:09.238234197,T,KO,F I,50,68.29
2025-11-04,9:34:09.531041563,T,KO,F I,32,68.28
2025-11-04,9:34:09.938924029,T,KO,I,1,68.285
2025-11-04,9:34:12.024282653,T,KO,I,2,68.27
2025-11-04,9:34:12.024569069,T,KO,F I,98,68.27
2025-11-04,9:34:12.024574348,T,KO,F,100,68.27
2025-11-04,9:34:13.815559080,T,KO,I,12,68.27
2025-11-04,9:34:14.154300832,T,KO,,100,68.26
2025-11-04,9:34:14.488964881,T,KO,F I,2,68.26
2025-11-04,9:34:14.488964881,T,KO,F I,29,68.26
2025-11-04,9:34:14.678963344,T,KO,I,10,68.26
2025-11-04,9:34:15.471648372,T,KO,F I,13,68.26
2025-11-04,9:34:15.552880766,T,KO,F I,25,68.27
2025-11-04,9:34:15.742449300,T,KO,I,91,68.27
2025-11-04,9:34:15.744990321,T,KO,I,69,68.27
2025-11-04,9:34:15.912994518,T,KO,I,9,68.27
2025-11-04,9:34:16.102190098,T,KO,,100,68.27
2025-11-04,9:34:18.313160992,T,KO,F,250,68.26
2025-11-04,9:34:19.315709855,T,KO,F,300,68.25
2025-11-04,9:34:19.315728147,T,KO,F I,42,68.25
2025-11-04,9:34:19.315730998,T,KO,I,1,68.25
2025-11-04,9:34:19.315736810,T,KO,I,57,68.25
2025-11-04,9:34:19.339966276,T,KO,I,66,68.24
2025-11-04,9:34:19.441740503,T,KO,F I,35,68.25
2025-11-04,9:34:19.441742920,T,KO,F I,25,68.25
2025-11-04,9:34:21.146428394,T,KO,F I,25,68.27
2025-11-04,9:34:21.794089552,T,KO,I,1,68.27
2025-11-04,9:34:22.644842843,T,KO,F I,35,68.26
2025-11-04,9:34:22.644842843,T,KO,F I,1,68.26
2025-11-04,9:34:24.229954153,T,KO,,100,68.27
2025-11-04,9:34:25.137278062,T,KO,F I,12,68.27
2025-11-04,9:34:26.084519233,T,KO,F I,10,68.27
2025-11-04,9:34:26.682153554,T,KO,I,5,68.27
2025-11-04,9:34:27.378227470,T,KO,,200,68.28
2025-11-04,9:34:27.378230681,T,KO,,100,68.28
2025-11-04,9:34:27.378230681,T,KO,I,46,68.28
2025-11-04,9:34:27.378234267,T,KO,I,1,68.28
2025-11-04,9:34:27.378234267,T,KO,I,25,68.28
2025-11-04,9:34:27.378242541,T,KO,I,1,68.28
2025-11-04,9:34:28.879925982,T,KO,F,100,68.27
2025-11-04,9:34:28.879944013,T,KO,I,1,68.27
2025-11-04,9:34:28.914544439,T,KO,F I,15,68.27
2025-11-04,9:34:31.451290695,T,KO,F I,25,68.28
2025-11-04,9:34:32.629598490,T,KO,F I,50,68.28
2025-11-04,9:34:34.303367027,T,KO,I,13,68.275
2025-11-04,9:34:34.303433209,T,KO,F I,28,68.28
2025-11-04,9:34:35.238979342,T,KO,F I,72,68.28
2025-11-04,9:34:35.239000429,T,KO,I,10,68.28
2025-11-04,9:34:35.239325210,T,KO,I,30,68.28
2025-11-04,9:34:35.466811009,T,KO,F,100,68.28
2025-11-04,9:34:35.468681400,T,KO,F I,1,68.275
2025-11-04,9:34:35.468684573,T,KO,F I,37,68.28
2025-11-04,9:34:35.468684573,T,KO,F,100,68.28
2025-11-04,9:34:35.468687557,T,KO,F I,1,68.28
2025-11-04,9:34:35.468687557,T,KO,F I,29,68.28
2025-11-04,9:34:35.468702596,T,KO,I,1,68.28
2025-11-04,9:34:35.468846764,T,KO,I,1,68.28
2025-11-04,9:34:35.468849839,T,KO,I,99,68.28
2025-11-04,9:34:35.900344468,T,KO,F I,5,68.29
2025-11-04,9:34:38.417264181,T,KO,F I,13,68.295
2025-11-04,9:34:38.417333310,T,KO,F I,37,68.295
2025-11-04,9:34:38.892095086,T,KO,F I,41,68.295
2025-11-04,9:34:38.892164170,T,KO,F I,37,68.295
2025-11-04,9:34:38.892176186,T,KO,F I,22,68.295
2025-11-04,9:34:38.892179162,T,KO,F I,15,68.29
2025-11-04,9:34:38.892236380,T,KO,F I,22,68.29
2025-11-04,9:34:38.892482985,T,KO,F I,73,68.29
2025-11-04,9:34:38.892506982,T,KO,F I,27,68.29
2025-11-04,9:34:39.451300842,T,KO,,100,68.285
2025-11-04,9:34:39.898871878,T,KO,F I,53,68.29
2025-11-04,9:34:39.898871878,T,KO,F I,41,68.29
2025-11-04,9:34:39.898892914,T,KO,I,1,68.29
2025-11-04,9:34:39.899644695,T,KO,F I,35,68.29
2025-11-04,9:34:39.899648092,T,KO,F,100,68.29
2025-11-04,9:34:39.899648092,T,KO,F I,1,68.29
2025-11-04,9:34:39.899719849,T,KO,I,35,68.29
2025-11-04,9:34:39.899722886,T,KO,I,65,68.29
2025-11-04,9:34:39.925367920,T,KO,F I,1,68.29
2025-11-04,9:34:39.925419103,T,KO,F I,35,68.29
2025-11-04,9:34:39.925419103,T,KO,F,100,68.29
2025-11-04,9:34:39.925422128,T,KO,F I,11,68.29
2025-11-04,9:34:39.925431061,T,KO,F I,25,68.29
2025-11-04,9:34:39.925849537,T,KO,F,100,68.28
2025-11-04,9:34:39.925853275,T,KO,F I,25,68.28
2025-11-04,9:34:39.925855835,T,KO,F I,53,68.28
2025-11-04,9:34:39.925855835,T,KO,F I,65,68.28
2025-11-04,9:34:39.925861743,T,KO,F,100,68.28
2025-11-04,9:34:40.884195651,T,KO,,100,68.27
2025-11-04,9:34:40.885422836,T,KO,I,35,68.27
2025-11-04,9:34:40.885422836,T,KO,I,25,68.27
2025-11-04,9:34:41.994121191,T,KO,F,100,68.27
2025-11-04,9:34:41.994121191,T,KO,F I,25,68.28
2025-11-04,9:34:41.994124208,T,KO,F,100,68.28
2025-11-04,9:34:41.994139222,T,KO,I,1,68.28
2025-11-04,9:34:44.760030809,T,KO,I,6,68.27
2025-11-04,9:34:48.121424629,T,KO,F,100,68.26
2025-11-04,9:34:49.168518623,T,KO,I,37,68.26
2025-11-04,9:34:52.643550106,T,KO,F,100,68.25
2025-11-04,9:34:52.996784089,T,KO,F,100,68.23
2025-11-04,9:34:53.039000930,T,KO,F,100,68.215
2025-11-04,9:34:53.039004025,T,KO,F I,65,68.215
2025-11-04,9:34:54.973300924,T,KO,F,163,68.23
2025-11-04,9:34:55.426353917,T,KO,F I,35,68.24
2025-11-04,9:34:55.428540223,T,KO,F I,25,68.26
2025-11-04,9:34:55.428543190,T,KO,F I,53,68.26
2025-11-04,9:34:55.429063442,T,KO,F I,37,68.26
2025-11-04,9:34:55.429078443,T,KO,F,100,68.26
2025-11-04,9:34:58.362835824,T,KO,F I,37,68.26
2025-11-04,9:34:59.089333076,T,KO,F I,2,68.26
2025-11-04,9:35:01.961368455,T,KO,F I,1,68.28
2025-11-04,9:35:02.269091350,T,KO,F,500,68.29
2025-11-04,9:35:02.269094402,T,KO,F I,25,68.29
2025-11-04,9:35:02.269115464,T,KO,I,1,68.29
2025-11-04,9:35:02.401481714,T,KO,I,3,68.29
2025-11-04,9:35:04.014075365,T,KO,F I,24,68.3
2025-11-04,9:35:04.014078401,T,KO,F I,24,68.3
2025-11-04,9:35:04.014084381,T,KO,I,24,68.3
2025-11-04,9:35:04.014099411,T,KO,F I,24,68.3
2025-11-04,9:35:04.014099411,T,KO,I,24,68.3
2025-11-04,9:35:04.014330942,T,KO,F I,4,68.3
2025-11-04,9:35:05.423018037,T,KO,F,166,68.31
2025-11-04,9:35:06.528529126,T,KO,F,162,68.31
2025-11-04,9:35:06.528580285,T,KO,F I,50,68.31
2025-11-04,9:35:06.528601237,T,KO,F I,50,68.31
2025-11-04,9:35:06.528610422,T,KO,F I,35,68.31
2025-11-04,9:35:06.528610422,T,KO,F I,15,68.31
2025-11-04,9:35:06.529801143,T,KO,F I,50,68.31
2025-11-04,9:35:06.529804199,T,KO,F I,39,68.31
2025-11-04,9:35:06.529831275,T,KO,F I,50,68.31
2025-11-04,9:35:06.534053251,T,KO,I,6,68.315
2025-11-04,9:35:06.534946382,T,KO,I,50,68.31
2025-11-04,9:35:06.535415561,T,KO,F I,12,68.31
2025-11-04,9:35:06.570887973,T,KO,I,12,68.31
2025-11-04,9:35:07.580852404,T,KO,F I,2,68.32
2025-11-04,9:35:07.973446459,T,KO,,146,68.325
2025-11-04,9:35:07.973449515,T,KO,,100,68.325
2025-11-04,9:35:11.442936751,T,KO,F I,80,68.315
2025-11-04,9:35:11.442965904,T,KO,I,20,68.315
2025-11-04,9:35:11.442969138,T,KO,,100,68.31
2025-11-04,9:35:11.654143817,T,KO,I,97,68.305
2025-11-04,9:35:12.504163286,T,KO,F I,50,68.31
2025-11-04,9:35:13.080789588,T,KO,F,100,68.315
2025-11-04,9:35:13.080798643,T,KO,F I,26,68.315
2025-11-04,9:35:15.359914884,T,KO,F I,13,68.325
2025-11-04,9:35:15.359914884,T,KO,F I,24,68.33
2025-11-04,9:35:15.359989994,T,KO,I,1,68.33
2025-11-04,9:35:15.528751892,T,KO,I,39,68.33
2025-11-04,9:35:15.685184467,T,KO,I,10,68.33
2025-11-04,9:35:20.136166384,T,KO,I,50,68.32
2025-11-04,9:35:21.575349156,T,KO,F,100,68.32
2025-11-04,9:35:21.676173221,T,KO,F I,36,68.32
2025-11-04,9:35:23.642192751,T,KO,F,100,68.34
2025-11-04,9:35:24.516952185,T,KO,F,100,68.35
2025-11-04,9:35:24.516955197,T,KO,F I,50,68.35
2025-11-04,9:35:24.516973195,T,KO,I,1,68.35
2025-11-04,9:35:25.006343709,T,KO,,100,68.38
2025-11-04,9:35:25.006343709,T,KO,I,25,68.38
2025-11-04,9:35:25.007495468,T,KO,F I,25,68.4
2025-11-04,9:35:25.010105838,T,KO,F I,35,68.4
2025-11-04,9:35:25.010105838,T,KO,F I,36,68.4
2025-11-04,9:35:25.363526051,T,KO,,100,68.4
2025-11-04,9:35:25.363528671,T,KO,,100,68.4
2025-11-04,9:35:25.363531770,T,KO,I,2,68.4
2025-11-04,9:35:25.363531770,T,KO,I,35,68.4
2025-11-04,9:35:25.363534666,T,KO,I,25,68.4
2025-11-04,9:35:25.363534666,T,KO,I,35,68.4
2025-11-04,9:35:25.363537426,T,KO,,100,68.4
2025-11-04,9:35:28.211163944,T,KO,,100,68.39
2025-11-04,9:35:28.214946726,T,KO,,100,68.39
2025-11-04,9:35:28.814539141,T,KO,F,100,68.39
2025-11-04,9:35:28.814539141,T,KO,F,100,68.39
2025-11-04,9:35:29.078014283,T,KO,I,7,68.38
2025-11-04,9:35:29.078149627,T,KO,,100,68.37
2025-11-04,9:35:29.078174140,T,KO,I,1,68.37
2025-11-04,9:35:29.078176717,T,KO,F I,99,68.37
2025-11-04,9:35:29.078179725,T,KO,F I,1,68.37
2025-11-04,9:35:29.078194713,T,KO,I,29,68.37
2025-11-04,9:35:29.078396245,T,KO,F I,70,68.37
2025-11-04,9:35:29.078399235,T,KO,F I,30,68.37
2025-11-04,9:35:29.565081325,T,KO,F,100,68.375
2025-11-04,9:35:29.565114419,T,KO,F I,70,68.37
2025-11-04,9:35:31.617941818,T,KO,,100,68.37
2025-11-04,9:35:31.617959827,T,KO,I,1,68.37
2025-11-04,9:35:31.617959827,T,KO,I,72,68.37
2025-11-04,9:35:31.617975301,T,KO,F I,27,68.37
2025-11-04,9:35:31.617975301,T,KO,F,100,68.37
2025-11-04,9:35:31.617978001,T,KO,F,173,68.37
2025-11-04,9:35:31.617981784,T,KO,F I,28,68.37
2025-11-04,9:35:31.617981784,T,KO,I,19,68.37
2025-11-04,9:35:31.617986936,T,KO,F I,27,68.37
2025-11-04,9:35:31.617986936,T,KO,F I,27,68.37
2025-11-04,9:35:31.617999559,T,KO,F I,27,68.37
2025-11-04,9:35:31.618014653,T,KO,F I,19,68.37
2025-11-04,9:35:31.618016993,T,KO,F I,52,68.37
2025-11-04,9:35:31.618050122,T,KO,F I,48,68.37
2025-11-04,9:35:31.618086201,T,KO,I,80,68.37
2025-11-04,9:35:31.618089209,T,KO,I,48,68.37
2025-11-04,9:35:32.413194841,T,KO,F,100,68.365
2025-11-04,9:35:32.413871461,T,KO,I,52,68.365
2025-11-04,9:35:32.413871461,T,KO,I,48,68.36
2025-11-04,9:35:34.822214328,T,KO,F,100,68.39
2025-11-04,9:35:34.822217329,T,KO,F,229,68.39
2025-11-04,9:35:35.035443523,T,KO,F,100,68.39
2025-11-04,9:35:35.035446424,T,KO,F,100,68.39
2025-11-04,9:35:35.035450536,T,KO,F,250,68.39
2025-11-04,9:35:35.035450536,T,KO,F I,25,68.38
2025-11-04,9:35:35.035455646,T,KO,F,100,68.37
2025-11-04,9:35:35.035455646,T,KO,F I,25,68.37
2025-11-04,9:35:35.035480042,T,KO,F I,77,68.38
2025-11-04,9:35:35.035483700,T,KO,F,100,68.39
2025-11-04,9:35:35.035483700,T,KO,F I,38,68.39
2025-11-04,9:35:35.035488340,T,KO,F I,44,68.39
2025-11-04,9:35:35.035530575,T,KO,F,100,68.39
2025-11-04,9:35:35.035543044,T,KO,I,1,68.39
2025-11-04,9:35:35.035560508,T,KO,F I,38,68.39
2025-11-04,9:35:35.035633281,T,KO,F I,7,68.39
2025-11-04,9:35:35.035774300,T,KO,I,30,68.385
2025-11-04,9:35:35.035774300,T,KO,I,93,68.39
2025-11-04,9:35:35.035780230,T,KO,,100,68.39
2025-11-04,9:35:35.035780230,T,KO,I,25,68.39
2025-11-04,9:35:35.035783022,T,KO,I,95,68.39
2025-11-04,9:35:35.035975551,T,KO,I,5,68.39
2025-11-04,9:35:35.035975551,T,KO,,100,68.39
2025-11-04,9:35:35.035978466,T,KO,I,25,68.39
2025-11-04,9:35:35.037807057,T,KO,F I,38,68.39
2025-11-04,9:35:35.037807057,T,KO,F I,78,68.39
2025-11-04,9:35:35.037809939,T,KO,F,200,68.39
2025-11-04,9:35:35.037812841,T,KO,F I,77,68.39
2025-11-04,9:35:35.037812841,T,KO,F I,25,68.39
2025-11-04,9:35:35.037815865,T,KO,F I,42,68.39
2025-11-04,9:35:35.037834385,T,KO,F I,58,68.39
2025-11-04,9:35:35.037836850,T,KO,F,100,68.39
2025-11-04,9:35:35.045325219,T,KO,I,78,68.39
2025-11-04,9:35:35.045328256,T,KO,I,38,68.39
2025-11-04,9:35:35.045330929,T,KO,,100,68.39
2025-11-04,9:35:35.045330929,T,KO,I,38,68.39
2025-11-04,9:35:35.045334678,T,KO,I,25,68.39
2025-11-04,9:35:35.045334678,T,KO,I,77,68.39
2025-11-04,9:35:35.045336730,T,KO,,100,68.39
2025-11-04,9:35:35.071598444,T,KO,F I,38,68.39
2025-11-04,9:35:35.071601545,T,KO,F,100,68.39
2025-11-04,9:35:35.071604371,T,KO,F I,38,68.39
2025-11-04,9:35:35.071604371,T,KO,F,100,68.39
2025-11-04,9:35:35.071607514,T,KO,F I,24,68.39
2025-11-04,9:35:35.071610978,T,KO,F I,76,68.39
2025-11-04,9:35:35.072888582,T,KO,I,1,68.39
2025-11-04,9:35:35.072891740,T,KO,,100,68.39
2025-11-04,9:35:35.072891740,T,KO,I,38,68.39
2025-11-04,9:35:35.072894407,T,KO,I,48,68.39
2025-11-04,9:35:35.072894407,T,KO,I,2,68.39
2025-11-04,9:35:35.073210112,T,KO,I,48,68.39
2025-11-04,9:35:35.082944309,T,KO,F I,1,68.39
2025-11-04,9:35:35.082944309,T,KO,F I,38,68.39
2025-11-04,9:35:35.083591465,T,KO,I,38,68.39
2025-11-04,9:35:35.083591465,T,KO,,100,68.39
2025-11-04,9:35:35.083595081,T,KO,I,34,68.39
2025-11-04,9:35:35.083598036,T,KO,I,4,68.39
2025-11-04,9:35:35.083598036,T,KO,,100,68.39
2025-11-04,9:35:35.083602858,T,KO,I,25,68.39
2025-11-04,9:35:35.083602858,T,KO,I,4,68.39
2025-11-04,9:35:35.083602858,T,KO,,100,68.39
2025-11-04,9:35:35.100015994,T,KO,F,100,68.39
2025-11-04,9:35:35.100019020,T,KO,F I,38,68.39
2025-11-04,9:35:35.100022207,T,KO,F I,1,68.39
2025-11-04,9:35:35.100022207,T,KO,F I,30,68.39
2025-11-04,9:35:35.100025549,T,KO,F I,4,68.39
2025-11-04,9:35:35.100028259,T,KO,F I,4,68.39
2025-11-04,9:35:35.100028259,T,KO,F I,23,68.39
2025-11-04,9:35:35.100031748,T,KO,F I,2,68.39
2025-11-04,9:35:35.118525087,T,KO,F,100,68.385
2025-11-04,9:35:35.118537073,T,KO,F I,63,68.385
2025-11-04,9:35:35.200822156,T,KO,F,100,68.39
2025-11-04,9:35:35.200825058,T,KO,F,100,68.39
2025-11-04,9:35:35.200828475,T,KO,F I,38,68.39
2025-11-04,9:35:35.200828475,T,KO,F I,2,68.39
2025-11-04,9:35:35.200831821,T,KO,F I,48,68.39
2025-11-04,9:35:35.200831821,T,KO,F I,25,68.39
2025-11-04,9:35:35.200834064,T,KO,F,100,68.39
2025-11-04,9:35:35.200888357,T,KO,F I,25,68.39
2025-11-04,9:35:35.200900297,T,KO,I,23,68.39
2025-11-04,9:35:35.200939310,T,KO,F I,4,68.39
2025-11-04,9:35:35.410625787,T,KO,F I,2,68.39
2025-11-04,9:35:35.410920451,T,KO,,100,68.39
2025-11-04,9:35:35.410923460,T,KO,I,38,68.39
2025-11-04,9:35:35.410926521,T,KO,,100,68.39
2025-11-04,9:35:35.410926521,T,KO,I,25,68.39
2025-11-04,9:35:35.411276074,T,KO,,100,68.4
2025-11-04,9:35:35.411281342,T,KO,I,25,68.4
2025-11-04,9:35:35.411281342,T,KO,,100,68.4
2025-11-04,9:35:35.823094199,T,KO,F I,38,68.4
2025-11-04,9:35:35.823097096,T,KO,F I,21,68.4
2025-11-04,9:35:35.823118259,T,KO,I,18,68.4
2025-11-04,9:35:35.823485027,T,KO,F,100,68.4
2025-11-04,9:35:35.823503133,T,KO,I,1,68.4
2025-11-04,9:35:35.823509075,T,KO,F I,37,68.4
2025-11-04,9:35:36.023747185,T,KO,F,100,68.41
2025-11-04,9:35:36.023747185,T,KO,F I,2,68.41
2025-11-04,9:35:36.023762136,T,KO,F I,12,68.41
2025-11-04,9:35:36.026471683,T,KO,F I,25,68.42
2025-11-04,9:35:39.461721365,T,KO,I,86,68.43
2025-11-04,9:35:39.461742366,T,KO,F,100,68.43
2025-11-04,9:35:40.611064729,T,KO,F I,38,68.445
2025-11-04,9:35:40.612132350,T,KO,,100,68.45
2025-11-04,9:35:40.612135310,T,KO,,100,68.45
2025-11-04,9:35:40.612141253,T,KO,I,63,68.45
2025-11-04,9:35:40.612147249,T,KO,I,1,68.45
2025-11-04,9:35:40.612580339,T,KO,I,18,68.45
2025-11-04,9:35:40.612917092,T,KO,,100,68.45
2025-11-04,9:35:40.612935159,T,KO,I,40,68.45
2025-11-04,9:35:41.179992684,T,KO,F I,16,68.45
2025-11-04,9:35:41.180380604,T,KO,I,15,68.46
2025-11-04,9:35:41.570968953,T,KO,F I,38,68.465
2025-11-04,9:35:41.570971955,T,KO,F I,38,68.465
2025-11-04,9:35:41.571215493,T,KO,I,38,68.46
2025-11-04,9:35:41.710155423,T,KO,,100,68.45
2025-11-04,9:35:41.710423076,T,KO,,100,68.46
2025-11-04,9:35:44.050434284,T,KO,F,100,68.45
2025-11-04,9:35:44.050456712,T,KO,I,1,68.45
2025-11-04,9:35:44.050456712,T,KO,I,99,68.45
2025-11-04,9:35:44.050461398,T,KO,I,1,68.45
2025-11-04,9:35:44.050464316,T,KO,F,100,68.45
2025-11-04,9:35:44.050888363,T,KO,,100,68.45
2025-11-04,9:35:44.054731568,T,KO,,100,68.45
2025-11-04,9:35:44.055591568,T,KO,I,53,68.45
2025-11-04,9:35:44.168414297,T,KO,I,47,68.45
2025-11-04,9:35:44.168414297,T,KO,I,1,68.45
2025-11-04,9:35:44.168432410,T,KO,F I,99,68.45
2025-11-04,9:35:44.169151132,T,KO,I,17,68.45
2025-11-04,9:35:44.169617210,T,KO,I,83,68.45
2025-11-04,9:35:44.169620204,T,KO,I,17,68.45
2025-11-04,9:35:47.817365069,T,KO,I,25,68.455
2025-11-04,9:35:48.362362093,T,KO,F I,41,68.46
2025-11-04,9:35:48.362365148,T,KO,F,193,68.46
2025-11-04,9:35:48.362392292,T,KO,F I,42,68.46
2025-11-04,9:35:48.362395275,T,KO,F,100,68.46
2025-11-04,9:35:48.362398207,T,KO,F I,1,68.46
2025-11-04,9:35:48.362401241,T,KO,F I,94,68.455
2025-11-04,9:35:48.362461500,T,KO,I,6,68.455
2025-11-04,9:35:48.362461500,T,KO,,300,68.455
2025-11-04,9:35:48.362464383,T,KO,I,26,68.45
2025-11-04,9:35:48.362813262,T,KO,I,38,68.46
2025-11-04,9:35:48.362930495,T,KO,I,62,68.46
2025-11-04,9:35:48.362933760,T,KO,I,42,68.46
2025-11-04,9:35:48.362933760,T,KO,I,96,68.46
2025-11-04,9:35:50.276980478,T,KO,,100,68.455
2025-11-04,9:35:50.276983160,T,KO,I,57,68.45
2025-11-04,9:35:50.276986131,T,KO,I,19,68.45
2025-11-04,9:35:50.277076337,T,KO,I,81,68.45
2025-11-04,9:35:50.277076337,T,KO,I,54,68.45
2025-11-04,9:35:50.277079374,T,KO,I,99,68.45
2025-11-04,9:35:50.278507934,T,KO,F,100,68.45
2025-11-04,9:35:50.278507934,T,KO,F I,43,68.45
2025-11-04,9:35:50.278510770,T,KO,F I,1,68.45
2025-11-04,9:35:50.278513851,T,KO,F,100,68.45
2025-11-04,9:35:51.756582229,T,KO,I,10,68.455
2025-11-04,9:35:52.365460533,T,KO,F,100,68.46
2025-11-04,9:35:52.365460533,T,KO,F I,24,68.46
2025-11-04,9:35:52.584799904,T,KO,F I,2,68.46
2025-11-04,9:35:52.584799904,T,KO,F I,43,68.46
2025-11-04,9:35:52.584802751,T,KO,F I,1,68.46
2025-11-04,9:35:53.273990121,T,KO,F I,34,68.46
2025-11-04,9:35:53.274032336,T,KO,I,66,68.46
2025-11-04,9:35:53.274032336,T,KO,,100,68.46
2025-11-04,9:35:54.364465998,T,KO,F,100,68.47
2025-11-04,9:35:54.364468619,T,KO,F I,35,68.47
2025-11-04,9:35:54.364471401,T,KO,F,100,68.47
2025-11-04,9:35:54.364483973,T,KO,I,1,68.47
2025-11-04,9:35:54.364489380,T,KO,I,16,68.47
2025-11-04,9:35:54.364499032,T,KO,F I,83,68.47
2025-11-04,9:35:55.034539368,T,KO,F,100,68.48
2025-11-04,9:35:55.035023478,T,KO,I,1,68.485
2025-11-04,9:35:55.035748162,T,KO,F,100,68.46
2025-11-04,9:35:56.604671868,T,KO,F,100,68.45
2025-11-04,9:35:56.604696158,T,KO,,100,68.45
2025-11-04,9:35:56.604699208,T,KO,I,1,68.45
2025-11-04,9:35:56.604703685,T,KO,F,100,68.45
2025-11-04,9:35:56.604703685,T,KO,F,100,68.45
2025-11-04,9:35:56.604738620,T,KO,F,100,68.45
2025-11-04,9:35:56.604807285,T,KO,I,99,68.45
2025-11-04,9:35:56.922342955,T,KO,F,100,68.44
2025-11-04,9:35:56.922345503,T,KO,F I,1,68.44
2025-11-04,9:35:56.922357961,T,KO,F,100,68.44
2025-11-04,9:35:56.922357961,T,KO,F I,99,68.44
2025-11-04,9:35:56.922360906,T,KO,F,300,68.44
2025-11-04,9:35:57.627212307,T,KO,I,39,68.44
2025-11-04,9:35:58.354455454,T,KO,F I,61,68.44
2025-11-04,9:36:01.493250101,T,KO,F,197,68.44
2025-11-04,9:36:01.493250101,T,KO,F,100,68.44
2025-11-04,9:36:01.493887631,T,KO,I,21,68.43
2025-11-04,9:36:03.285720215,T,KO,F,179,68.43
2025-11-04,9:36:03.285738711,T,KO,I,1,68.43
2025-11-04,9:36:03.285744423,T,KO,F I,99,68.43
2025-11-04,9:36:03.285744423,T,KO,F,200,68.43
2025-11-04,9:36:03.285747500,T,KO,F,100,68.43
2025-11-04,9:36:03.439686966,T,KO,I,42,68.43
2025-11-04,9:36:03.439690069,T,KO,,100,68.43
2025-11-04,9:36:03.621677349,T,KO,F I,42,68.43
2025-11-04,9:36:03.621681135,T,KO,F I,42,68.43
2025-11-04,9:36:03.676967259,T,KO,I,42,68.43
2025-11-04,9:36:03.676970235,T,KO,,100,68.43
2025-11-04,9:36:03.676973946,T,KO,I,42,68.43
2025-11-04,9:36:03.676979648,T,KO,I,25,68.43
2025-11-04,9:36:03.676979648,T,KO,I,91,68.43
2025-11-04,9:36:03.676991089,T,KO,F I,9,68.43
2025-11-04,9:36:03.676994184,T,KO,F I,47,68.43
2025-11-04,9:36:04.210359762,T,KO,F,100,68.44
2025-11-04,9:36:04.210362447,T,KO,F I,47,68.44
2025-11-04,9:36:04.210365521,T,KO,F,100,68.44
2025-11-04,9:36:05.183161440,T,KO,F I,4,68.45
2025-11-04,9:36:08.006297184,T,KO,I,5,68.455
2025-11-04,9:36:08.441060661,T,KO,I,90,68.455
2025-11-04,9:36:08.582872456,T,KO,I,10,68.455
2025-11-04,9:36:09.743131940,T,KO,I,6,68.46
2025-11-04,9:36:13.007479520,T,KO,I,1,68.46
2025-11-04,9:36:13.007482072,T,KO,I,42,68.46
2025-11-04,9:36:13.007484764,T,KO,I,12,68.46
2025-11-04,9:36:13.007487730,T,KO,F I,55,68.46
2025-11-04,9:36:13.007496780,T,KO,I,44,68.46
2025-11-04,9:36:13.023151989,T,KO,,100,68.46
2025-11-04,9:36:15.884984252,T,KO,F,100,68.46
2025-11-04,9:36:15.884987439,T,KO,F,100,68.46
2025-11-04,9:36:15.884987439,T,KO,F,100,68.46
2025-11-04,9:36:16.231743041,T,KO,I,2,68.455
2025-11-04,9:36:17.521698130,T,KO,F I,18,68.47
2025-11-04,9:36:18.023858227,T,KO,I,8,68.47
2025-11-04,9:36:18.133255786,T,KO,I,2,68.47
2025-11-04,9:36:19.771390092,T,KO,F I,1,68.45
2025-11-04,9:36:19.771395436,T,KO,F,100,68.45
2025-11-04,9:36:19.771395436,T,KO,F I,45,68.45
2025-11-04,9:36:19.771410478,T,KO,I,1,68.45
2025-11-04,9:36:19.771434453,T,KO,F I,99,68.45
2025-11-04,9:36:19.771438284,T,KO,F I,1,68.45
2025-11-04,9:36:19.771438284,T,KO,F I,50,68.45
2025-11-04,9:36:19.771440521,T,KO,F I,49,68.45
2025-11-04,9:36:19.771440521,T,KO,F I,51,68.45
2025-11-04,9:36:19.771452521,T,KO,F I,1,68.45
2025-11-04,9:36:19.771485659,T,KO,F,100,68.45
2025-11-04,9:36:19.771645002,T,KO,F I,48,68.45
2025-11-04,9:36:19.891901398,T,KO,I,10,68.445
2025-11-04,9:36:19.971564146,T,KO,F,100,68.44
2025-11-04,9:36:19.971564146,T,KO,F I,3,68.44
2025-11-04,9:36:19.971567130,T,KO,F I,15,68.44
2025-11-04,9:36:19.972424135,T,KO,F,100,68.44
2025-11-04,9:36:19.993666768,T,KO,F I,11,68.43
2025-11-04,9:36:21.080831034,T,KO,F,100,68.42
2025-11-04,9:36:21.080831034,T,KO,F I,22,68.42
2025-11-04,9:36:21.080858087,T,KO,F,100,68.42
2025-11-04,9:36:21.080876595,T,KO,F,100,68.42
2025-11-04,9:36:21.350940315,T,KO,I,2,68.42
2025-11-04,9:36:22.282426843,T,KO,F,100,68.43
2025-11-04,9:36:23.436798253,T,KO,,100,68.45
2025-11-04,9:36:28.418008976,T,KO,I,1,68.44
2025-11-04,9:36:31.340101634,T,KO,F I,17,68.43
2025-11-04,9:36:31.340161710,T,KO,F I,50,68.43
2025-11-04,9:36:31.340303013,T,KO,,100,68.43
2025-11-04,9:36:31.340306169,T,KO,I,38,68.43
2025-11-04,9:36:31.340309098,T,KO,I,1,68.43
2025-11-04,9:36:31.340327080,T,KO,I,1,68.43
2025-11-04,9:36:31.340636836,T,KO,F I,1,68.43
2025-11-04,9:36:32.471257650,T,KO,I,25,68.44
2025-11-04,9:36:32.502502060,T,KO,I,6,68.45
2025-11-04,9:36:32.502502060,T,KO,I,25,68.45
2025-11-04,9:36:33.642559678,T,KO,F I,1,68.45
2025-11-04,9:36:33.642562649,T,KO,F I,37,68.45
2025-11-04,9:36:33.642562649,T,KO,F I,50,68.45
2025-11-04,9:36:33.642565771,T,KO,F I,15,68.45
2025-11-04,9:36:33.642565771,T,KO,F I,85,68.45
2025-11-04,9:36:33.642610685,T,KO,F I,19,68.44
2025-11-04,9:36:37.138021540,T,KO,,100,68.45
2025-11-04,9:36:38.817500606,T,KO,F,200,68.46
2025-11-04,9:36:38.817500606,T,KO,F I,3,68.46
2025-11-04,9:36:39.765475496,T,KO,I,10,68.48
2025-11-04,9:36:42.527365480,T,KO,I,1,68.49
2025-11-04,9:36:42.527365480,T,KO,I,1,68.49
2025-11-04,9:36:42.527370475,T,KO,,286,68.49
2025-11-04,9:36:44.565499018,T,KO,F I,52,68.5
2025-11-04,9:36:44.565501844,T,KO,F,125,68.5
2025-11-04,9:36:44.565520881,T,KO,F,155,68.5
2025-11-04,9:36:44.565525736,T,KO,I,68,68.5
2025-11-04,9:36:44.565528815,T,KO,I,1,68.5
2025-11-04,9:36:44.565778241,T,KO,I,26,68.5
2025-11-04,9:36:44.566097883,T,KO,F I,39,68.5
2025-11-04,9:36:44.566103122,T,KO,F I,50,68.5
2025-11-04,9:36:44.566103122,T,KO,F I,1,68.5
2025-11-04,9:36:44.566178741,T,KO,F I,1,68.5
2025-11-04,9:36:44.566181271,T,KO,F I,39,68.5
2025-11-04,9:36:44.566218032,T,KO,I,39,68.5
2025-11-04,9:36:44.566221335,T,KO,,100,68.495
2025-11-04,9:36:44.566226749,T,KO,,100,68.49
2025-11-04,9:36:44.566226749,T,KO,I,25,68.49
2025-11-04,9:36:44.566230132,T,KO,I,25,68.49
2025-11-04,9:36:44.566230132,T,KO,,100,68.49
2025-11-04,9:36:44.566232363,T,KO,I,38,68.49
2025-11-04,9:36:44.566235669,T,KO,I,2,68.49
2025-11-04,9:36:44.566235669,T,KO,I,49,68.49
2025-11-04,9:36:44.566238771,T,KO,,142,68.49
2025-11-04,9:36:44.566244356,T,KO,I,25,68.5
2025-11-04,9:36:44.566244356,T,KO,I,50,68.5
2025-11-04,9:36:44.566454892,T,KO,F I,50,68.49
2025-11-04,9:36:44.566476423,T,KO,I,48,68.49
2025-11-04,9:36:44.567838229,T,KO,F I,39,68.48
2025-11-04,9:36:44.567838229,T,KO,F I,31,68.485
2025-11-04,9:36:44.686365449,T,KO,I,19,68.49
2025-11-04,9:36:44.686368977,T,KO,I,50,68.49
2025-11-04,9:36:45.024866750,T,KO,I,5,68.495
2025-11-04,9:36:45.075215585,T,KO,F,100,68.49
2025-11-04,9:36:45.075233615,T,KO,I,1,68.49
2025-11-04,9:36:45.075239651,T,KO,I,48,68.49
2025-11-04,9:36:45.075252272,T,KO,F I,51,68.49
2025-11-04,9:36:45.075254684,T,KO,F I,49,68.49
2025-11-04,9:36:45.075260910,T,KO,F I,51,68.49
2025-11-04,9:36:45.075260910,T,KO,F I,1,68.49
2025-11-04,9:36:45.075266744,T,KO,F I,52,68.49
2025-11-04,9:36:45.075266744,T,KO,F I,47,68.49
2025-11-04,9:36:45.221372743,T,KO,F I,66,68.47
2025-11-04,9:36:45.221390866,T,KO,F I,34,68.47
2025-11-04,9:36:45.622570264,T,KO,F I,1,68.47
2025-11-04,9:36:45.622573238,T,KO,F I,34,68.47
2025-11-04,9:36:45.622576319,T,KO,F,100,68.47
2025-11-04,9:36:47.261542821,T,KO,,100,68.48
2025-11-04,9:36:47.261545860,T,KO,,100,68.48
2025-11-04,9:36:47.262135309,T,KO,F I,4,68.49
2025-11-04,9:36:47.262745691,T,KO,,100,68.49
2025-11-04,9:36:48.026546868,T,KO,F I,15,68.5
2025-11-04,9:36:48.297188432,T,KO,F I,25,68.52
2025-11-04,9:36:49.415380680,T,KO,F I,50,68.52
2025-11-04,9:36:49.415380680,T,KO,F I,50,68.52
2025-11-04,9:36:49.415383642,T,KO,F,100,68.52
2025-11-04,9:36:49.415428801,T,KO,I,39,68.52
2025-11-04,9:36:49.415988058,T,KO,I,39,68.52
2025-11-04,9:36:51.644590032,T,KO,I,41,68.515
2025-11-04,9:36:52.849674376,T,KO,F I,22,68.52
2025-11-04,9:36:52.849677483,T,KO,F,100,68.52
2025-11-04,9:36:52.849677483,T,KO,F I,45,68.52
2025-11-04,9:36:52.849692215,T,KO,I,1,68.52
2025-11-04,9:36:52.849776433,T,KO,F I,54,68.52
2025-11-04,9:36:52.849779375,T,KO,F I,64,68.52
2025-11-04,9:36:53.568936231,T,KO,I,1,68.52
2025-11-04,9:36:53.568936231,T,KO,I,50,68.52
2025-11-04,9:36:54.039572196,T,KO,F I,10,68.51
2025-11-04,9:36:54.039575159,T,KO,F I,34,68.51
2025-11-04,9:36:54.039575159,T,KO,F I,50,68.51
2025-11-04,9:36:54.043512032,T,KO,I,25,68.51
2025-11-04,9:36:54.043515007,T,KO,,100,68.51
2025-11-04,9:36:54.043518330,T,KO,I,40,68.51
2025-11-04,9:36:54.043518330,T,KO,I,1,68.51
2025-11-04,9:36:54.043520625,T,KO,,146,68.51
2025-11-04,9:36:54.044275310,T,KO,,100,68.51
2025-11-04,9:36:54.044293544,T,KO,F I,40,68.51
2025-11-04,9:36:54.044296423,T,KO,F I,40,68.51
2025-11-04,9:36:54.778498387,T,KO,F I,25,68.5
2025-11-04,9:36:54.779000323,T,KO,I,50,68.49
2025-11-04,9:36:54.793254954,T,KO,F,100,68.5
2025-11-04,9:36:54.793302766,T,KO,F I,40,68.5
2025-11-04,9:36:54.793305473,T,KO,F,100,68.5
2025-11-04,9:36:54.793308406,T,KO,F I,15,68.5
2025-11-04,9:36:54.793314638,T,KO,F I,10,68.5
2025-11-04,9:36:54.793314638,T,KO,F,100,68.5
2025-11-04,9:36:54.793318138,T,KO,F I,50,68.5
2025-11-04,9:36:58.085330143,T,KO,F I,3,68.5
2025-11-04,9:36:59.162248958,T,KO,I,6,68.5
2025-11-04,9:37:02.251497749,T,KO,F,100,68.51
2025-11-04,9:37:02.251500670,T,KO,F,119,68.51
2025-11-04,9:37:02.251503740,T,KO,F I,40,68.51
2025-11-04,9:37:02.251503740,T,KO,F,100,68.51
2025-11-04,9:37:02.251506792,T,KO,F I,2,68.51
2025-11-04,9:37:02.251506792,T,KO,F I,1,68.51
2025-11-04,9:37:03.663258119,T,KO,F I,46,68.53
2025-11-04,9:37:03.663258119,T,KO,F I,12,68.53
2025-11-04,9:37:03.663264001,T,KO,F I,13,68.53
2025-11-04,9:37:03.663264001,T,KO,F I,2,68.53
2025-11-04,9:37:03.663266982,T,KO,F,157,68.53
2025-11-04,9:37:04.745703993,T,KO,,100,68.54
2025-11-04,9:37:06.221586267,T,KO,F I,59,68.53
2025-11-04,9:37:06.221589216,T,KO,F,100,68.53
2025-11-04,9:37:06.222112447,T,KO,I,25,68.53
2025-11-04,9:37:06.222115443,T,KO,I,15,68.53
2025-11-04,9:37:06.226548332,T,KO,F,100,68.525
2025-11-04,9:37:06.226548332,T,KO,F I,10,68.52
2025-11-04,9:37:06.226590234,T,KO,F I,90,68.52
2025-11-04,9:37:06.226593144,T,KO,F I,10,68.52
2025-11-04,9:37:06.226593144,T,KO,F I,10,68.52
2025-11-04,9:37:06.226605188,T,KO,F,100,68.52
2025-11-04,9:37:06.226614300,T,KO,I,90,68.52
2025-11-04,9:37:07.184070560,T,KO,,200,68.51
2025-11-04,9:37:08.025721087,T,KO,I,1,68.5
2025-11-04,9:37:11.757390024,T,KO,F,100,68.5
2025-11-04,9:37:11.757392946,T,KO,F I,91,68.5
2025-11-04,9:37:11.757410896,T,KO,I,1,68.5
2025-11-04,9:37:11.757414030,T,KO,I,8,68.5
2025-11-04,9:37:11.768847201,T,KO,I,14,68.495
2025-11-04,9:37:11.769385459,T,KO,F I,10,68.49
2025-11-04,9:37:11.769388436,T,KO,F I,27,68.49
2025-11-04,9:37:15.412216610,T,KO,F I,81,68.5
2025-11-04,9:37:15.412238855,T,KO,F I,19,68.5
2025-11-04,9:37:15.412243982,T,KO,F,100,68.5
2025-11-04,9:37:15.412243982,T,KO,F,100,68.5
2025-11-04,9:37:15.412243982,T,KO,F I,25,68.5
2025-11-04,9:37:16.412702544,T,KO,F I,61,68.51
2025-11-04,9:37:16.412708490,T,KO,F I,39,68.51
2025-11-04,9:37:16.412711520,T,KO,F,100,68.51
2025-11-04,9:37:18.455254236,T,KO,,100,68.53
2025-11-04,9:37:21.040012521,T,KO,F,100,68.53
2025-11-04,9:37:21.041446868,T,KO,F,100,68.52
2025-11-04,9:37:21.619369244,T,KO,I,10,68.5
2025-11-04,9:37:21.948951208,T,KO,I,6,68.49
2025-11-04,9:37:27.557459233,T,KO,I,1,68.5
2025-11-04,9:37:27.557463387,T,KO,,100,68.49
2025-11-04,9:37:27.557468411,T,KO,I,11,68.49
2025-11-04,9:37:27.557483149,T,KO,I,1,68.49
2025-11-04,9:37:27.557486676,T,KO,I,24,68.49
2025-11-04,9:37:27.557486676,T,KO,I,1,68.49
2025-11-04,9:37:27.557693569,T,KO,F I,74,68.49
2025-11-04,9:37:27.557696611,T,KO,F I,74,68.49
2025-11-04,9:37:27.558974650,T,KO,F,100,68.49
2025-11-04,9:37:27.558977969,T,KO,F,100,68.49
2025-11-04,9:37:27.558977969,T,KO,F,100,68.49
2025-11-04,9:37:27.559043838,T,KO,F I,44,68.49
2025-11-04,9:37:30.952892107,T,KO,I,10,68.49
2025-11-04,9:37:30.952892107,T,KO,I,18,68.49
2025-11-04,9:37:30.952897304,T,KO,I,44,68.49
2025-11-04,9:37:30.952897304,T,KO,I,26,68.49
2025-11-04,9:37:30.952897304,T,KO,I,25,68.49
2025-11-04,9:37:30.952900166,T,KO,,100,68.49
2025-11-04,9:37:30.953179820,T,KO,F,200,68.49
2025-11-04,9:37:30.953182806,T,KO,F,100,68.49
2025-11-04,9:37:30.953898530,T,KO,I,10,68.49
2025-11-04,9:37:30.953901518,T,KO,,100,68.49
2025-11-04,9:37:30.954160197,T,KO,,100,68.49
2025-11-04,9:37:30.954160197,T,KO,I,1,68.49
2025-11-04,9:37:30.954163583,T,KO,I,43,68.49
2025-11-04,9:37:30.954454864,T,KO,,100,68.49
2025-11-04,9:37:30.954472939,T,KO,I,1,68.49
2025-11-04,9:37:30.954545700,T,KO,I,42,68.49
2025-11-04,9:37:30.954548115,T,KO,I,1,68.49
2025-11-04,9:37:30.954551291,T,KO,I,42,68.49
2025-11-04,9:37:31.107678763,T,KO,F I,43,68.49
2025-11-04,9:37:31.107681909,T,KO,F,100,68.49
2025-11-04,9:37:31.107684785,T,KO,F I,42,68.49
2025-11-04,9:37:31.107684785,T,KO,F,100,68.49
2025-11-04,9:37:31.497831026,T,KO,F I,1,68.49
2025-11-04,9:37:31.497831026,T,KO,F I,42,68.49
2025-11-04,9:37:31.497834016,T,KO,F,100,68.49
2025-11-04,9:37:31.559992583,T,KO,F I,43,68.49
2025-11-04,9:37:31.559992583,T,KO,F,100,68.49
2025-11-04,9:37:31.559995337,T,KO,F I,1,68.49
2025-11-04,9:37:31.559998022,T,KO,F,100,68.49
2025-11-04,9:37:32.952521783,T,KO,I,1,68.49
2025-11-04,9:37:32.952525144,T,KO,I,43,68.49
2025-11-04,9:37:32.952527599,T,KO,I,12,68.49
2025-11-04,9:37:32.952530866,T,KO,,100,68.49
2025-11-04,9:37:32.952530866,T,KO,I,50,68.49
2025-11-04,9:37:32.952533664,T,KO,I,56,68.49
2025-11-04,9:37:32.952867373,T,KO,,100,68.49
2025-11-04,9:37:32.952888576,T,KO,I,1,68.49
2025-11-04,9:37:32.953607175,T,KO,,100,68.49
2025-11-04,9:37:32.953607175,T,KO,I,43,68.49
2025-11-04,9:37:35.435427182,T,KO,I,18,68.49
2025-11-04,9:37:35.435454309,T,KO,I,43,68.49
2025-11-04,9:37:35.435454309,T,KO,I,30,68.49
2025-11-04,9:37:35.435457197,T,KO,I,11,68.49
2025-11-04,9:37:37.310910264,T,KO,F,100,68.48
2025-11-04,9:37:37.310910264,T,KO,F,100,68.48
2025-11-04,9:37:37.310913225,T,KO,F I,10,68.48
2025-11-04,9:37:37.310931655,T,KO,I,52,68.48
2025-11-04,9:37:37.310934444,T,KO,I,13,68.48
2025-11-04,9:37:37.310937293,T,KO,I,1,68.48
2025-11-04,9:37:37.310943209,T,KO,F I,34,68.48
2025-11-04,9:37:37.310946212,T,KO,F,100,68.48
2025-11-04,9:37:37.325025772,T,KO,I,4,68.475
2025-11-04,9:37:38.048497838,T,KO,F I,6,68.47
2025-11-04,9:37:38.048501830,T,KO,F I,10,68.47
2025-11-04,9:37:38.048504102,T,KO,F,100,68.47
2025-11-04,9:37:38.048506874,T,KO,F,100,68.47
2025-11-04,9:37:38.048506874,T,KO,F I,25,68.47
2025-11-04,9:37:40.470947532,T,KO,F I,10,68.47
2025-11-04,9:37:43.908596978,T,KO,,100,68.465
2025-11-04,9:37:45.121605103,T,KO,F,100,68.46
2025-11-04,9:37:45.121605103,T,KO,F I,10,68.46
2025-11-04,9:37:45.121607954,T,KO,F I,50,68.46
2025-11-04,9:37:45.121610979,T,KO,F I,10,68.46
2025-11-04,9:37:45.136926522,T,KO,F I,1,68.45
2025-11-04,9:37:45.136926522,T,KO,F I,14,68.45
2025-11-04,9:37:45.136956546,T,KO,F I,86,68.45
2025-11-04,9:37:45.137790537,T,KO,,100,68.44
2025-11-04,9:37:45.137792717,T,KO,,100,68.44
2025-11-04,9:37:45.137795538,T,KO,I,25,68.44
2025-11-04,9:37:45.336595973,T,KO,I,3,68.45
2025-11-04,9:37:47.228810748,T,KO,F I,46,68.46
2025-11-04,9:37:47.229788044,T,KO,F,100,68.47
2025-11-04,9:37:48.268314377,T,KO,I,3,68.485
2025-11-04,9:37:48.619442859,T,KO,I,44,68.485
2025-11-04,9:37:48.946026556,T,KO,,100,68.485
2025-11-04,9:37:49.701248565,T,KO,F,100,68.48
2025-11-04,9:37:49.701251264,T,KO,F I,10,68.48
2025-11-04,9:37:57.236249446,T,KO,I,2,68.47
2025-11-04,9:37:59.251038968,T,KO,,100,68.475
2025-11-04,9:37:59.370044937,T,KO,F,100,68.48
2025-11-04,9:37:59.370050698,T,KO,F,100,68.48
2025-11-04,9:37:59.370050698,T,KO,F I,68,68.48
2025-11-04,9:37:59.370053468,T,KO,F I,25,68.48
2025-11-04,9:38:00.037746287,T,KO,I,1,68.48
2025-11-04,9:38:00.037746287,T,KO,I,50,68.48
2025-11-04,9:38:00.037748655,T,KO,I,13,68.48
2025-11-04,9:38:00.037751697,T,KO,I,36,68.48
2025-11-04,9:38:00.038091851,T,KO,F,100,68.48
2025-11-04,9:38:00.038091851,T,KO,F,100,68.48
2025-11-04,9:38:00.038094922,T,KO,F I,47,68.48
2025-11-04,9:38:00.038097912,T,KO,F,100,68.48
2025-11-04,9:38:00.038100939,T,KO,F I,25,68.48
2025-11-04,9:38:00.038266645,T,KO,,100,68.48
2025-11-04,9:38:00.038266645,T,KO,,100,68.48
2025-11-04,9:38:00.038271970,T,KO,I,47,68.48
2025-11-04,9:38:00.038271970,T,KO,I,1,68.48
2025-11-04,9:38:00.038274942,T,KO,I,47,68.48
2025-11-04,9:38:00.038274942,T,KO,I,5,68.48
2025-11-04,9:38:00.038287020,T,KO,I,1,68.48
2025-11-04,9:38:00.038299401,T,KO,I,44,68.48
2025-11-04,9:38:00.085938919,T,KO,I,2,68.48
2025-11-04,9:38:00.085941695,T,KO,,100,68.48
2025-11-04,9:38:00.085944917,T,KO,I,47,68.48
2025-11-04,9:38:00.085944917,T,KO,,100,68.48
2025-11-04,9:38:00.085947657,T,KO,I,59,68.48
2025-11-04,9:38:00.085947657,T,KO,I,38,68.48
2025-11-04,9:38:00.086444375,T,KO,I,1,68.49
2025-11-04,9:38:00.086446688,T,KO,,100,68.49
2025-11-04,9:38:00.086449759,T,KO,,100,68.49
2025-11-04,9:38:00.086449759,T,KO,I,41,68.49
2025-11-04,9:38:00.095188548,T,KO,I,3,68.5
2025-11-04,9:38:00.095191510,T,KO,I,50,68.5
2025-11-04,9:38:00.095245664,T,KO,F,100,68.5
2025-11-04,9:38:00.095248685,T,KO,F I,47,68.5
2025-11-04,9:38:00.095248685,T,KO,F I,42,68.5
2025-11-04,9:38:00.095266705,T,KO,I,1,68.5
2025-11-04,9:38:00.539887755,T,KO,F I,47,68.5
2025-11-04,9:38:00.543312897,T,KO,F,100,68.49
2025-11-04,9:38:00.656451334,T,KO,,100,68.485
2025-11-04,9:38:04.897521108,T,KO,F,100,68.49
2025-11-04,9:38:08.225240823,T,KO,F I,7,68.5
2025-11-04,9:38:08.225243921,T,KO,F I,25,68.5
2025-11-04,9:38:08.377039405,T,KO,,100,68.5
2025-11-04,9:38:08.377054595,T,KO,I,1,68.5
2025-11-04,9:38:08.377063465,T,KO,I,45,68.5
2025-11-04,9:38:09.043508428,T,KO,F,100,68.49
2025-11-04,9:38:09.043508428,T,KO,F I,62,68.49
2025-11-04,9:38:09.044614499,T,KO,,100,68.48
2025-11-04,9:38:09.044618298,T,KO,I,46,68.49
2025-11-04,9:38:09.044618298,T,KO,I,2,68.49
2025-11-04,9:38:09.044623834,T,KO,I,46,68.49
2025-11-04,9:38:09.044623834,T,KO,,100,68.49
2025-11-04,9:38:09.044623834,T,KO,I,6,68.49
2025-11-04,9:38:09.044627310,T,KO,,100,68.49
2025-11-04,9:38:09.044627310,T,KO,,100,68.49
2025-11-04,9:38:09.044629474,T,KO,,100,68.49
2025-11-04,9:38:09.044632418,T,KO,I,25,68.49
2025-11-04,9:38:09.044770728,T,KO,I,18,68.49
2025-11-04,9:38:09.045236995,T,KO,I,2,68.49
2025-11-04,9:38:09.045236995,T,KO,I,19,68.49
2025-11-04,9:38:09.045240279,T,KO,I,31,68.49
2025-11-04,9:38:09.045242870,T,KO,I,46,68.49
2025-11-04,9:38:09.045242870,T,KO,I,55,68.49
2025-11-04,9:38:09.045246423,T,KO,I,46,68.49
2025-11-04,9:38:09.045249610,T,KO,I,32,68.49
2025-11-04,9:38:09.045249610,T,KO,I,1,68.49
2025-11-04,9:38:09.045252903,T,KO,I,1,68.49
2025-11-04,9:38:09.045252903,T,KO,I,34,68.49
2025-11-04,9:38:09.045254945,T,KO,I,15,68.49
2025-11-04,9:38:09.066229888,T,KO,I,2,68.49
2025-11-04,9:38:09.378223076,T,KO,F I,44,68.49
2025-11-04,9:38:09.378225930,T,KO,F I,49,68.49
2025-11-04,9:38:09.378241559,T,KO,I,1,68.49
2025-11-04,9:38:09.378289161,T,KO,F I,19,68.49
2025-11-04,9:38:09.378382324,T,KO,F I,31,68.49
2025-11-04,9:38:10.027162528,T,KO,,100,68.5
2025-11-04,9:38:10.027162528,T,KO,,100,68.5
2025-11-04,9:38:10.057619066,T,KO,F I,4,68.51
2025-11-04,9:38:12.452373135,T,KO,F I,18,68.52
2025-11-04,9:38:12.452373135,T,KO,F I,1,68.52
2025-11-04,9:38:12.452375728,T,KO,F I,4,68.52
2025-11-04,9:38:12.652571485,T,KO,F,100,68.53
2025-11-04,9:38:12.652571485,T,KO,F I,16,68.53
2025-11-04,9:38:13.043382375,T,KO,F I,25,68.51
2025-11-04,9:38:13.043382375,T,KO,F I,25,68.51
2025-11-04,9:38:13.059723222,T,KO,F,100,68.5
2025-11-04,9:38:13.061247879,T,KO,F,250,68.495
2025-11-04,9:38:14.054898942,T,KO,F I,1,68.51
2025-11-04,9:38:14.054898942,T,KO,F I,25,68.51
2025-11-04,9:38:14.054904565,T,KO,F,100,68.51
2025-11-04,9:38:14.056038234,T,KO,F I,10,68.5
2025-11-04,9:38:14.056038234,T,KO,F,200,68.5
2025-11-04,9:38:14.056041561,T,KO,F I,25,68.5
2025-11-04,9:38:14.160555153,T,KO,I,31,68.5
2025-11-04,9:38:17.000287582,T,KO,F,100,68.51
2025-11-04,9:38:19.337475186,T,KO,F I,31,68.52
2025-11-04,9:38:19.337475186,T,KO,F I,30,68.52
2025-11-04,9:38:27.112974501,T,KO,F I,25,68.52
2025-11-04,9:38:27.309287913,T,KO,I,3,68.52
2025-11-04,9:38:29.391648533,T,KO,I,2,68.52
2025-11-04,9:38:29.391648533,T,KO,I,3,68.52
2025-11-04,9:38:31.826947707,T,KO,F,103,68.53
2025-11-04,9:38:33.405458241,T,KO,F,400,68.54
2025-11-04,9:38:33.416492193,T,KO,F I,9,68.54
2025-11-04,9:38:33.416711035,T,KO,F I,41,68.54
2025-11-04,9:38:33.416714089,T,KO,F,100,68.54
2025-11-04,9:38:33.416714089,T,KO,F I,41,68.54
2025-11-04,9:38:40.994023814,T,KO,F,100,68.53
2025-11-04,9:38:40.994026438,T,KO,F I,6,68.53
2025-11-04,9:38:40.994026438,T,KO,F I,50,68.53
2025-11-04,9:38:40.994029231,T,KO,F I,2,68.53
2025-11-04,9:38:40.994029231,T,KO,F I,10,68.53
2025-11-04,9:38:40.994032077,T,KO,F I,1,68.53
2025-11-04,9:38:40.994044113,T,KO,F I,13,68.53
2025-11-04,9:38:40.994050103,T,KO,I,13,68.53
2025-11-04,9:38:40.994050103,T,KO,,100,68.53
2025-11-04,9:38:40.994053796,T,KO,I,1,68.53
2025-11-04,9:38:40.994053796,T,KO,,100,68.53
2025-11-04,9:38:40.994074170,T,KO,I,55,68.53
2025-11-04,9:38:40.994564624,T,KO,F I,41,68.53
2025-11-04,9:38:40.994567466,T,KO,F,100,68.53
2025-11-04,9:38:40.994567466,T,KO,F,100,68.53
2025-11-04,9:38:40.994570363,T,KO,F I,2,68.53
2025-11-04,9:38:40.994570363,T,KO,F I,52,68.53
2025-11-04,9:38:40.994742664,T,KO,I,2,68.53
2025-11-04,9:38:40.994742664,T,KO,I,69,68.53
2025-11-04,9:38:40.995145439,T,KO,F,100,68.53
2025-11-04,9:38:40.995147783,T,KO,F,100,68.53
