DATE,TIME_M,EX,SYM_ROOT,TR_SCOND,SIZE,PRICE
2025-12-05,9:30:00.165310272,T,KO,TI,2,70.39
2025-12-05,9:30:00.326370924,T,KO,FTI,1,70.39
2025-12-05,9:30:01.169642374,T,KO,F I,3,70.28
2025-12-05,9:30:01.169657378,T,KO,F,100,70.28
2025-12-05,9:30:01.169660479,T,KO,Q,3,70.28
2025-12-05,9:30:01.169916124,T,KO,F I,2,70.25
2025-12-05,9:30:01.170502384,T,KO,I,50,70.25
2025-12-05,9:30:01.182473897,T,KO,F I,27,70.23
2025-12-05,9:30:01.184765388,T,KO,F I,1,70.23
2025-12-05,9:30:01.186299013,T,KO,F I,7,70.23
2025-12-05,9:30:01.186317131,T,KO,F I,3,70.23
2025-12-05,9:30:01.189471563,T,KO,F I,2,70.23
2025-12-05,9:30:01.189553155,T,KO,I,10,70.23
2025-12-05,9:30:01.189553155,T,KO,,700,70.23
2025-12-05,9:30:01.189600904,T,KO,I,1,70.23
2025-12-05,9:30:01.189606907,T,KO,,111,70.23
2025-12-05,9:30:01.192340470,T,KO,I,28,70.31
2025-12-05,9:30:01.192905766,T,KO,F I,6,70.32
2025-12-05,9:30:01.192917800,T,KO,F I,5,70.32
2025-12-05,9:30:01.235929199,T,KO,I,1,70.28
2025-12-05,9:30:01.298315874,T,KO,,100,70.27
2025-12-05,9:30:01.298318873,T,KO,,100,70.27
2025-12-05,9:30:01.330944031,T,KO,I,11,70.29
2025-12-05,9:30:02.207362826,T,KO,I,50,70.36
2025-12-05,9:30:02.550395797,T,KO,I,50,70.36
2025-12-05,9:30:02.550398775,T,KO,I,6,70.36
2025-12-05,9:30:02.550416816,T,KO,I,94,70.36
2025-12-05,9:30:02.581556039,T,KO,I,11,70.34
2025-12-05,9:30:02.656307982,T,KO,,100,70.35
2025-12-05,9:30:03.102053601,T,KO,I,16,70.35
2025-12-05,9:30:03.102056605,T,KO,,100,70.35
2025-12-05,9:30:03.110145880,T,KO,F I,50,70.35
2025-12-05,9:30:03.110148893,T,KO,F I,50,70.36
2025-12-05,9:30:04.015539341,T,KO,F,195,70.39
2025-12-05,9:30:04.015539341,T,KO,F,100,70.39
2025-12-05,9:30:04.015542230,T,KO,F,100,70.39
2025-12-05,9:30:04.316360572,T,KO,F I,16,70.38
2025-12-05,9:30:04.316363532,T,KO,F I,84,70.37
2025-12-05,9:30:04.630088708,T,KO,F,100,70.37
2025-12-05,9:30:04.630317290,T,KO,F I,15,70.36
2025-12-05,9:30:04.630320261,T,KO,F,100,70.36
2025-12-05,9:30:04.630587887,T,KO,F I,47,70.36
2025-12-05,9:30:04.630608944,T,KO,F,100,70.36
2025-12-05,9:30:04.670207278,T,KO,I,2,70.36
2025-12-05,9:30:04.879932782,T,KO,F,200,70.36
2025-12-05,9:30:04.879947927,T,KO,I,1,70.36
2025-12-05,9:30:04.879959855,T,KO,F I,88,70.36
2025-12-05,9:30:04.880025967,T,KO,I,17,70.36
2025-12-05,9:30:04.901416604,T,KO,,100,70.38
2025-12-05,9:30:04.901418937,T,KO,,100,70.38
2025-12-05,9:30:04.901421921,T,KO,,100,70.38
2025-12-05,9:30:04.945630289,T,KO,,100,70.4
2025-12-05,9:30:04.946078311,T,KO,,100,70.4
2025-12-05,9:30:05.102730365,T,KO,,195,70.42
2025-12-05,9:30:05.102730365,T,KO,I,50,70.42
2025-12-05,9:30:05.102919904,T,KO,F,100,70.42
2025-12-05,9:30:05.102949945,T,KO,I,45,70.42
2025-12-05,9:30:05.102949945,T,KO,,100,70.42
2025-12-05,9:30:05.102985938,T,KO,I,35,70.41
2025-12-05,9:30:05.103003993,T,KO,I,41,70.42
2025-12-05,9:30:05.103058833,T,KO,F I,35,70.42
2025-12-05,9:30:05.103061185,T,KO,F I,15,70.42
2025-12-05,9:30:05.124932274,T,KO,F I,66,70.43
2025-12-05,9:30:05.124935189,T,KO,F,100,70.43
2025-12-05,9:30:05.124938203,T,KO,F,100,70.43
2025-12-05,9:30:05.666849855,T,KO,F I,72,70.41
2025-12-05,9:30:05.666888854,T,KO,I,16,70.41
2025-12-05,9:30:05.667102733,T,KO,,100,70.41
2025-12-05,9:30:05.667102733,T,KO,I,9,70.41
2025-12-05,9:30:05.719724752,T,KO,,100,70.42
2025-12-05,9:30:05.719727771,T,KO,,100,70.43
2025-12-05,9:30:05.719766804,T,KO,,100,70.43
2025-12-05,9:30:05.720136765,T,KO,I,16,70.42
2025-12-05,9:30:05.720239011,T,KO,F,150,70.42
2025-12-05,9:30:06.370282121,T,KO,F,297,70.42
2025-12-05,9:30:06.370285087,T,KO,F,100,70.42
2025-12-05,9:30:06.385591650,T,KO,F,100,70.42
2025-12-05,9:30:06.402963879,T,KO,F I,65,70.43
2025-12-05,9:30:06.414228803,T,KO,I,16,70.41
2025-12-05,9:30:06.463131239,T,KO,,150,70.415
2025-12-05,9:30:06.978651952,T,KO,F I,50,70.42
2025-12-05,9:30:06.979127097,T,KO,F I,16,70.415
2025-12-05,9:30:06.979427810,T,KO,I,16,70.41
2025-12-05,9:30:07.371164816,T,KO,I,50,70.405
2025-12-05,9:30:07.521056786,T,KO,F,100,70.42
2025-12-05,9:30:07.521056786,T,KO,F I,37,70.42
2025-12-05,9:30:07.521071777,T,KO,I,1,70.42
2025-12-05,9:30:07.534483764,T,KO,F I,62,70.42
2025-12-05,9:30:07.534483764,T,KO,F I,38,70.42
2025-12-05,9:30:07.782619744,T,KO,F,157,70.42
2025-12-05,9:30:07.782619744,T,KO,F I,43,70.42
2025-12-05,9:30:07.782637771,T,KO,F I,57,70.42
2025-12-05,9:30:08.416090402,T,KO,I,52,70.43
2025-12-05,9:30:08.916900672,T,KO,F I,48,70.43
2025-12-05,9:30:08.916903155,T,KO,F I,50,70.43
2025-12-05,9:30:08.916906122,T,KO,F,102,70.43
2025-12-05,9:30:08.916942279,T,KO,I,93,70.43
2025-12-05,9:30:09.917386487,T,KO,,100,70.425
2025-12-05,9:30:09.924546070,T,KO,F,100,70.43
2025-12-05,9:30:09.924564170,T,KO,I,1,70.43
2025-12-05,9:30:10.250715437,T,KO,F,128,70.41
2025-12-05,9:30:10.265684516,T,KO,F I,61,70.41
2025-12-05,9:30:11.192663175,T,KO,F I,50,70.41
2025-12-05,9:30:11.192741389,T,KO,,140,70.41
2025-12-05,9:30:11.192744391,T,KO,,150,70.41
2025-12-05,9:30:11.458378974,T,KO,F,100,70.42
2025-12-05,9:30:11.458378974,T,KO,F,100,70.42
2025-12-05,9:30:12.231878193,T,KO,I,50,70.43
2025-12-05,9:30:12.398408842,T,KO,F,100,70.43
2025-12-05,9:30:12.398808683,T,KO,,100,70.43
2025-12-05,9:30:12.412882266,T,KO,F I,35,70.44
2025-12-05,9:30:12.412882266,T,KO,F I,65,70.44
2025-12-05,9:30:12.412909344,T,KO,I,35,70.44
2025-12-05,9:30:12.413333336,T,KO,F,500,70.44
2025-12-05,9:30:12.413357350,T,KO,I,1,70.44
2025-12-05,9:30:12.413369434,T,KO,I,99,70.44
2025-12-05,9:30:12.413369434,T,KO,,100,70.44
2025-12-05,9:30:12.439988768,T,KO,F,100,70.44
2025-12-05,9:30:12.731593333,T,KO,I,9,70.44
2025-12-05,9:30:12.731593333,T,KO,I,68,70.44
2025-12-05,9:30:12.757881938,T,KO,I,32,70.44
2025-12-05,9:30:12.758212660,T,KO,I,3,70.43
2025-12-05,9:30:12.902018309,T,KO,F,100,70.43
2025-12-05,9:30:12.906399597,T,KO,I,7,70.43
2025-12-05,9:30:13.011292388,T,KO,F,100,70.44
2025-12-05,9:30:14.226011433,T,KO,I,50,70.44
2025-12-05,9:30:15.481814317,T,KO,,100,70.43
2025-12-05,9:30:15.482415694,T,KO,,100,70.42
2025-12-05,9:30:15.482428338,T,KO,I,60,70.42
2025-12-05,9:30:15.482428338,T,KO,I,17,70.42
2025-12-05,9:30:17.304611470,T,KO,F I,50,70.42
2025-12-05,9:30:17.472771985,T,KO,,100,70.43
2025-12-05,9:30:17.472774993,T,KO,,100,70.43
2025-12-05,9:30:18.835413191,T,KO,,130,70.425
2025-12-05,9:30:18.839451872,T,KO,,170,70.425
2025-12-05,9:30:20.462579605,T,KO,,100,70.425
2025-12-05,9:30:23.973609513,T,KO,,200,70.4
2025-12-05,9:30:23.973648657,T,KO,,100,70.4
2025-12-05,9:30:23.973648657,T,KO,,100,70.4
2025-12-05,9:30:24.193854002,T,KO,I,45,70.385
2025-12-05,9:30:24.434015019,T,KO,F I,45,70.385
2025-12-05,9:30:25.082233190,T,KO,I,10,70.385
2025-12-05,9:30:25.082233190,T,KO,I,45,70.38
2025-12-05,9:30:25.264818737,T,KO,,100,70.36
2025-12-05,9:30:25.322863133,T,KO,I,50,70.37
2025-12-05,9:30:25.322863133,T,KO,,100,70.37
2025-12-05,9:30:25.323022265,T,KO,,100,70.36
2025-12-05,9:30:25.323040375,T,KO,I,1,70.36
2025-12-05,9:30:25.323350065,T,KO,I,50,70.37
2025-12-05,9:30:25.323353116,T,KO,,100,70.37
2025-12-05,9:30:25.323356413,T,KO,I,1,70.37
2025-12-05,9:30:25.323356413,T,KO,,100,70.37
2025-12-05,9:30:25.801684350,T,KO,I,72,70.37
2025-12-05,9:30:25.879503654,T,KO,F I,50,70.38
2025-12-05,9:30:26.646726913,T,KO,F I,50,70.39
2025-12-05,9:30:28.348846636,T,KO,,150,70.4
2025-12-05,9:30:28.357164593,T,KO,F,100,70.4
2025-12-05,9:30:28.357167648,T,KO,F,100,70.38
2025-12-05,9:30:28.357170449,T,KO,F,100,70.38
2025-12-05,9:30:28.357621584,T,KO,F I,39,70.38
2025-12-05,9:30:28.367036959,T,KO,F,150,70.39
2025-12-05,9:30:28.367041910,T,KO,F,261,70.38
2025-12-05,9:30:28.367041910,T,KO,F I,50,70.38
2025-12-05,9:30:28.367046104,T,KO,F,150,70.38
2025-12-05,9:30:28.367046104,T,KO,F,150,70.38
2025-12-05,9:30:28.367046104,T,KO,F,100,70.38
2025-12-05,9:30:28.367049128,T,KO,F,100,70.38
2025-12-05,9:30:28.368303010,T,KO,F I,37,70.38
2025-12-05,9:30:28.368384394,T,KO,F I,13,70.38
2025-12-05,9:30:28.368387229,T,KO,F,150,70.38
2025-12-05,9:30:28.368390204,T,KO,F,100,70.38
2025-12-05,9:30:28.859210176,T,KO,F,200,70.37
2025-12-05,9:30:29.679443633,T,KO,,100,70.37
2025-12-05,9:30:29.714056658,T,KO,,100,70.37
2025-12-05,9:30:30.383366063,T,KO,,100,70.35
2025-12-05,9:30:30.670938309,T,KO,,100,70.35
2025-12-05,9:30:30.670938309,T,KO,,100,70.34
2025-12-05,9:30:30.670940968,T,KO,,100,70.34
2025-12-05,9:30:30.671975478,T,KO,I,50,70.34
2025-12-05,9:30:30.671975478,T,KO,,100,70.33
2025-12-05,9:30:30.671981431,T,KO,I,82,70.33
2025-12-05,9:30:30.671984518,T,KO,,100,70.33
2025-12-05,9:30:30.671984518,T,KO,,100,70.33
2025-12-05,9:30:30.671987805,T,KO,I,50,70.33
2025-12-05,9:30:30.671987805,T,KO,I,50,70.33
2025-12-05,9:30:30.671999612,T,KO,I,1,70.33
2025-12-05,9:30:30.672017773,T,KO,,595,70.33
2025-12-05,9:30:30.672387390,T,KO,,854,70.33
2025-12-05,9:30:30.672971591,T,KO,I,39,70.32
2025-12-05,9:30:30.672973887,T,KO,I,31,70.32
2025-12-05,9:30:30.672983163,T,KO,I,2,70.32
2025-12-05,9:30:30.886302712,T,KO,F,100,70.34
2025-12-05,9:30:30.886302712,T,KO,F,114,70.34
2025-12-05,9:30:30.886305616,T,KO,F I,36,70.34
2025-12-05,9:30:30.886308069,T,KO,F,100,70.34
2025-12-05,9:30:30.886308069,T,KO,F,100,70.34
2025-12-05,9:30:30.886356043,T,KO,F,100,70.33
2025-12-05,9:30:30.886359023,T,KO,F,100,70.33
2025-12-05,9:30:30.897254556,T,KO,F,100,70.33
2025-12-05,9:30:30.897257569,T,KO,F I,72,70.33
2025-12-05,9:30:30.897260035,T,KO,F,100,70.33
2025-12-05,9:30:30.897260035,T,KO,F,100,70.33
2025-12-05,9:30:33.323573667,T,KO,I,50,70.37
2025-12-05,9:30:33.323573667,T,KO,I,2,70.37
2025-12-05,9:30:33.324214107,T,KO,,150,70.375
2025-12-05,9:30:33.324217097,T,KO,,100,70.37
2025-12-05,9:30:33.324298445,T,KO,,100,70.38
2025-12-05,9:30:33.324301371,T,KO,I,22,70.38
2025-12-05,9:30:33.324319328,T,KO,I,1,70.38
2025-12-05,9:30:33.324349479,T,KO,I,27,70.38
2025-12-05,9:30:33.324457999,T,KO,I,50,70.39
2025-12-05,9:30:33.324686209,T,KO,,100,70.39
2025-12-05,9:30:33.324692257,T,KO,,100,70.38
2025-12-05,9:30:33.324692257,T,KO,I,87,70.38
2025-12-05,9:30:33.324779497,T,KO,I,22,70.39
2025-12-05,9:30:33.325224517,T,KO,,100,70.39
2025-12-05,9:30:33.619631650,T,KO,F I,22,70.39
2025-12-05,9:30:33.619634887,T,KO,F,200,70.39
2025-12-05,9:30:35.102505340,T,KO,I,50,70.39
2025-12-05,9:30:35.127997144,T,KO,I,50,70.39
2025-12-05,9:30:35.128060184,T,KO,I,2,70.39
2025-12-05,9:30:35.157025175,T,KO,I,2,70.39
2025-12-05,9:30:35.157025175,T,KO,I,50,70.39
2025-12-05,9:30:35.236718081,T,KO,I,65,70.4
2025-12-05,9:30:39.703856981,T,KO,I,50,70.38
2025-12-05,9:30:39.890659139,T,KO,,100,70.37
2025-12-05,9:30:39.890659139,T,KO,,100,70.37
2025-12-05,9:30:39.890682955,T,KO,I,1,70.37
2025-12-05,9:30:39.890818315,T,KO,I,50,70.37
2025-12-05,9:30:40.032852530,T,KO,F I,50,70.37
2025-12-05,9:30:40.033643403,T,KO,I,79,70.37
2025-12-05,9:30:40.033679550,T,KO,I,21,70.37
2025-12-05,9:30:40.033682903,T,KO,,100,70.37
2025-12-05,9:30:40.033685467,T,KO,I,10,70.37
2025-12-05,9:30:40.033685467,T,KO,I,3,70.37
2025-12-05,9:30:40.033688518,T,KO,,150,70.37
2025-12-05,9:30:40.033965185,T,KO,,100,70.37
2025-12-05,9:30:40.033968226,T,KO,I,3,70.37
2025-12-05,9:30:40.195479891,T,KO,,100,70.37
2025-12-05,9:30:42.010488450,T,KO,I,50,70.36
2025-12-05,9:30:42.010762174,T,KO,I,2,70.37
2025-12-05,9:30:42.010762174,T,KO,I,50,70.37
2025-12-05,9:30:42.061862874,T,KO,I,50,70.37
2025-12-05,9:30:43.393500338,T,KO,F I,50,70.36
2025-12-05,9:30:44.951008781,T,KO,,100,70.36
2025-12-05,9:30:45.646980573,T,KO,I,50,70.37
2025-12-05,9:30:45.844613909,T,KO,,100,70.39
2025-12-05,9:30:50.371237539,T,KO,F I,50,70.37
2025-12-05,9:30:52.597090692,T,KO,I,50,70.38
2025-12-05,9:30:55.681368304,T,KO,I,38,70.38
2025-12-05,9:30:56.481892745,T,KO,I,50,70.38
2025-12-05,9:30:57.166085223,T,KO,,180,70.38
2025-12-05,9:31:01.431371611,T,KO,I,50,70.4
2025-12-05,9:31:02.741745433,T,KO,I,95,70.395
2025-12-05,9:31:03.438083788,T,KO,F I,63,70.38
2025-12-05,9:31:03.438086846,T,KO,F,100,70.38
2025-12-05,9:31:03.439521281,T,KO,F,100,70.36
2025-12-05,9:31:03.445189722,T,KO,F I,50,70.36
2025-12-05,9:31:03.445193228,T,KO,F,100,70.36
2025-12-05,9:31:03.445676914,T,KO,F I,50,70.36
2025-12-05,9:31:03.445728056,T,KO,F,100,70.36
2025-12-05,9:31:03.445746078,T,KO,I,1,70.36
2025-12-05,9:31:03.445749275,T,KO,I,9,70.36
2025-12-05,9:31:03.445749275,T,KO,I,43,70.36
2025-12-05,9:31:03.487082536,T,KO,I,50,70.36
2025-12-05,9:31:03.487395681,T,KO,,100,70.37
2025-12-05,9:31:03.487398240,T,KO,,100,70.37
2025-12-05,9:31:03.487398240,T,KO,I,50,70.37
2025-12-05,9:31:03.494426012,T,KO,,100,70.37
2025-12-05,9:31:03.494426012,T,KO,,100,70.37
2025-12-05,9:31:03.494660522,T,KO,F,100,70.37
2025-12-05,9:31:03.518429214,T,KO,,100,70.38
2025-12-05,9:31:03.518429214,T,KO,,100,70.38
2025-12-05,9:31:06.885885324,T,KO,,100,70.385
2025-12-05,9:31:06.885897222,T,KO,I,18,70.37
2025-12-05,9:31:06.886396453,T,KO,F I,50,70.37
2025-12-05,9:31:06.886402447,T,KO,I,32,70.37
2025-12-05,9:31:06.887031431,T,KO,,100,70.38
2025-12-05,9:31:06.887036948,T,KO,I,10,70.38
2025-12-05,9:31:06.887051933,T,KO,I,1,70.38
2025-12-05,9:31:06.914218613,T,KO,F,100,70.39
2025-12-05,9:31:06.922650783,T,KO,I,13,70.39
2025-12-05,9:31:07.615912822,T,KO,I,10,70.38
2025-12-05,9:31:07.750314960,T,KO,F,100,70.38
2025-12-05,9:31:07.750317961,T,KO,F I,27,70.39
2025-12-05,9:31:07.750317961,T,KO,F I,25,70.39
2025-12-05,9:31:12.414910316,T,KO,I,27,70.38
2025-12-05,9:31:12.414913313,T,KO,,100,70.38
2025-12-05,9:31:12.414916314,T,KO,I,5,70.38
2025-12-05,9:31:13.479776462,T,KO,F,106,70.35
2025-12-05,9:31:13.580068294,T,KO,I,50,70.35
2025-12-05,9:31:13.792903162,T,KO,F I,25,70.345
2025-12-05,9:31:13.792948443,T,KO,,125,70.345
2025-12-05,9:31:13.792948443,T,KO,I,25,70.34
2025-12-05,9:31:13.792951316,T,KO,,168,70.34
2025-12-05,9:31:13.793444502,T,KO,I,72,70.34
2025-12-05,9:31:15.329172023,T,KO,I,2,70.345
2025-12-05,9:31:15.329172023,T,KO,I,2,70.345
2025-12-05,9:31:15.563613420,T,KO,I,26,70.345
2025-12-05,9:31:15.563628904,T,KO,F I,26,70.345
2025-12-05,9:31:15.812128287,T,KO,I,26,70.34
2025-12-05,9:31:15.816497713,T,KO,I,50,70.34
2025-12-05,9:31:15.818816165,T,KO,I,50,70.34
2025-12-05,9:31:15.887999030,T,KO,F I,50,70.35
2025-12-05,9:31:15.887999030,T,KO,F I,27,70.35
2025-12-05,9:31:15.888002029,T,KO,F,100,70.35
2025-12-05,9:31:15.888019988,T,KO,I,1,70.35
2025-12-05,9:31:16.105997145,T,KO,I,3,70.355
2025-12-05,9:31:22.524381129,T,KO,F I,37,70.35
2025-12-05,9:31:22.524408172,T,KO,I,37,70.35
2025-12-05,9:31:22.524681977,T,KO,F I,26,70.35
2025-12-05,9:31:22.524681977,T,KO,F I,11,70.34
2025-12-05,9:31:22.524690897,T,KO,F I,10,70.34
2025-12-05,9:31:22.525475792,T,KO,I,37,70.34
2025-12-05,9:31:22.525514839,T,KO,,100,70.34
2025-12-05,9:31:22.525518182,T,KO,I,46,70.35
2025-12-05,9:31:22.525520839,T,KO,I,23,70.35
2025-12-05,9:31:22.525520839,T,KO,I,57,70.35
2025-12-05,9:31:22.525538953,T,KO,I,1,70.35
2025-12-05,9:31:22.525584029,T,KO,F I,46,70.34
2025-12-05,9:31:23.707416653,T,KO,F,100,70.32
2025-12-05,9:31:23.707419853,T,KO,F,150,70.32
2025-12-05,9:31:23.707422701,T,KO,F,160,70.32
2025-12-05,9:31:23.707422701,T,KO,F,100,70.32
2025-12-05,9:31:23.707831831,T,KO,F,100,70.33
2025-12-05,9:31:23.707834735,T,KO,F I,61,70.33
2025-12-05,9:31:23.707834735,T,KO,F I,50,70.33
2025-12-05,9:31:23.709172874,T,KO,F,100,70.34
2025-12-05,9:31:23.709176216,T,KO,F I,50,70.34
2025-12-05,9:31:23.709176216,T,KO,F,100,70.34
2025-12-05,9:31:24.132142959,T,KO,F I,23,70.33
2025-12-05,9:31:24.873058864,T,KO,F I,50,70.33
2025-12-05,9:31:24.873062225,T,KO,F I,50,70.33
2025-12-05,9:31:24.873073894,T,KO,F I,50,70.33
2025-12-05,9:31:24.887021097,T,KO,F,100,70.34
2025-12-05,9:31:25.699457039,T,KO,F,100,70.34
2025-12-05,9:31:25.699917116,T,KO,I,39,70.335
2025-12-05,9:31:25.699917116,T,KO,,100,70.33
2025-12-05,9:31:25.699923186,T,KO,,100,70.33
2025-12-05,9:31:25.699923186,T,KO,I,24,70.33
2025-12-05,9:31:25.699929091,T,KO,,100,70.33
2025-12-05,9:31:25.699929091,T,KO,I,25,70.33
2025-12-05,9:31:25.699932282,T,KO,,100,70.33
2025-12-05,9:31:25.699932282,T,KO,I,61,70.33
2025-12-05,9:31:25.699935177,T,KO,I,39,70.33
2025-12-05,9:31:25.700425345,T,KO,F,100,70.325
2025-12-05,9:31:25.700678248,T,KO,I,1,70.32
2025-12-05,9:31:25.700680854,T,KO,I,49,70.32
2025-12-05,9:31:26.690046227,T,KO,F I,50,70.33
2025-12-05,9:31:26.690046227,T,KO,F I,50,70.33
2025-12-05,9:31:26.690064293,T,KO,F I,50,70.33
2025-12-05,9:31:27.158571076,T,KO,F I,51,70.33
2025-12-05,9:31:27.158571076,T,KO,F I,65,70.33
2025-12-05,9:31:27.158577110,T,KO,F,100,70.33
2025-12-05,9:31:29.541975392,T,KO,F,100,70.31
2025-12-05,9:31:30.014154038,T,KO,F I,50,70.31
2025-12-05,9:31:30.014154038,T,KO,F I,32,70.31
2025-12-05,9:31:30.014156932,T,KO,F I,18,70.31
2025-12-05,9:31:30.014171984,T,KO,F I,82,70.31
2025-12-05,9:31:30.014193026,T,KO,F I,32,70.31
2025-12-05,9:31:30.014274271,T,KO,,100,70.31
2025-12-05,9:31:30.019633492,T,KO,,100,70.315
2025-12-05,9:31:30.019635987,T,KO,,150,70.315
2025-12-05,9:31:30.019639144,T,KO,,100,70.31
2025-12-05,9:31:30.019639144,T,KO,,100,70.31
2025-12-05,9:31:30.019678172,T,KO,,100,70.31
2025-12-05,9:31:30.033736612,T,KO,F,100,70.32
2025-12-05,9:31:30.034347088,T,KO,F I,18,70.325
2025-12-05,9:31:30.046589254,T,KO,I,18,70.32
2025-12-05,9:31:30.046613743,T,KO,I,18,70.32
2025-12-05,9:31:30.113558738,T,KO,F,100,70.32
2025-12-05,9:31:30.113561735,T,KO,F I,31,70.32
2025-12-05,9:31:30.113579723,T,KO,I,1,70.32
2025-12-05,9:31:30.263850635,T,KO,F,100,70.33
2025-12-05,9:31:30.263856693,T,KO,F I,32,70.33
2025-12-05,9:31:30.263856693,T,KO,F I,25,70.33
2025-12-05,9:31:30.264226557,T,KO,F I,7,70.34
2025-12-05,9:31:30.264265627,T,KO,F I,93,70.34
2025-12-05,9:31:30.264268625,T,KO,F,100,70.34
2025-12-05,9:31:30.264271621,T,KO,F I,25,70.34
2025-12-05,9:31:30.264271621,T,KO,F I,3,70.34
2025-12-05,9:31:30.264684014,T,KO,F,100,70.35
2025-12-05,9:31:30.264684014,T,KO,F,100,70.35
2025-12-05,9:31:30.264882158,T,KO,,100,70.345
2025-12-05,9:31:30.264885364,T,KO,,100,70.34
2025-12-05,9:31:30.264888095,T,KO,,200,70.34
2025-12-05,9:31:30.264888095,T,KO,I,26,70.34
2025-12-05,9:31:30.264891097,T,KO,,100,70.34
2025-12-05,9:31:30.264891097,T,KO,I,30,70.34
2025-12-05,9:31:30.264903128,T,KO,I,1,70.34
2025-12-05,9:31:30.264945210,T,KO,,100,70.345
2025-12-05,9:31:30.265026502,T,KO,F,100,70.34
2025-12-05,9:31:30.265026502,T,KO,F,200,70.34
2025-12-05,9:31:30.265062519,T,KO,F I,30,70.34
2025-12-05,9:31:30.265065926,T,KO,F,100,70.34
2025-12-05,9:31:30.265065926,T,KO,F I,61,70.34
2025-12-05,9:31:30.266605638,T,KO,F,100,70.35
2025-12-05,9:31:30.266605638,T,KO,F I,10,70.35
2025-12-05,9:31:30.266608226,T,KO,F I,90,70.35
2025-12-05,9:31:30.266611246,T,KO,F I,32,70.35
2025-12-05,9:31:30.266614261,T,KO,F,100,70.35
2025-12-05,9:31:30.523209393,T,KO,,100,70.345
2025-12-05,9:31:30.523212328,T,KO,I,10,70.34
2025-12-05,9:31:30.523236466,T,KO,F I,90,70.34
2025-12-05,9:31:30.523236466,T,KO,F I,10,70.34
2025-12-05,9:31:30.523257456,T,KO,I,80,70.34
2025-12-05,9:31:30.523290740,T,KO,I,10,70.34
2025-12-05,9:31:30.552005904,T,KO,F,100,70.34
2025-12-05,9:31:30.552038961,T,KO,I,32,70.34
2025-12-05,9:31:40.140405356,T,KO,F,100,70.34
2025-12-05,9:31:40.140405356,T,KO,F,100,70.35
2025-12-05,9:31:40.140408441,T,KO,F I,32,70.35
2025-12-05,9:31:40.140408441,T,KO,F I,1,70.35
2025-12-05,9:31:40.140410925,T,KO,F I,33,70.35
2025-12-05,9:31:40.140414050,T,KO,F I,1,70.35
2025-12-05,9:31:40.140417769,T,KO,F I,1,70.35
2025-12-05,9:31:40.140417769,T,KO,F I,1,70.35
2025-12-05,9:31:40.140417769,T,KO,F I,1,70.35
2025-12-05,9:31:40.140419928,T,KO,F I,50,70.35
2025-12-05,9:31:40.140423467,T,KO,F I,1,70.35
2025-12-05,9:31:40.140423467,T,KO,F I,1,70.35
2025-12-05,9:31:40.140435009,T,KO,F I,59,70.34
2025-12-05,9:31:40.140992199,T,KO,F I,31,70.33
2025-12-05,9:31:40.140994290,T,KO,F,100,70.33
2025-12-05,9:31:40.141355120,T,KO,I,41,70.33
2025-12-05,9:31:40.142639269,T,KO,I,12,70.32
2025-12-05,9:31:40.142642205,T,KO,,100,70.32
2025-12-05,9:31:40.142693375,T,KO,I,37,70.32
2025-12-05,9:31:40.142711431,T,KO,I,63,70.32
2025-12-05,9:31:40.142738498,T,KO,I,37,70.32
2025-12-05,9:31:40.257019658,T,KO,,100,70.33
2025-12-05,9:31:40.257022797,T,KO,,100,70.33
2025-12-05,9:31:40.257025809,T,KO,I,50,70.33
2025-12-05,9:31:40.257025809,T,KO,,209,70.33
2025-12-05,9:31:40.257028632,T,KO,I,39,70.33
2025-12-05,9:31:40.257038301,T,KO,I,1,70.33
2025-12-05,9:31:40.474004405,T,KO,I,20,70.33
2025-12-05,9:31:40.765160852,T,KO,F,100,70.34
2025-12-05,9:31:40.765203026,T,KO,I,59,70.33
2025-12-05,9:31:40.765206734,T,KO,,100,70.33
2025-12-05,9:31:40.765242898,T,KO,,100,70.32
2025-12-05,9:31:40.765245960,T,KO,I,25,70.32
2025-12-05,9:31:41.270201688,T,KO,I,59,70.33
2025-12-05,9:31:41.270204635,T,KO,I,8,70.33
2025-12-05,9:31:41.270207682,T,KO,,190,70.33
2025-12-05,9:31:41.270207682,T,KO,I,43,70.33
2025-12-05,9:31:41.270490436,T,KO,F,100,70.33
2025-12-05,9:31:41.270490436,T,KO,F,525,70.33
2025-12-05,9:31:41.449984798,T,KO,,100,70.32
2025-12-05,9:31:42.253393238,T,KO,,100,70.325
2025-12-05,9:31:42.253393238,T,KO,I,59,70.325
2025-12-05,9:31:49.101753506,T,KO,F I,1,70.32
2025-12-05,9:31:49.101771472,T,KO,F I,99,70.32
2025-12-05,9:31:49.101789531,T,KO,I,97,70.32
2025-12-05,9:31:49.101793051,T,KO,I,1,70.32
2025-12-05,9:31:49.101816708,T,KO,F I,2,70.32
2025-12-05,9:31:49.101820187,T,KO,F I,1,70.32
2025-12-05,9:31:49.101837654,T,KO,F I,99,70.32
2025-12-05,9:31:49.102330855,T,KO,I,60,70.32
2025-12-05,9:31:49.273026373,T,KO,,100,70.325
2025-12-05,9:31:50.083273040,T,KO,I,15,70.33
2025-12-05,9:31:50.724198471,T,KO,F I,2,70.34
2025-12-05,9:31:50.724712751,T,KO,F I,10,70.35
2025-12-05,9:31:50.724712751,T,KO,F,100,70.35
2025-12-05,9:31:50.724715768,T,KO,F I,11,70.35
2025-12-05,9:31:50.878775654,T,KO,I,1,70.37
2025-12-05,9:31:50.879951502,T,KO,I,1,70.37
2025-12-05,9:31:50.891745694,T,KO,F I,99,70.37
2025-12-05,9:31:50.891745694,T,KO,F I,1,70.37
2025-12-05,9:31:50.891766644,T,KO,I,1,70.37
2025-12-05,9:31:53.360962315,T,KO,I,9,70.365
2025-12-05,9:31:56.251975653,T,KO,I,50,70.36
2025-12-05,9:31:56.251978689,T,KO,I,50,70.37
2025-12-05,9:31:56.252005685,T,KO,F,190,70.36
2025-12-05,9:31:56.252044759,T,KO,I,64,70.36
2025-12-05,9:31:56.265830253,T,KO,I,64,70.36
2025-12-05,9:31:56.265830253,T,KO,I,10,70.36
2025-12-05,9:31:56.265832581,T,KO,,100,70.36
2025-12-05,9:31:56.265835565,T,KO,,142,70.36
2025-12-05,9:31:56.265853774,T,KO,I,1,70.36
2025-12-05,9:31:57.816878581,T,KO,I,50,70.37
2025-12-05,9:31:57.816881582,T,KO,,232,70.37
2025-12-05,9:32:02.289099716,T,KO,,100,70.375
2025-12-05,9:32:02.445351761,T,KO,,100,70.375
2025-12-05,9:32:02.691313558,T,KO,F,100,70.36
2025-12-05,9:32:03.254895609,T,KO,F,100,70.35
2025-12-05,9:32:03.254895609,T,KO,F,100,70.35
2025-12-05,9:32:03.254897852,T,KO,F I,50,70.35
2025-12-05,9:32:03.997916411,T,KO,I,50,70.36
2025-12-05,9:32:03.998247270,T,KO,F,100,70.37
2025-12-05,9:32:03.998250423,T,KO,F I,57,70.37
2025-12-05,9:32:03.998427911,T,KO,,100,70.365
2025-12-05,9:32:03.998427911,T,KO,,100,70.365
2025-12-05,9:32:03.998430633,T,KO,I,34,70.36
2025-12-05,9:32:03.998433775,T,KO,,100,70.36
2025-12-05,9:32:03.998445702,T,KO,I,1,70.36
2025-12-05,9:32:03.998469876,T,KO,I,99,70.36
2025-12-05,9:32:03.998469876,T,KO,,100,70.36
2025-12-05,9:32:03.998472756,T,KO,,190,70.36
2025-12-05,9:32:03.998547950,T,KO,F,100,70.36
2025-12-05,9:32:03.998842679,T,KO,F I,33,70.37
2025-12-05,9:32:03.998842679,T,KO,F,100,70.37
2025-12-05,9:32:03.998845801,T,KO,F I,69,70.37
2025-12-05,9:32:03.998860734,T,KO,F I,31,70.37
2025-12-05,9:32:03.998864671,T,KO,F,100,70.37
2025-12-05,9:32:03.998867446,T,KO,F I,34,70.37
2025-12-05,9:32:03.998867446,T,KO,F,100,70.37
2025-12-05,9:32:03.999023080,T,KO,F,100,70.37
2025-12-05,9:32:03.999029093,T,KO,F I,21,70.36
2025-12-05,9:32:03.999029093,T,KO,F I,80,70.36
2025-12-05,9:32:03.999032055,T,KO,F I,61,70.36
2025-12-05,9:32:03.999095337,T,KO,F,100,70.37
2025-12-05,9:32:03.999098549,T,KO,F,100,70.37
2025-12-05,9:32:03.999101608,T,KO,F I,10,70.37
2025-12-05,9:32:03.999149356,T,KO,F,100,70.37
2025-12-05,9:32:03.999191520,T,KO,F I,61,70.37
2025-12-05,9:32:03.999522254,T,KO,I,8,70.37
2025-12-05,9:32:03.999526586,T,KO,I,8,70.37
2025-12-05,9:32:03.999532002,T,KO,I,2,70.37
2025-12-05,9:32:03.999532002,T,KO,I,1,70.37
2025-12-05,9:32:04.004444931,T,KO,I,2,70.38
2025-12-05,9:32:04.004448039,T,KO,,100,70.38
2025-12-05,9:32:04.099630680,T,KO,,100,70.37
2025-12-05,9:32:07.254540540,T,KO,I,50,70.38
2025-12-05,9:32:07.258714622,T,KO,F,100,70.38
2025-12-05,9:32:07.258714622,T,KO,F I,34,70.37
2025-12-05,9:32:07.258717816,T,KO,F,100,70.37
2025-12-05,9:32:07.258717816,T,KO,F I,35,70.37
2025-12-05,9:32:07.258720453,T,KO,F I,67,70.37
2025-12-05,9:32:07.258723722,T,KO,F I,25,70.37
2025-12-05,9:32:07.258736961,T,KO,F I,40,70.37
2025-12-05,9:32:07.258741513,T,KO,I,1,70.37
2025-12-05,9:32:07.259129446,T,KO,F,100,70.37
2025-12-05,9:32:07.283670883,T,KO,F,100,70.35
2025-12-05,9:32:07.283670883,T,KO,F I,25,70.35
2025-12-05,9:32:07.285673745,T,KO,F I,50,70.34
2025-12-05,9:32:07.285676849,T,KO,F I,70,70.34
2025-12-05,9:32:07.285676849,T,KO,F I,67,70.34
2025-12-05,9:32:07.285680251,T,KO,F I,25,70.34
2025-12-05,9:32:07.285781939,T,KO,,100,70.35
2025-12-05,9:32:09.213706762,T,KO,F,100,70.355
2025-12-05,9:32:09.213730708,T,KO,I,76,70.34
2025-12-05,9:32:09.213766569,T,KO,I,24,70.34
2025-12-05,9:32:09.213766569,T,KO,,132,70.34
2025-12-05,9:32:09.214554534,T,KO,I,50,70.34
2025-12-05,9:32:09.214557927,T,KO,I,50,70.34
2025-12-05,9:32:09.214563439,T,KO,I,50,70.34
2025-12-05,9:32:10.512725188,T,KO,,100,70.35
2025-12-05,9:32:10.512728276,T,KO,I,90,70.35
2025-12-05,9:32:10.513212335,T,KO,F I,50,70.35
2025-12-05,9:32:10.513679012,T,KO,,100,70.35
2025-12-05,9:32:10.513679012,T,KO,,100,70.35
2025-12-05,9:32:10.513684530,T,KO,,100,70.35
2025-12-05,9:32:10.513699598,T,KO,I,1,70.35
2025-12-05,9:32:10.514367822,T,KO,F,100,70.35
2025-12-05,9:32:10.514833480,T,KO,,100,70.35
2025-12-05,9:32:10.514833480,T,KO,I,4,70.35
2025-12-05,9:32:10.514839315,T,KO,,100,70.35
2025-12-05,9:32:10.514839315,T,KO,,100,70.35
2025-12-05,9:32:10.514842306,T,KO,,100,70.35
2025-12-05,9:32:11.157728328,T,KO,,100,70.35
2025-12-05,9:32:11.276736835,T,KO,,100,70.35
2025-12-05,9:32:11.418638724,T,KO,I,60,70.355
2025-12-05,9:32:13.778439885,T,KO,,100,70.35
2025-12-05,9:32:13.778463984,T,KO,F I,50,70.35
2025-12-05,9:32:14.551833832,T,KO,F I,50,70.35
2025-12-05,9:32:14.718166720,T,KO,,100,70.365
2025-12-05,9:32:14.718169013,T,KO,,100,70.365
2025-12-05,9:32:17.464976878,T,KO,F I,3,70.35
2025-12-05,9:32:17.464979961,T,KO,F I,1,70.35
2025-12-05,9:32:17.464986074,T,KO,F I,46,70.35
2025-12-05,9:32:17.464986074,T,KO,F,100,70.35
2025-12-05,9:32:17.488859716,T,KO,F I,34,70.35
2025-12-05,9:32:17.488862940,T,KO,F I,25,70.35
2025-12-05,9:32:17.488865848,T,KO,F I,50,70.35
2025-12-05,9:32:17.491446294,T,KO,F,100,70.36
2025-12-05,9:32:17.491446294,T,KO,F I,34,70.36
2025-12-05,9:32:17.491448952,T,KO,F,100,70.36
2025-12-05,9:32:17.491494401,T,KO,F,100,70.36
2025-12-05,9:32:17.506442688,T,KO,,100,70.365
2025-12-05,9:32:18.265062455,T,KO,I,21,70.365
2025-12-05,9:32:19.407949282,T,KO,,100,70.35
2025-12-05,9:32:19.407952318,T,KO,I,25,70.35
2025-12-05,9:32:19.407955396,T,KO,,100,70.35
2025-12-05,9:32:20.420097016,T,KO,,192,70.35
2025-12-05,9:32:20.420097016,T,KO,,175,70.35
2025-12-05,9:32:20.420785482,T,KO,I,44,70.35
2025-12-05,9:32:20.561704224,T,KO,F,100,70.35
2025-12-05,9:32:20.561791331,T,KO,,100,70.35
2025-12-05,9:32:21.634232524,T,KO,F I,50,70.35
2025-12-05,9:32:27.108873107,T,KO,F,100,70.37
2025-12-05,9:32:27.108876244,T,KO,F I,2,70.37
2025-12-05,9:32:27.108879427,T,KO,F I,2,70.37
2025-12-05,9:32:27.108879427,T,KO,F I,25,70.37
2025-12-05,9:32:27.108888172,T,KO,I,1,70.37
2025-12-05,9:32:27.109062517,T,KO,F I,2,70.37
2025-12-05,9:32:27.969703266,T,KO,,100,70.375
2025-12-05,9:32:28.183626757,T,KO,F I,44,70.36
2025-12-05,9:32:28.183629971,T,KO,F I,56,70.36
2025-12-05,9:32:28.183633058,T,KO,I,44,70.36
2025-12-05,9:32:28.195733517,T,KO,I,18,70.345
2025-12-05,9:32:29.077959811,T,KO,F I,12,70.33
2025-12-05,9:32:29.078455891,T,KO,F,100,70.33
2025-12-05,9:32:29.078458920,T,KO,F I,7,70.33
2025-12-05,9:32:29.078462471,T,KO,F I,50,70.33
2025-12-05,9:32:29.078576192,T,KO,,100,70.33
2025-12-05,9:32:29.078576192,T,KO,I,7,70.33
2025-12-05,9:32:29.078579446,T,KO,I,2,70.33
2025-12-05,9:32:29.078579446,T,KO,,100,70.33
2025-12-05,9:32:29.078582141,T,KO,I,10,70.33
2025-12-05,9:32:29.078627246,T,KO,I,1,70.33
2025-12-05,9:32:29.078642708,T,KO,I,48,70.33
2025-12-05,9:32:29.078663379,T,KO,F,100,70.33
2025-12-05,9:32:29.078729551,T,KO,F,100,70.33
2025-12-05,9:32:29.078729551,T,KO,F I,50,70.33
2025-12-05,9:32:29.078930987,T,KO,F I,50,70.33
2025-12-05,9:32:29.078985401,T,KO,F,100,70.33
2025-12-05,9:32:29.079625607,T,KO,,100,70.33
2025-12-05,9:32:29.079691751,T,KO,,100,70.33
2025-12-05,9:32:29.434762437,T,KO,F,100,70.33
2025-12-05,9:32:29.442867178,T,KO,F I,1,70.33
2025-12-05,9:32:29.442869713,T,KO,F,100,70.33
2025-12-05,9:32:30.391424886,T,KO,,100,70.33
2025-12-05,9:32:30.964731305,T,KO,,100,70.335
2025-12-05,9:32:37.783642277,T,KO,I,10,70.335
2025-12-05,9:32:39.153255169,T,KO,I,44,70.32
2025-12-05,9:32:39.153255169,T,KO,I,1,70.32
2025-12-05,9:32:39.153257250,T,KO,I,1,70.32
2025-12-05,9:32:39.155260263,T,KO,F,100,70.32
2025-12-05,9:32:39.155260263,T,KO,F I,50,70.32
2025-12-05,9:32:39.155263014,T,KO,F,100,70.32
2025-12-05,9:32:39.155546493,T,KO,F,100,70.33
2025-12-05,9:32:39.155549257,T,KO,F,100,70.33
2025-12-05,9:32:39.155551895,T,KO,F,100,70.33
2025-12-05,9:32:39.155551895,T,KO,F I,50,70.33
2025-12-05,9:32:39.156733839,T,KO,I,1,70.33
2025-12-05,9:32:39.156736445,T,KO,I,25,70.33
2025-12-05,9:32:39.156739529,T,KO,,172,70.33
2025-12-05,9:32:39.156790618,T,KO,,100,70.33
2025-12-05,9:32:39.160423269,T,KO,F,100,70.33
2025-12-05,9:32:39.256451249,T,KO,I,37,70.34
2025-12-05,9:32:39.256454045,T,KO,I,13,70.34
2025-12-05,9:32:39.256475519,T,KO,F I,87,70.34
2025-12-05,9:32:39.256475519,T,KO,F I,50,70.34
2025-12-05,9:32:39.256478051,T,KO,F I,42,70.34
2025-12-05,9:32:39.256478051,T,KO,F I,37,70.34
2025-12-05,9:32:39.403910118,T,KO,F,150,70.34
2025-12-05,9:32:39.509275130,T,KO,F,100,70.35
2025-12-05,9:32:39.513797915,T,KO,I,35,70.35
2025-12-05,9:32:39.665247610,T,KO,F,100,70.36
2025-12-05,9:32:41.376400872,T,KO,F,100,70.37
2025-12-05,9:32:41.998534631,T,KO,F,100,70.37
2025-12-05,9:32:43.209867532,T,KO,,100,70.365
2025-12-05,9:32:45.423454525,T,KO,,100,70.38
2025-12-05,9:32:45.855592703,T,KO,F I,37,70.37
2025-12-05,9:32:45.855592703,T,KO,F I,25,70.37
2025-12-05,9:32:45.871115643,T,KO,F I,50,70.37
2025-12-05,9:32:46.007634766,T,KO,I,29,70.375
2025-12-05,9:32:46.193901421,T,KO,I,50,70.37
2025-12-05,9:32:46.269561558,T,KO,,100,70.37
2025-12-05,9:32:47.153492776,T,KO,I,18,70.37
2025-12-05,9:32:48.071750694,T,KO,I,94,70.375
2025-12-05,9:32:48.807510143,T,KO,I,7,70.37
2025-12-05,9:32:48.807561248,T,KO,F I,93,70.37
2025-12-05,9:32:49.032600159,T,KO,F I,50,70.37
2025-12-05,9:32:49.032600159,T,KO,I,50,70.37
2025-12-05,9:32:49.032605173,T,KO,,250,70.36
2025-12-05,9:32:49.032614162,T,KO,F I,50,70.36
2025-12-05,9:32:49.032617362,T,KO,F,119,70.36
2025-12-05,9:32:49.032620200,T,KO,I,1,70.36
2025-12-05,9:32:49.032623172,T,KO,F I,80,70.36
2025-12-05,9:32:49.167437219,T,KO,F,200,70.35
2025-12-05,9:32:52.334898965,T,KO,I,50,70.35
2025-12-05,9:32:52.460457020,T,KO,I,2,70.35
2025-12-05,9:32:52.718676867,T,KO,,100,70.35
2025-12-05,9:32:52.718676867,T,KO,I,1,70.35
2025-12-05,9:32:52.718679275,T,KO,I,10,70.35
2025-12-05,9:32:52.718679275,T,KO,I,89,70.35
2025-12-05,9:32:52.718694017,T,KO,I,1,70.35
2025-12-05,9:32:52.719142069,T,KO,I,2,70.35
2025-12-05,9:32:52.719142069,T,KO,I,1,70.35
2025-12-05,9:32:52.750918818,T,KO,I,2,70.36
2025-12-05,9:32:52.750921740,T,KO,I,7,70.36
2025-12-05,9:32:56.286487070,T,KO,F I,8,70.37
2025-12-05,9:32:56.286574358,T,KO,I,3,70.37
2025-12-05,9:32:56.286574358,T,KO,I,2,70.37
2025-12-05,9:32:56.286577320,T,KO,,100,70.37
2025-12-05,9:32:57.284970436,T,KO,F I,2,70.38
2025-12-05,9:32:57.284973070,T,KO,F I,50,70.38
2025-12-05,9:32:57.284976191,T,KO,F I,3,70.38
2025-12-05,9:32:57.284976191,T,KO,F I,25,70.38
2025-12-05,9:32:57.284979183,T,KO,F I,34,70.38
2025-12-05,9:32:58.438929359,T,KO,F I,95,70.385
2025-12-05,9:33:03.488579830,T,KO,F I,6,70.37
2025-12-05,9:33:03.488609909,T,KO,,100,70.36
2025-12-05,9:33:03.497733584,T,KO,I,50,70.35
2025-12-05,9:33:03.503946330,T,KO,,150,70.35
2025-12-05,9:33:03.505260994,T,KO,F,100,70.34
2025-12-05,9:33:03.505263531,T,KO,F I,25,70.34
2025-12-05,9:33:03.505266480,T,KO,F,100,70.34
2025-12-05,9:33:03.505282116,T,KO,I,1,70.34
2025-12-05,9:33:03.505311676,T,KO,I,99,70.34
2025-12-05,9:33:03.505531186,T,KO,,100,70.34
2025-12-05,9:33:03.505540356,T,KO,F,100,70.34
2025-12-05,9:33:03.509245886,T,KO,F I,44,70.33
2025-12-05,9:33:07.169866249,T,KO,F I,50,70.32
2025-12-05,9:33:07.169866249,T,KO,F I,2,70.32
2025-12-05,9:33:10.593625300,T,KO,,100,70.32
2025-12-05,9:33:12.344010093,T,KO,I,50,70.33
2025-12-05,9:33:16.373895788,T,KO,I,50,70.34
2025-12-05,9:33:16.755372445,T,KO,I,50,70.35
2025-12-05,9:33:16.755375385,T,KO,I,31,70.35
2025-12-05,9:33:16.755378283,T,KO,,100,70.35
2025-12-05,9:33:16.755381392,T,KO,,120,70.35
2025-12-05,9:33:16.755381392,T,KO,,100,70.35
2025-12-05,9:33:16.755411436,T,KO,I,1,70.35
2025-12-05,9:33:16.765022243,T,KO,F I,1,70.35
2025-12-05,9:33:16.765022243,T,KO,F,100,70.35
2025-12-05,9:33:16.765025283,T,KO,F I,50,70.35
2025-12-05,9:33:16.765268826,T,KO,F I,2,70.35
2025-12-05,9:33:16.765398122,T,KO,F I,6,70.35
2025-12-05,9:33:16.765425854,T,KO,I,94,70.35
2025-12-05,9:33:16.765425854,T,KO,I,50,70.35
2025-12-05,9:33:16.765428472,T,KO,I,2,70.35
2025-12-05,9:33:16.765428472,T,KO,I,1,70.35
2025-12-05,9:33:16.766219173,T,KO,F,100,70.35
2025-12-05,9:33:16.817280787,T,KO,F I,10,70.36
2025-12-05,9:33:16.818793327,T,KO,I,63,70.37
2025-12-05,9:33:16.820723986,T,KO,,100,70.37
2025-12-05,9:33:18.430984042,T,KO,F I,10,70.37
2025-12-05,9:33:19.397606113,T,KO,I,2,70.38
2025-12-05,9:33:19.397606113,T,KO,I,25,70.38
2025-12-05,9:33:19.397609175,T,KO,I,50,70.38
2025-12-05,9:33:20.286685639,T,KO,I,50,70.385
2025-12-05,9:33:20.286724719,T,KO,I,50,70.385
2025-12-05,9:33:20.286724719,T,KO,I,74,70.38
2025-12-05,9:33:20.636147892,T,KO,I,1,70.38
2025-12-05,9:33:20.636147892,T,KO,I,90,70.38
2025-12-05,9:33:21.699486423,T,KO,I,1,70.38
2025-12-05,9:33:21.700039930,T,KO,,100,70.38
2025-12-05,9:33:21.700042853,T,KO,,100,70.38
2025-12-05,9:33:21.700045927,T,KO,I,10,70.38
2025-12-05,9:33:21.700045927,T,KO,,100,70.38
2025-12-05,9:33:23.762636965,T,KO,F,200,70.38
2025-12-05,9:33:23.763121187,T,KO,I,50,70.37
2025-12-05,9:33:23.774097347,T,KO,F,100,70.37
2025-12-05,9:33:23.774100333,T,KO,F I,50,70.37
2025-12-05,9:33:36.168232487,T,KO,I,50,70.38
2025-12-05,9:33:36.168235522,T,KO,,100,70.38
2025-12-05,9:33:41.760636568,T,KO,,100,70.38
2025-12-05,9:33:41.760657593,T,KO,I,1,70.38
2025-12-05,9:33:41.760663593,T,KO,F,189,70.38
2025-12-05,9:33:41.760712215,T,KO,I,32,70.38
2025-12-05,9:33:41.760714745,T,KO,,100,70.38
2025-12-05,9:33:41.760717712,T,KO,I,1,70.38
2025-12-05,9:33:41.760720727,T,KO,,100,70.38
2025-12-05,9:33:41.760723775,T,KO,I,10,70.385
2025-12-05,9:33:41.760723775,T,KO,I,10,70.385
2025-12-05,9:33:41.760727311,T,KO,,100,70.39
2025-12-05,9:33:41.760727311,T,KO,I,2,70.39
2025-12-05,9:33:41.760729918,T,KO,,100,70.39
2025-12-05,9:33:41.760729918,T,KO,I,38,70.39
2025-12-05,9:33:41.760732890,T,KO,I,25,70.39
2025-12-05,9:33:41.760735767,T,KO,I,30,70.39
2025-12-05,9:33:41.760735767,T,KO,I,1,70.38
2025-12-05,9:33:41.760777859,T,KO,I,99,70.38
2025-12-05,9:33:41.774123719,T,KO,I,32,70.39
2025-12-05,9:33:41.774126807,T,KO,I,38,70.39
2025-12-05,9:33:41.774130111,T,KO,I,47,70.39
2025-12-05,9:33:41.774130111,T,KO,,100,70.39
2025-12-05,9:33:41.774153769,T,KO,I,41,70.39
2025-12-05,9:33:41.809593145,T,KO,F I,32,70.39
2025-12-05,9:33:41.809596170,T,KO,F I,41,70.39
2025-12-05,9:33:41.809596170,T,KO,F I,1,70.39
2025-12-05,9:33:41.809599120,T,KO,F I,26,70.39
2025-12-05,9:33:41.842681136,T,KO,I,15,70.39
2025-12-05,9:33:41.842681136,T,KO,I,5,70.39
2025-12-05,9:33:42.172142572,T,KO,I,2,70.4
2025-12-05,9:33:42.172145763,T,KO,I,1,70.4
2025-12-05,9:33:42.172145763,T,KO,I,94,70.4
2025-12-05,9:33:42.184258386,T,KO,I,32,70.4
2025-12-05,9:33:42.184261437,T,KO,,100,70.4
2025-12-05,9:33:44.284090447,T,KO,F I,1,70.4
2025-12-05,9:33:44.284090447,T,KO,F I,99,70.4
2025-12-05,9:33:44.284111458,T,KO,F I,1,70.4
2025-12-05,9:33:44.284114519,T,KO,F I,98,70.4
2025-12-05,9:33:44.284709862,T,KO,,100,70.405
2025-12-05,9:33:44.284712902,T,KO,,100,70.4
2025-12-05,9:33:44.284730992,T,KO,I,1,70.4
2025-12-05,9:33:45.395318086,T,KO,I,20,70.41
2025-12-05,9:33:47.103076295,T,KO,I,1,70.41
2025-12-05,9:33:50.986086074,T,KO,I,50,70.41
2025-12-05,9:33:50.989051159,T,KO,I,50,70.41
2025-12-05,9:33:51.324653689,T,KO,,100,70.42
2025-12-05,9:33:51.324656512,T,KO,,232,70.42
2025-12-05,9:33:51.986812814,T,KO,,100,70.43
2025-12-05,9:33:51.986812814,T,KO,,100,70.43
2025-12-05,9:33:51.986815429,T,KO,,100,70.43
2025-12-05,9:33:51.986815429,T,KO,I,39,70.43
2025-12-05,9:33:51.986918808,T,KO,,100,70.43
2025-12-05,9:33:52.012386450,T,KO,F,100,70.43
2025-12-05,9:33:52.012391444,T,KO,F I,1,70.43
2025-12-05,9:33:52.012391444,T,KO,F I,50,70.43
2025-12-05,9:33:52.171307884,T,KO,I,7,70.42
2025-12-05,9:33:56.545456538,T,KO,F,100,70.415
2025-12-05,9:33:56.545459508,T,KO,F I,25,70.41
2025-12-05,9:33:56.545555716,T,KO,I,41,70.41
2025-12-05,9:33:56.545576846,T,KO,I,34,70.41
2025-12-05,9:33:56.545579945,T,KO,I,25,70.41
2025-12-05,9:33:56.545579945,T,KO,I,40,70.41
2025-12-05,9:33:56.545603871,T,KO,I,41,70.41
2025-12-05,9:33:56.545616409,T,KO,I,53,70.41
2025-12-05,9:33:56.546027857,T,KO,,100,70.4
2025-12-05,9:33:56.546031133,T,KO,I,5,70.4
2025-12-05,9:33:56.546395041,T,KO,I,39,70.4
2025-12-05,9:33:56.546398955,T,KO,I,46,70.41
2025-12-05,9:33:56.546403823,T,KO,I,38,70.41
2025-12-05,9:33:56.546407999,T,KO,,200,70.41
2025-12-05,9:33:56.546412991,T,KO,,100,70.41
2025-12-05,9:33:56.546412991,T,KO,,100,70.41
2025-12-05,9:33:56.546416015,T,KO,I,39,70.41
2025-12-05,9:33:56.546416015,T,KO,I,7,70.41
2025-12-05,9:33:56.546416015,T,KO,I,49,70.41
2025-12-05,9:33:56.546416015,T,KO,I,25,70.41
2025-12-05,9:33:56.546425125,T,KO,F I,64,70.41
2025-12-05,9:33:56.546425125,T,KO,I,1,70.41
2025-12-05,9:33:56.546478909,T,KO,,100,70.41
2025-12-05,9:33:56.546482310,T,KO,I,50,70.41
2025-12-05,9:33:56.569983105,T,KO,,100,70.415
2025-12-05,9:33:56.569986493,T,KO,I,39,70.41
2025-12-05,9:33:56.569988947,T,KO,I,49,70.41
2025-12-05,9:33:56.569992307,T,KO,I,3,70.41
2025-12-05,9:33:56.569992307,T,KO,I,29,70.41
2025-12-05,9:33:56.569996279,T,KO,I,2,70.41
2025-12-05,9:33:56.569996279,T,KO,,136,70.41
2025-12-05,9:33:56.569998148,T,KO,I,65,70.41
2025-12-05,9:33:56.570001006,T,KO,I,25,70.41
2025-12-05,9:33:56.570006958,T,KO,I,1,70.41
2025-12-05,9:33:58.834511076,T,KO,,100,70.4
2025-12-05,9:34:03.900806132,T,KO,I,6,70.395
2025-12-05,9:34:06.028794509,T,KO,F I,50,70.4
2025-12-05,9:34:06.028797347,T,KO,F I,10,70.4
2025-12-05,9:34:06.028797347,T,KO,F,100,70.4
2025-12-05,9:34:06.067782112,T,KO,I,94,70.41
2025-12-05,9:34:06.086913710,T,KO,,100,70.41
2025-12-05,9:34:12.297081994,T,KO,F I,10,70.4
2025-12-05,9:34:12.297097066,T,KO,I,10,70.4
2025-12-05,9:34:13.504216904,T,KO,F,200,70.41
2025-12-05,9:34:13.504216904,T,KO,F I,50,70.41
2025-12-05,9:34:13.504219941,T,KO,F I,1,70.41
2025-12-05,9:34:16.538840274,T,KO,F I,86,70.42
2025-12-05,9:34:16.538843361,T,KO,F I,14,70.42
2025-12-05,9:34:20.172363994,T,KO,I,50,70.42
2025-12-05,9:34:21.147523462,T,KO,,100,70.42
2025-12-05,9:34:21.532043253,T,KO,F I,20,70.43
2025-12-05,9:34:24.233385986,T,KO,F I,1,70.42
2025-12-05,9:34:24.233421990,T,KO,I,24,70.42
2025-12-05,9:34:24.234483553,T,KO,I,37,70.42
2025-12-05,9:34:24.234483553,T,KO,I,63,70.42
2025-12-05,9:34:24.234511220,T,KO,F I,37,70.42
2025-12-05,9:34:26.434307213,T,KO,F I,37,70.42
2025-12-05,9:34:26.434309760,T,KO,F,300,70.42
2025-12-05,9:34:26.447439127,T,KO,I,50,70.41
2025-12-05,9:34:27.854484121,T,KO,F,100,70.415
2025-12-05,9:34:27.854484121,T,KO,F I,50,70.41
2025-12-05,9:34:30.010144056,T,KO,,100,70.41
2025-12-05,9:34:30.543840233,T,KO,,100,70.41
2025-12-05,9:34:30.565461649,T,KO,,100,70.41
2025-12-05,9:34:31.143101331,T,KO,F,100,70.4
2025-12-05,9:34:31.143101331,T,KO,F,100,70.4
2025-12-05,9:34:31.143104832,T,KO,F,100,70.4
2025-12-05,9:34:31.143125387,T,KO,I,1,70.4
2025-12-05,9:34:31.143152508,T,KO,I,99,70.4
2025-12-05,9:34:31.143155812,T,KO,,100,70.4
2025-12-05,9:34:31.143155812,T,KO,,100,70.4
2025-12-05,9:34:31.149263511,T,KO,F I,39,70.4
2025-12-05,9:34:31.149266016,T,KO,F I,50,70.4
2025-12-05,9:34:31.149269015,T,KO,F,100,70.4
2025-12-05,9:34:35.232974011,T,KO,F I,4,70.4
2025-12-05,9:34:35.232994923,T,KO,I,35,70.4
2025-12-05,9:34:35.232994923,T,KO,I,3,70.4
2025-12-05,9:34:35.233019053,T,KO,I,35,70.4
2025-12-05,9:34:35.233049666,T,KO,I,1,70.4
2025-12-05,9:34:35.233052166,T,KO,I,38,70.4
2025-12-05,9:34:35.405500919,T,KO,F,100,70.405
2025-12-05,9:34:35.405500919,T,KO,F I,1,70.4
2025-12-05,9:34:35.405503838,T,KO,F I,38,70.4
2025-12-05,9:34:36.034111936,T,KO,,100,70.395
2025-12-05,9:34:36.034523990,T,KO,,100,70.395
2025-12-05,9:34:36.055565048,T,KO,,100,70.395
2025-12-05,9:34:41.034496478,T,KO,I,10,70.395
2025-12-05,9:34:41.036630954,T,KO,I,50,70.4
2025-12-05,9:34:41.036634027,T,KO,,100,70.4
2025-12-05,9:34:45.969982486,T,KO,I,2,70.41
2025-12-05,9:34:45.970004257,T,KO,F I,48,70.41
2025-12-05,9:34:45.970004257,T,KO,F,100,70.41
2025-12-05,9:34:45.970006612,T,KO,F I,18,70.41
2025-12-05,9:34:45.989965354,T,KO,I,2,70.42
2025-12-05,9:34:45.989986089,T,KO,F I,98,70.42
2025-12-05,9:34:45.989989158,T,KO,F,100,70.42
2025-12-05,9:34:46.014338277,T,KO,F I,1,70.42
2025-12-05,9:34:46.014338277,T,KO,F I,40,70.42
2025-12-05,9:34:49.213182502,T,KO,I,40,70.4
2025-12-05,9:34:49.213185516,T,KO,I,1,70.4
2025-12-05,9:34:49.797774776,T,KO,I,1,70.405
2025-12-05,9:34:49.933184251,T,KO,F,100,70.4
2025-12-05,9:34:49.933208384,T,KO,I,1,70.4
2025-12-05,9:34:49.933927104,T,KO,I,41,70.4
2025-12-05,9:34:49.933930007,T,KO,,100,70.4
2025-12-05,9:34:49.933930007,T,KO,I,1,70.4
2025-12-05,9:34:49.933948144,T,KO,I,1,70.4
2025-12-05,9:34:49.933975392,T,KO,F I,99,70.4
2025-12-05,9:34:49.933975392,T,KO,F,100,70.4
2025-12-05,9:34:50.233351003,T,KO,F I,3,70.4
2025-12-05,9:34:50.233353175,T,KO,F I,41,70.4
2025-12-05,9:34:50.233356173,T,KO,F,100,70.4
2025-12-05,9:34:50.973187196,T,KO,,100,70.39
2025-12-05,9:34:50.973190200,T,KO,,100,70.39
2025-12-05,9:34:50.973205269,T,KO,I,72,70.39
2025-12-05,9:34:50.973214354,T,KO,,118,70.39
2025-12-05,9:34:50.996838528,T,KO,I,1,70.39
2025-12-05,9:34:50.996856560,T,KO,F I,40,70.39
2025-12-05,9:34:51.542118236,T,KO,F I,1,70.39
2025-12-05,9:34:51.542121211,T,KO,F I,1,70.39
2025-12-05,9:34:51.542124258,T,KO,F I,39,70.39
2025-12-05,9:34:51.542124258,T,KO,F I,1,70.39
2025-12-05,9:34:51.542127349,T,KO,F,200,70.39
2025-12-05,9:34:51.542137073,T,KO,I,28,70.39
2025-12-05,9:34:51.542139268,T,KO,I,54,70.39
2025-12-05,9:34:51.542827835,T,KO,I,41,70.39
2025-12-05,9:34:51.542830980,T,KO,,100,70.39
2025-12-05,9:34:51.542830980,T,KO,I,1,70.39
2025-12-05,9:34:51.542833880,T,KO,,100,70.39
2025-12-05,9:34:52.805923119,T,KO,F,100,70.4
2025-12-05,9:34:52.806320159,T,KO,,100,70.4
2025-12-05,9:34:52.806323058,T,KO,I,41,70.4
2025-12-05,9:34:52.806326092,T,KO,I,30,70.4
2025-12-05,9:34:52.806341477,T,KO,I,1,70.4
2025-12-05,9:34:52.919446423,T,KO,F I,2,70.4
2025-12-05,9:34:52.919930826,T,KO,I,41,70.4
2025-12-05,9:34:52.919930826,T,KO,,100,70.4
2025-12-05,9:34:52.919934689,T,KO,,100,70.4
2025-12-05,9:34:52.919934689,T,KO,I,31,70.4
2025-12-05,9:34:52.919939669,T,KO,,100,70.4
2025-12-05,9:35:01.797929779,T,KO,F I,41,70.41
2025-12-05,9:35:05.569398110,T,KO,F,100,70.41
2025-12-05,9:35:08.243531733,T,KO,I,10,70.42
2025-12-05,9:35:11.362981011,T,KO,I,50,70.42
2025-12-05,9:35:14.200860857,T,KO,F,100,70.425
2025-12-05,9:35:14.207530721,T,KO,,100,70.425
2025-12-05,9:35:14.207533764,T,KO,I,15,70.42
2025-12-05,9:35:14.207533764,T,KO,I,25,70.42
2025-12-05,9:35:14.207542757,T,KO,F,100,70.42
2025-12-05,9:35:17.150986008,T,KO,,100,70.415
2025-12-05,9:35:21.109358286,T,KO,I,10,70.42
2025-12-05,9:35:21.109361340,T,KO,I,63,70.42
2025-12-05,9:35:21.109668099,T,KO,F I,38,70.42
2025-12-05,9:35:21.109671511,T,KO,F,100,70.42
2025-12-05,9:35:21.109674060,T,KO,F I,1,70.42
2025-12-05,9:35:21.110576203,T,KO,F I,50,70.41
2025-12-05,9:35:21.418193800,T,KO,F I,16,70.4
2025-12-05,9:35:27.413235734,T,KO,F,125,70.39
2025-12-05,9:35:27.413239038,T,KO,F I,11,70.39
2025-12-05,9:35:36.875541502,T,KO,I,24,70.385
2025-12-05,9:35:36.875830310,T,KO,I,24,70.385
2025-12-05,9:35:36.875842194,T,KO,I,24,70.385
2025-12-05,9:35:36.875851186,T,KO,I,38,70.385
2025-12-05,9:35:36.875917336,T,KO,I,24,70.38
2025-12-05,9:35:36.876657109,T,KO,I,37,70.38
2025-12-05,9:35:36.999018761,T,KO,I,50,70.39
2025-12-05,9:35:36.999024951,T,KO,,100,70.39
2025-12-05,9:35:36.999024951,T,KO,,100,70.39
2025-12-05,9:35:36.999024951,T,KO,I,1,70.39
2025-12-05,9:35:37.340278056,T,KO,F,100,70.39
2025-12-05,9:35:37.340280392,T,KO,F I,17,70.39
2025-12-05,9:35:37.340280392,T,KO,F I,46,70.39
2025-12-05,9:35:38.024488797,T,KO,F I,11,70.38
2025-12-05,9:35:38.024488797,T,KO,F,155,70.38
2025-12-05,9:35:38.024508874,T,KO,I,45,70.38
2025-12-05,9:35:38.024508874,T,KO,I,1,70.38
2025-12-05,9:35:38.024532997,T,KO,I,44,70.38
2025-12-05,9:35:38.024551132,T,KO,I,39,70.38
2025-12-05,9:35:38.024572101,T,KO,I,16,70.38
2025-12-05,9:35:38.024572101,T,KO,I,38,70.38
2025-12-05,9:35:38.024620590,T,KO,I,1,70.38
2025-12-05,9:35:38.024623151,T,KO,I,37,70.38
2025-12-05,9:35:38.024957163,T,KO,F I,1,70.38
2025-12-05,9:35:38.024960716,T,KO,F I,37,70.38
2025-12-05,9:35:38.024960716,T,KO,F,100,70.38
2025-12-05,9:35:38.026361296,T,KO,F,100,70.38
2025-12-05,9:35:38.026364334,T,KO,F,110,70.38
2025-12-05,9:35:38.026364334,T,KO,F I,50,70.38
2025-12-05,9:35:38.040137135,T,KO,,100,70.385
2025-12-05,9:35:39.405833755,T,KO,F,100,70.395
2025-12-05,9:35:39.405833755,T,KO,F I,13,70.395
2025-12-05,9:35:39.412383277,T,KO,I,13,70.39
2025-12-05,9:35:40.238381512,T,KO,I,15,70.38
2025-12-05,9:35:40.239064129,T,KO,I,36,70.38
2025-12-05,9:35:40.239067523,T,KO,I,1,70.38
2025-12-05,9:35:40.239070105,T,KO,I,50,70.38
2025-12-05,9:35:40.819016366,T,KO,F I,24,70.4
2025-12-05,9:35:40.819019481,T,KO,F I,1,70.4
2025-12-05,9:35:40.819019481,T,KO,F I,36,70.4
2025-12-05,9:35:41.134870651,T,KO,I,10,70.4
2025-12-05,9:35:41.139658011,T,KO,F I,37,70.405
2025-12-05,9:35:41.139970831,T,KO,I,36,70.4
2025-12-05,9:35:41.139970831,T,KO,I,1,70.4
2025-12-05,9:35:43.182113489,T,KO,F I,87,70.395
2025-12-05,9:35:43.187003234,T,KO,I,1,70.4
2025-12-05,9:35:43.187003234,T,KO,I,36,70.4
2025-12-05,9:35:43.187006035,T,KO,I,50,70.4
2025-12-05,9:35:44.677289414,T,KO,I,10,70.4
2025-12-05,9:35:44.677316905,T,KO,F I,59,70.4
2025-12-05,9:35:45.030089651,T,KO,I,50,70.4
2025-12-05,9:35:45.814652353,T,KO,F I,10,70.41
2025-12-05,9:35:47.126192775,T,KO,I,1,70.41
2025-12-05,9:35:47.480256012,T,KO,,110,70.41
2025-12-05,9:35:49.100184088,T,KO,I,1,70.42
2025-12-05,9:35:52.028588502,T,KO,,100,70.43
2025-12-05,9:35:52.028588502,T,KO,I,20,70.43
2025-12-05,9:35:55.002527328,T,KO,,100,70.44
2025-12-05,9:35:55.002530323,T,KO,I,50,70.44
2025-12-05,9:35:55.002539527,T,KO,F,150,70.44
2025-12-05,9:35:55.002539527,T,KO,I,40,70.44
2025-12-05,9:36:00.177071233,T,KO,F I,50,70.44
2025-12-05,9:36:00.549823938,T,KO,,100,70.44
2025-12-05,9:36:06.196654718,T,KO,F I,37,70.44
2025-12-05,9:36:06.196654718,T,KO,F,263,70.44
2025-12-05,9:36:06.272723755,T,KO,F I,22,70.43
2025-12-05,9:36:06.278181770,T,KO,F,100,70.42
2025-12-05,9:36:06.278184734,T,KO,F I,14,70.42
2025-12-05,9:36:06.278205761,T,KO,I,1,70.42
2025-12-05,9:36:06.278620922,T,KO,,100,70.42
2025-12-05,9:36:06.278623863,T,KO,I,90,70.42
2025-12-05,9:36:06.278656865,T,KO,F I,10,70.42
2025-12-05,9:36:06.278656865,T,KO,F I,39,70.42
2025-12-05,9:36:06.278659867,T,KO,F I,50,70.42
2025-12-05,9:36:06.575202157,T,KO,F I,30,70.42
2025-12-05,9:36:06.575223130,T,KO,F I,9,70.42
2025-12-05,9:36:06.575226146,T,KO,F I,2,70.42
2025-12-05,9:36:06.575229583,T,KO,F,100,70.42
2025-12-05,9:36:06.575250283,T,KO,F I,15,70.42
2025-12-05,9:36:06.675109140,T,KO,,100,70.4
2025-12-05,9:36:06.675109140,T,KO,,100,70.4
2025-12-05,9:36:06.675115088,T,KO,,190,70.4
2025-12-05,9:36:06.675157184,T,KO,I,39,70.4
2025-12-05,9:36:06.675160162,T,KO,,100,70.4
2025-12-05,9:36:06.802985575,T,KO,,100,70.405
2025-12-05,9:36:06.803472784,T,KO,F I,25,70.4
2025-12-05,9:36:06.803725413,T,KO,F I,14,70.4
2025-12-05,9:36:06.803725413,T,KO,F I,42,70.4
2025-12-05,9:36:06.804014027,T,KO,F I,58,70.4
2025-12-05,9:36:06.804017097,T,KO,F I,8,70.4
2025-12-05,9:36:06.804038153,T,KO,I,85,70.4
2025-12-05,9:36:07.036771498,T,KO,F I,10,70.39
2025-12-05,9:36:07.038584735,T,KO,F I,10,70.38
2025-12-05,9:36:07.040662875,T,KO,I,39,70.38
2025-12-05,9:36:07.040665710,T,KO,,100,70.38
2025-12-05,9:36:07.112633036,T,KO,F I,56,70.38
2025-12-05,9:36:07.112672525,T,KO,F I,15,70.38
2025-12-05,9:36:07.112717595,T,KO,F I,10,70.38
2025-12-05,9:36:07.112861591,T,KO,F I,56,70.38
2025-12-05,9:36:07.112903686,T,KO,F I,5,70.38
2025-12-05,9:36:07.112963897,T,KO,F I,29,70.38
2025-12-05,9:36:07.112963897,T,KO,F I,27,70.38
2025-12-05,9:36:07.113005925,T,KO,F I,12,70.38
2025-12-05,9:36:07.114059253,T,KO,I,50,70.38
2025-12-05,9:36:07.114059253,T,KO,I,25,70.38
2025-12-05,9:36:07.114061952,T,KO,I,39,70.38
2025-12-05,9:36:07.114064630,T,KO,,100,70.38
2025-12-05,9:36:07.114064630,T,KO,,100,70.38
2025-12-05,9:36:07.114404259,T,KO,,100,70.38
2025-12-05,9:36:07.121765959,T,KO,F I,39,70.38
2025-12-05,9:36:07.121765959,T,KO,F I,17,70.38
2025-12-05,9:36:07.122316086,T,KO,F I,5,70.38
2025-12-05,9:36:07.122646994,T,KO,F I,56,70.38
2025-12-05,9:36:07.125371445,T,KO,F I,56,70.38
2025-12-05,9:36:07.128492890,T,KO,F I,6,70.38
2025-12-05,9:36:07.128853675,T,KO,I,17,70.38
2025-12-05,9:36:07.128856780,T,KO,I,54,70.38
2025-12-05,9:36:07.128856780,T,KO,I,50,70.38
2025-12-05,9:36:07.130354396,T,KO,F I,39,70.38
2025-12-05,9:36:07.130354396,T,KO,F I,17,70.38
2025-12-05,9:36:07.167036570,T,KO,,100,70.38
2025-12-05,9:36:07.167039144,T,KO,I,39,70.38
2025-12-05,9:36:07.167041646,T,KO,,100,70.38
2025-12-05,9:36:07.276610607,T,KO,F I,39,70.38
2025-12-05,9:36:07.276610607,T,KO,F I,17,70.38
2025-12-05,9:36:07.294797958,T,KO,F I,56,70.38
2025-12-05,9:36:07.331280827,T,KO,F,100,70.38
2025-12-05,9:36:07.331280827,T,KO,F I,39,70.38
2025-12-05,9:36:07.376999025,T,KO,F I,39,70.38
2025-12-05,9:36:07.376999025,T,KO,F I,61,70.38
2025-12-05,9:36:07.377789612,T,KO,,100,70.38
2025-12-05,9:36:07.377793340,T,KO,I,6,70.38
2025-12-05,9:36:07.377793340,T,KO,I,39,70.38
2025-12-05,9:36:07.377796072,T,KO,I,50,70.38
2025-12-05,9:36:07.377799144,T,KO,,100,70.38
2025-12-05,9:36:07.491830238,T,KO,F I,39,70.38
2025-12-05,9:36:07.493604637,T,KO,I,14,70.38
2025-12-05,9:36:07.493629399,T,KO,F I,39,70.38
2025-12-05,9:36:07.493631463,T,KO,F I,39,70.38
2025-12-05,9:36:07.493634488,T,KO,F I,1,70.38
2025-12-05,9:36:07.494028443,T,KO,F I,56,70.38
2025-12-05,9:36:07.503359647,T,KO,F I,39,70.38
2025-12-05,9:36:07.503363361,T,KO,F I,1,70.38
2025-12-05,9:36:07.503363361,T,KO,F I,2,70.38
2025-12-05,9:36:07.503365732,T,KO,F I,39,70.38
2025-12-05,9:36:07.503368736,T,KO,F,100,70.38
2025-12-05,9:36:07.567776041,T,KO,F,100,70.37
2025-12-05,9:36:07.567812205,T,KO,,190,70.37
2025-12-05,9:36:07.567867469,T,KO,I,39,70.37
2025-12-05,9:36:07.567870060,T,KO,,100,70.37
2025-12-05,9:36:07.567872295,T,KO,I,39,70.37
2025-12-05,9:36:07.567872295,T,KO,I,1,70.37
2025-12-05,9:36:07.586766630,T,KO,F I,39,70.37
2025-12-05,9:36:07.586766630,T,KO,F I,11,70.37
2025-12-05,9:36:07.588964497,T,KO,F I,5,70.37
2025-12-05,9:36:07.621319515,T,KO,I,39,70.38
2025-12-05,9:36:07.621319515,T,KO,,100,70.38
2025-12-05,9:36:07.621321651,T,KO,I,50,70.38
2025-12-05,9:36:07.621324655,T,KO,I,25,70.38
2025-12-05,9:36:07.621339759,T,KO,I,1,70.38
2025-12-05,9:36:07.621339759,T,KO,I,45,70.38
2025-12-05,9:36:07.621342652,T,KO,I,1,70.38
2025-12-05,9:36:07.849060238,T,KO,F,100,70.38
2025-12-05,9:36:07.849075017,T,KO,F I,50,70.38
2025-12-05,9:36:11.053909670,T,KO,,100,70.39
2025-12-05,9:36:11.053912777,T,KO,I,90,70.39
2025-12-05,9:36:12.142072287,T,KO,,100,70.39
2025-12-05,9:36:12.275596297,T,KO,,100,70.39
2025-12-05,9:36:12.275599343,T,KO,I,90,70.39
2025-12-05,9:36:14.116102783,T,KO,F I,11,70.39
2025-12-05,9:36:14.116589866,T,KO,I,39,70.4
2025-12-05,9:36:14.400631354,T,KO,,100,70.395
2025-12-05,9:36:21.375650232,T,KO,I,20,70.4
2025-12-05,9:36:23.447509732,T,KO,F,100,70.4
2025-12-05,9:36:23.632044190,T,KO,,100,70.4
2025-12-05,9:36:29.780421452,T,KO,F I,94,70.41
2025-12-05,9:36:29.780424335,T,KO,F,192,70.41
2025-12-05,9:36:29.780442330,T,KO,I,1,70.41
2025-12-05,9:36:29.780467679,T,KO,I,7,70.41
2025-12-05,9:36:30.646899028,T,KO,,100,70.415
2025-12-05,9:36:30.663675885,T,KO,,100,70.415
2025-12-05,9:36:31.120175166,T,KO,F I,50,70.42
2025-12-05,9:36:33.540360116,T,KO,,100,70.42
2025-12-05,9:36:42.612627928,T,KO,I,11,70.42
2025-12-05,9:36:42.612627928,T,KO,I,50,70.42
2025-12-05,9:36:42.612709104,T,KO,I,44,70.42
2025-12-05,9:36:42.612748318,T,KO,I,49,70.42
2025-12-05,9:36:42.612751152,T,KO,,100,70.42
2025-12-05,9:36:42.612754510,T,KO,,100,70.42
2025-12-05,9:36:42.612754510,T,KO,I,1,70.42
2025-12-05,9:36:42.612757896,T,KO,I,25,70.42
2025-12-05,9:36:42.612760606,T,KO,,100,70.42
2025-12-05,9:36:42.612772664,T,KO,I,1,70.42
2025-12-05,9:36:42.616137303,T,KO,I,12,70.415
2025-12-05,9:36:42.616389992,T,KO,I,38,70.415
2025-12-05,9:36:42.627254696,T,KO,,100,70.41
2025-12-05,9:36:42.627267508,T,KO,F,100,70.41
2025-12-05,9:36:42.627269900,T,KO,F I,17,70.41
2025-12-05,9:36:42.627272845,T,KO,F I,73,70.41
2025-12-05,9:36:42.627288389,T,KO,F I,10,70.41
2025-12-05,9:36:42.627288389,T,KO,F I,90,70.41
2025-12-05,9:36:42.627305827,T,KO,F I,10,70.41
2025-12-05,9:36:44.109511880,T,KO,F I,49,70.41
2025-12-05,9:36:45.136875776,T,KO,I,50,70.41
2025-12-05,9:36:48.050520906,T,KO,I,50,70.41
2025-12-05,9:36:49.266505950,T,KO,I,10,70.415
2025-12-05,9:36:49.879248312,T,KO,F I,1,70.42
2025-12-05,9:36:49.879765472,T,KO,I,50,70.42
2025-12-05,9:36:51.718371450,T,KO,F I,10,70.43
2025-12-05,9:36:51.718374384,T,KO,F,100,70.43
2025-12-05,9:36:51.718374384,T,KO,F I,1,70.43
2025-12-05,9:36:54.789032599,T,KO,,100,70.435
2025-12-05,9:36:55.716949595,T,KO,I,10,70.43
2025-12-05,9:36:57.723839176,T,KO,I,2,70.44
2025-12-05,9:36:58.774945024,T,KO,I,11,70.44
2025-12-05,9:37:03.140724517,T,KO,F I,50,70.43
2025-12-05,9:37:03.140724517,T,KO,F,100,70.43
2025-12-05,9:37:03.140745304,T,KO,I,1,70.43
2025-12-05,9:37:03.141148236,T,KO,I,99,70.43
2025-12-05,9:37:03.141151175,T,KO,I,51,70.43
2025-12-05,9:37:03.174392362,T,KO,I,26,70.43
2025-12-05,9:37:05.069027690,T,KO,F I,47,70.44
2025-12-05,9:37:05.069036717,T,KO,I,53,70.44
2025-12-05,9:37:05.069060799,T,KO,I,1,70.44
2025-12-05,9:37:05.069060799,T,KO,I,25,70.44
2025-12-05,9:37:05.069079739,T,KO,I,21,70.44
2025-12-05,9:37:05.069081926,T,KO,,100,70.44
2025-12-05,9:37:05.069085186,T,KO,,100,70.445
2025-12-05,9:37:05.069089031,T,KO,I,1,70.45
2025-12-05,9:37:05.069089031,T,KO,I,25,70.45
2025-12-05,9:37:05.069094969,T,KO,I,53,70.45
2025-12-05,9:37:05.069094969,T,KO,,100,70.45
2025-12-05,9:37:05.069100262,T,KO,I,47,70.45
2025-12-05,9:37:05.069105879,T,KO,I,1,70.45
2025-12-05,9:37:05.069112894,T,KO,I,99,70.45
2025-12-05,9:37:05.069112894,T,KO,I,1,70.45
2025-12-05,9:37:05.069199128,T,KO,F I,1,70.45
2025-12-05,9:37:05.069256265,T,KO,F,170,70.45
2025-12-05,9:37:05.069268820,T,KO,F I,19,70.45
2025-12-05,9:37:05.069629094,T,KO,F,100,70.445
2025-12-05,9:37:05.069632185,T,KO,F I,1,70.44
2025-12-05,9:37:05.069632185,T,KO,F I,24,70.44
2025-12-05,9:37:05.069671284,T,KO,F I,50,70.45
2025-12-05,9:37:06.883513223,T,KO,F I,46,70.44
2025-12-05,9:37:10.851517461,T,KO,I,11,70.45
2025-12-05,9:37:12.242639595,T,KO,F I,8,70.46
2025-12-05,9:37:12.242642715,T,KO,F I,2,70.46
2025-12-05,9:37:17.739238509,T,KO,I,20,70.46
2025-12-05,9:37:18.251923539,T,KO,I,33,70.46
2025-12-05,9:37:18.661598226,T,KO,I,37,70.46
2025-12-05,9:37:19.164540013,T,KO,,100,70.46
2025-12-05,9:37:19.203991022,T,KO,F,100,70.455
2025-12-05,9:37:19.203991022,T,KO,F I,64,70.45
2025-12-05,9:37:19.204033094,T,KO,I,36,70.45
2025-12-05,9:37:19.204036093,T,KO,I,21,70.45
2025-12-05,9:37:19.204039612,T,KO,,100,70.45
2025-12-05,9:37:19.204039612,T,KO,,164,70.45
2025-12-05,9:37:19.224680565,T,KO,I,78,70.445
2025-12-05,9:37:19.224684142,T,KO,F I,22,70.445
2025-12-05,9:37:19.224684142,T,KO,F I,25,70.44
2025-12-05,9:37:19.224686282,T,KO,F I,43,70.44
2025-12-05,9:37:19.225405057,T,KO,I,10,70.44
2025-12-05,9:37:20.222020618,T,KO,F,160,70.44
2025-12-05,9:37:20.908754194,T,KO,F I,50,70.44
2025-12-05,9:37:21.226205229,T,KO,I,10,70.43
2025-12-05,9:37:21.226217215,T,KO,F I,12,70.43
2025-12-05,9:37:21.227435141,T,KO,,100,70.43
2025-12-05,9:37:24.729278295,T,KO,I,10,70.43
2025-12-05,9:37:24.729618109,T,KO,I,25,70.43
2025-12-05,9:37:24.729696261,T,KO,F I,18,70.43
2025-12-05,9:37:27.127495883,T,KO,I,34,70.44
2025-12-05,9:37:27.127513938,T,KO,F I,24,70.44
2025-12-05,9:37:27.127850747,T,KO,I,42,70.44
2025-12-05,9:37:28.402992713,T,KO,I,43,70.44
2025-12-05,9:37:28.402992713,T,KO,I,10,70.44
2025-12-05,9:37:28.403011212,T,KO,I,50,70.44
2025-12-05,9:37:28.403043824,T,KO,I,50,70.44
2025-12-05,9:37:32.506830399,T,KO,F I,10,70.4
2025-12-05,9:37:32.529137575,T,KO,F I,50,70.4
2025-12-05,9:37:32.529137575,T,KO,F I,17,70.4
2025-12-05,9:37:41.543159719,T,KO,F,100,70.41
2025-12-05,9:37:42.134082053,T,KO,F I,36,70.42
2025-12-05,9:37:42.134746662,T,KO,,110,70.425
2025-12-05,9:37:45.051675738,T,KO,F I,2,70.44
2025-12-05,9:37:45.051678669,T,KO,F,117,70.44
2025-12-05,9:37:47.716718801,T,KO,,110,70.45
2025-12-05,9:37:47.716718801,T,KO,I,80,70.45
2025-12-05,9:37:59.078330126,T,KO,F,110,70.445
2025-12-05,9:37:59.078330126,T,KO,F I,90,70.445
2025-12-05,9:38:01.949583300,T,KO,F,100,70.445
2025-12-05,9:38:01.949586677,T,KO,F,110,70.44
2025-12-05,9:38:01.949604622,T,KO,F I,90,70.44
2025-12-05,9:38:01.949607473,T,KO,F I,10,70.44
2025-12-05,9:38:01.949610359,T,KO,I,7,70.44
2025-12-05,9:38:01.949610359,T,KO,I,1,70.44
2025-12-05,9:38:01.949613381,T,KO,I,92,70.44
2025-12-05,9:38:02.012066175,T,KO,I,40,70.44
2025-12-05,9:38:02.012069112,T,KO,I,10,70.44
2025-12-05,9:38:02.286944728,T,KO,F I,40,70.44
2025-12-05,9:38:02.288253448,T,KO,I,25,70.44
2025-12-05,9:38:02.288253448,T,KO,,100,70.44
2025-12-05,9:38:02.289594019,T,KO,I,40,70.44
2025-12-05,9:38:02.289597070,T,KO,,100,70.44
2025-12-05,9:38:03.441968604,T,KO,F I,40,70.44
2025-12-05,9:38:05.145667117,T,KO,I,2,70.435
2025-12-05,9:38:05.145670203,T,KO,I,2,70.435
2025-12-05,9:38:07.012392980,T,KO,F I,1,70.44
2025-12-05,9:38:07.012392980,T,KO,F I,50,70.44
2025-12-05,9:38:07.012395993,T,KO,F I,59,70.44
2025-12-05,9:38:07.012895491,T,KO,,100,70.445
2025-12-05,9:38:07.012895491,T,KO,I,38,70.44
2025-12-05,9:38:07.012898260,T,KO,I,62,70.44
2025-12-05,9:38:07.012916938,T,KO,I,1,70.44
2025-12-05,9:38:07.012916938,T,KO,I,7,70.44
2025-12-05,9:38:08.173004083,T,KO,,100,70.445
2025-12-05,9:38:08.551037414,T,KO,F I,1,70.44
2025-12-05,9:38:08.551041047,T,KO,F,200,70.44
2025-12-05,9:38:10.127719609,T,KO,F I,14,70.43
2025-12-05,9:38:15.506497860,T,KO,F I,10,70.42
2025-12-05,9:38:15.506497860,T,KO,F I,10,70.42
2025-12-05,9:38:17.349891565,T,KO,I,1,70.415
2025-12-05,9:38:19.793002706,T,KO,F,200,70.41
2025-12-05,9:38:21.648902722,T,KO,I,38,70.4
2025-12-05,9:38:22.961180096,T,KO,,100,70.405
2025-12-05,9:38:24.257648813,T,KO,F I,50,70.405
2025-12-05,9:38:25.672792176,T,KO,F I,10,70.39
2025-12-05,9:38:25.700329842,T,KO,F I,37,70.39
2025-12-05,9:38:25.700329842,T,KO,F I,2,70.39
2025-12-05,9:38:25.700335082,T,KO,F,100,70.39
2025-12-05,9:38:25.700335082,T,KO,F I,70,70.39
2025-12-05,9:38:25.700337887,T,KO,F I,25,70.39
2025-12-05,9:38:28.634034779,T,KO,F I,37,70.4
2025-12-05,9:38:30.611770227,T,KO,F I,50,70.4
2025-12-05,9:38:35.543464560,T,KO,I,12,70.42
2025-12-05,9:38:35.543940089,T,KO,F I,88,70.425
2025-12-05,9:38:35.543940089,T,KO,F I,35,70.42
2025-12-05,9:38:35.543945690,T,KO,F,100,70.42
2025-12-05,9:38:35.543945690,T,KO,F I,1,70.42
2025-12-05,9:38:35.543948680,T,KO,F I,12,70.42
2025-12-05,9:38:35.543960692,T,KO,I,1,70.42
2025-12-05,9:38:35.543960692,T,KO,I,7,70.42
2025-12-05,9:38:35.543969733,T,KO,F I,1,70.42
2025-12-05,9:38:43.285454063,T,KO,F I,1,70.405
2025-12-05,9:38:43.285463156,T,KO,I,99,70.405
2025-12-05,9:38:43.285685622,T,KO,I,10,70.4
2025-12-05,9:38:43.285688658,T,KO,I,9,70.4
2025-12-05,9:38:43.285706703,T,KO,I,83,70.4
2025-12-05,9:38:43.285709817,T,KO,I,94,70.4
2025-12-05,9:38:43.285727813,T,KO,I,14,70.4
2025-12-05,9:38:43.301431183,T,KO,I,9,70.395
2025-12-05,9:38:44.102361674,T,KO,,100,70.395
2025-12-05,9:38:44.102403822,T,KO,,100,70.395
2025-12-05,9:38:44.102403822,T,KO,,100,70.39
2025-12-05,9:38:44.102406792,T,KO,I,25,70.39
2025-12-05,9:38:44.103240002,T,KO,I,33,70.39
2025-12-05,9:38:44.103240002,T,KO,I,35,70.39
2025-12-05,9:38:45.151641724,T,KO,F I,33,70.39
2025-12-05,9:38:50.395049797,T,KO,F I,2,70.39
2025-12-05,9:38:50.395049797,T,KO,F I,1,70.39
2025-12-05,9:38:50.395052764,T,KO,F I,50,70.39
2025-12-05,9:38:50.395055571,T,KO,F I,2,70.39
2025-12-05,9:38:50.395055571,T,KO,F I,31,70.39
2025-12-05,9:38:50.400721067,T,KO,,100,70.395
2025-12-05,9:38:50.405917911,T,KO,F I,33,70.39
2025-12-05,9:38:50.405920453,T,KO,F I,1,70.39
2025-12-05,9:38:50.405920453,T,KO,F,100,70.39
2025-12-05,9:38:52.833211304,T,KO,I,50,70.39
2025-12-05,9:38:57.157251694,T,KO,I,1,70.385
2025-12-05,9:39:01.002641978,T,KO,I,99,70.385
2025-12-05,9:39:02.353729867,T,KO,,100,70.385
2025-12-05,9:39:06.132451239,T,KO,F I,33,70.39
2025-12-05,9:39:06.132451239,T,KO,F I,50,70.39
2025-12-05,9:39:06.132454600,T,KO,F I,55,70.39
2025-12-05,9:39:06.132454600,T,KO,F I,1,70.39
2025-12-05,9:39:06.132457262,T,KO,F,100,70.39
2025-12-05,9:39:09.252565379,T,KO,F I,29,70.4
2025-12-05,9:39:12.906868528,T,KO,,100,70.395
2025-12-05,9:39:12.906868528,T,KO,,100,70.395
2025-12-05,9:39:14.898099938,T,KO,I,90,70.405
2025-12-05,9:39:15.600118857,T,KO,I,27,70.405
2025-12-05,9:39:16.944215389,T,KO,I,2,70.42
2025-12-05,9:39:16.944215389,T,KO,I,25,70.42
2025-12-05,9:39:18.421206599,T,KO,I,1,70.44
2025-12-05,9:39:27.163787469,T,KO,I,1,70.455
2025-12-05,9:39:29.895391100,T,KO,F I,10,70.46
2025-12-05,9:39:29.895391100,T,KO,F I,34,70.46
2025-12-05,9:39:29.895411924,T,KO,F,122,70.46
2025-12-05,9:39:41.049796704,T,KO,F I,80,70.48
2025-12-05,9:39:41.050343957,T,KO,I,35,70.48
2025-12-05,9:39:41.050346967,T,KO,,100,70.48
2025-12-05,9:39:42.628562742,T,KO,I,1,70.48
2025-12-05,9:39:42.628562742,T,KO,I,35,70.48
2025-12-05,9:39:42.629780617,T,KO,I,2,70.485
2025-12-05,9:39:45.148961487,T,KO,F,100,70.485
2025-12-05,9:39:45.148961487,T,KO,F I,1,70.48
2025-12-05,9:39:45.148964474,T,KO,F I,60,70.48
2025-12-05,9:39:45.148997510,T,KO,I,10,70.48
2025-12-05,9:39:45.149000512,T,KO,F I,90,70.48
2025-12-05,9:39:47.211973868,T,KO,I,10,70.475
2025-12-05,9:39:58.741950051,T,KO,F I,10,70.48
2025-12-05,9:39:59.597400429,T,KO,,100,70.485
2025-12-05,9:40:00.959975530,T,KO,F I,37,70.485
2025-12-05,9:40:02.030164431,T,KO,F I,50,70.485
2025-12-05,9:40:02.675895260,T,KO,I,50,70.49
2025-12-05,9:40:03.062399942,T,KO,,100,70.495
2025-12-05,9:40:03.062399942,T,KO,,110,70.495
2025-12-05,9:40:03.064435628,T,KO,,100,70.495
2025-12-05,9:40:03.398275685,T,KO,I,21,70.495
2025-12-05,9:40:08.397892946,T,KO,I,3,70.5
2025-12-05,9:40:09.105535743,T,KO,I,8,70.51
2025-12-05,9:40:09.105550324,T,KO,F I,13,70.51
2025-12-05,9:40:09.112109180,T,KO,I,19,70.505
2025-12-05,9:40:11.052209580,T,KO,,100,70.505
2025-12-05,9:40:15.059797179,T,KO,,100,70.505
2025-12-05,9:40:17.759936932,T,KO,I,77,70.505
2025-12-05,9:40:22.199704898,T,KO,,100,70.505
2025-12-05,9:40:24.173654389,T,KO,F I,30,70.51
2025-12-05,9:40:24.174198410,T,KO,I,25,70.51
2025-12-05,9:40:24.174493555,T,KO,,100,70.51
2025-12-05,9:40:24.174493555,T,KO,I,37,70.51
2025-12-05,9:40:24.174499128,T,KO,I,6,70.51
2025-12-05,9:40:24.174499128,T,KO,,100,70.51
2025-12-05,9:40:24.174499128,T,KO,I,72,70.51
2025-12-05,9:40:24.174517519,T,KO,I,1,70.51
2025-12-05,9:40:24.174517519,T,KO,I,27,70.51
2025-12-05,9:40:24.174523154,T,KO,I,25,70.51
2025-12-05,9:40:24.174523154,T,KO,I,48,70.51
2025-12-05,9:40:24.174526121,T,KO,I,7,70.51
2025-12-05,9:40:24.174526121,T,KO,,100,70.51
2025-12-05,9:40:24.195793565,T,KO,F I,37,70.52
2025-12-05,9:40:24.943983704,T,KO,F I,30,70.53
2025-12-05,9:40:25.157787867,T,KO,F I,12,70.53
2025-12-05,9:40:25.157787867,T,KO,F I,17,70.53
2025-12-05,9:40:25.157792976,T,KO,F,100,70.53
2025-12-05,9:40:29.039618047,T,KO,,100,70.525
2025-12-05,9:40:32.309004505,T,KO,F,242,70.53
2025-12-05,9:40:32.374626774,T,KO,I,40,70.54
2025-12-05,9:40:32.374665867,T,KO,I,50,70.545
2025-12-05,9:40:32.900338974,T,KO,,100,70.545
2025-12-05,9:40:32.900338974,T,KO,,100,70.545
2025-12-05,9:40:33.571179563,T,KO,,100,70.545
2025-12-05,9:40:33.571179563,T,KO,,110,70.545
2025-12-05,9:40:34.004902479,T,KO,F I,40,70.55
2025-12-05,9:40:34.663495087,T,KO,F,351,70.55
2025-12-05,9:40:36.266757402,T,KO,I,1,70.565
2025-12-05,9:40:38.575064299,T,KO,F I,10,70.56
2025-12-05,9:40:38.575064299,T,KO,F I,38,70.56
2025-12-05,9:40:40.525181683,T,KO,I,10,70.57
2025-12-05,9:40:40.525181683,T,KO,I,39,70.57
2025-12-05,9:40:40.525275637,T,KO,I,25,70.57
2025-12-05,9:40:40.525275637,T,KO,I,38,70.57
2025-12-05,9:40:40.525281221,T,KO,,100,70.57
2025-12-05,9:40:40.525283740,T,KO,I,45,70.57
2025-12-05,9:40:40.525283740,T,KO,I,1,70.57
2025-12-05,9:40:43.196780911,T,KO,F I,3,70.57
2025-12-05,9:40:43.196783278,T,KO,F I,10,70.57
2025-12-05,9:40:43.196786150,T,KO,F,100,70.57
2025-12-05,9:40:43.196789214,T,KO,F I,20,70.57
2025-12-05,9:40:43.196867353,T,KO,F I,10,70.57
2025-12-05,9:40:45.124178935,T,KO,I,45,70.57
2025-12-05,9:40:45.124181561,T,KO,I,25,70.57
2025-12-05,9:40:45.124181561,T,KO,I,2,70.57
2025-12-05,9:40:46.046318742,T,KO,F I,77,70.58
2025-12-05,9:40:46.081562738,T,KO,F,100,70.595
2025-12-05,9:40:46.568771071,T,KO,,110,70.59
2025-12-05,9:40:47.243560206,T,KO,I,99,70.585
2025-12-05,9:40:53.922668323,T,KO,I,3,70.58
2025-12-05,9:40:53.922668323,T,KO,I,11,70.58
2025-12-05,9:40:53.923810992,T,KO,I,3,70.58
2025-12-05,9:40:53.923871130,T,KO,I,3,70.58
2025-12-05,9:40:53.923898233,T,KO,I,60,70.58
2025-12-05,9:40:54.032240340,T,KO,,100,70.575
2025-12-05,9:40:54.659185387,T,KO,,110,70.575
2025-12-05,9:40:54.659188496,T,KO,,120,70.57
2025-12-05,9:40:54.659188496,T,KO,I,60,70.57
2025-12-05,9:40:54.659191460,T,KO,I,10,70.57
2025-12-05,9:40:54.659206713,T,KO,I,1,70.57
2025-12-05,9:40:54.659206713,T,KO,I,7,70.57
2025-12-05,9:40:54.659212490,T,KO,I,44,70.57
2025-12-05,9:40:54.659215524,T,KO,I,56,70.57
2025-12-05,9:40:54.659218486,T,KO,I,44,70.57
2025-12-05,9:40:54.660139327,T,KO,,100,70.57
2025-12-05,9:40:54.660142230,T,KO,I,7,70.57
2025-12-05,9:40:54.660144788,T,KO,I,47,70.57
2025-12-05,9:40:54.660147762,T,KO,I,25,70.57
2025-12-05,9:40:58.874961864,T,KO,,100,70.58
2025-12-05,9:40:58.875437067,T,KO,I,46,70.58
2025-12-05,9:40:58.875437067,T,KO,,100,70.58
2025-12-05,9:40:58.875440095,T,KO,I,47,70.58
2025-12-05,9:40:58.875443836,T,KO,I,6,70.58
2025-12-05,9:40:58.875443836,T,KO,I,25,70.58
2025-12-05,9:40:58.875445953,T,KO,,100,70.58
2025-12-05,9:40:58.875448964,T,KO,,110,70.58
2025-12-05,9:40:58.875448964,T,KO,,100,70.58
2025-12-05,9:40:58.875451975,T,KO,,190,70.58
2025-12-05,9:40:58.877163404,T,KO,I,4,70.58
2025-12-05,9:40:58.877163404,T,KO,I,46,70.58
2025-12-05,9:41:00.869224482,T,KO,F I,53,70.59
2025-12-05,9:41:00.869227810,T,KO,F I,47,70.59
2025-12-05,9:41:00.869239583,T,KO,I,1,70.59
2025-12-05,9:41:00.869260612,T,KO,F I,2,70.59
2025-12-05,9:41:00.869654537,T,KO,I,50,70.59
2025-12-05,9:41:01.282080783,T,KO,F I,10,70.595
2025-12-05,9:41:01.282080783,T,KO,F I,12,70.595
2025-12-05,9:41:01.282144444,T,KO,I,78,70.595
2025-12-05,9:41:01.282147010,T,KO,F I,10,70.59
2025-12-05,9:41:05.021300228,T,KO,I,29,70.58
2025-12-05,9:41:05.021781380,T,KO,,100,70.58
2025-12-05,9:41:05.021844549,T,KO,I,46,70.58
2025-12-05,9:41:05.021901709,T,KO,I,54,70.585
2025-12-05,9:41:06.137952760,T,KO,,100,70.585
2025-12-05,9:41:06.748099935,T,KO,F,100,70.585
2025-12-05,9:41:06.748103317,T,KO,F I,25,70.58
2025-12-05,9:41:06.748103317,T,KO,F I,46,70.58
2025-12-05,9:41:06.748105963,T,KO,F I,40,70.58
2025-12-05,9:41:06.748127267,T,KO,F I,60,70.58
2025-12-05,9:41:06.748127267,T,KO,F I,20,70.58
2025-12-05,9:41:06.748130854,T,KO,F I,20,70.58
2025-12-05,9:41:06.748130854,T,KO,I,1,70.58
2025-12-05,9:41:06.748136351,T,KO,,100,70.58
2025-12-05,9:41:06.748136351,T,KO,I,7,70.58
2025-12-05,9:41:06.748136351,T,KO,F,211,70.58
2025-12-05,9:41:06.748151343,T,KO,F,400,70.585
2025-12-05,9:41:06.748151343,T,KO,F I,81,70.58
2025-12-05,9:41:07.295923653,T,KO,I,1,70.58
2025-12-05,9:41:08.331371039,T,KO,I,18,70.57
2025-12-05,9:41:08.331376657,T,KO,I,10,70.57
2025-12-05,9:41:13.039203018,T,KO,,100,70.565
2025-12-05,9:41:14.661948819,T,KO,,100,70.565
2025-12-05,9:41:15.123039958,T,KO,F I,60,70.56
2025-12-05,9:41:18.097237370,T,KO,,110,70.555
2025-12-05,9:41:18.441812978,T,KO,,100,70.555
2025-12-05,9:41:19.070634645,T,KO,,100,70.555
2025-12-05,9:41:25.277570282,T,KO,I,44,70.55
2025-12-05,9:41:25.277570282,T,KO,I,10,70.55
2025-12-05,9:41:25.277582343,T,KO,F I,60,70.55
2025-12-05,9:41:25.434393714,T,KO,I,40,70.55
2025-12-05,9:41:26.111931485,T,KO,,100,70.555
2025-12-05,9:41:30.580465860,T,KO,,100,70.555
2025-12-05,9:41:30.589358029,T,KO,I,90,70.555
2025-12-05,9:41:32.059201618,T,KO,,100,70.555
2025-12-05,9:41:32.128823402,T,KO,F I,20,70.56
2025-12-05,9:41:32.152075093,T,KO,F,100,70.565
2025-12-05,9:41:32.152075093,T,KO,F I,45,70.56
2025-12-05,9:41:32.152198139,T,KO,F I,44,70.56
2025-12-05,9:41:32.152673555,T,KO,F I,11,70.56
2025-12-05,9:41:32.152673555,T,KO,F I,38,70.56
2025-12-05,9:41:32.152679235,T,KO,F I,40,70.56
2025-12-05,9:41:32.152679235,T,KO,F I,11,70.56
2025-12-05,9:41:32.152694395,T,KO,I,7,70.56
2025-12-05,9:41:32.152694395,T,KO,I,1,70.56
2025-12-05,9:41:32.152880706,T,KO,F I,95,70.56
2025-12-05,9:41:32.152913828,T,KO,I,5,70.56
2025-12-05,9:41:32.154582756,T,KO,F I,38,70.56
2025-12-05,9:41:32.154588752,T,KO,F,100,70.56
2025-12-05,9:41:32.154588752,T,KO,F I,38,70.56
2025-12-05,9:41:32.154591830,T,KO,F I,3,70.56
2025-12-05,9:41:38.179290483,T,KO,,100,70.565
2025-12-05,9:41:39.420024478,T,KO,F,100,70.58
2025-12-05,9:41:39.420039503,T,KO,I,1,70.58
2025-12-05,9:41:40.949765408,T,KO,,120,70.58
2025-12-05,9:41:40.949767975,T,KO,I,38,70.58
2025-12-05,9:41:40.949770757,T,KO,I,10,70.58
2025-12-05,9:41:44.629235282,T,KO,F I,60,70.58
2025-12-05,9:41:44.629241365,T,KO,F I,60,70.58
2025-12-05,9:41:44.629244242,T,KO,F I,25,70.58
2025-12-05,9:41:44.629250681,T,KO,F,100,70.58
2025-12-05,9:41:48.540593426,T,KO,I,20,70.57
2025-12-05,9:41:50.609824552,T,KO,F I,10,70.56
2025-12-05,9:41:50.609827647,T,KO,I,10,70.56
2025-12-05,9:41:50.609833589,T,KO,I,10,70.56
2025-12-05,9:41:50.609917821,T,KO,I,35,70.56
2025-12-05,9:41:50.609975009,T,KO,I,10,70.56
2025-12-05,9:41:50.610011041,T,KO,I,8,70.56
2025-12-05,9:41:51.688812995,T,KO,I,2,70.57
2025-12-05,9:41:51.688815300,T,KO,,200,70.57
2025-12-05,9:41:51.688818304,T,KO,I,25,70.57
2025-12-05,9:41:52.344620323,T,KO,I,25,70.57
2025-12-05,9:41:55.131011404,T,KO,I,20,70.585
2025-12-05,9:41:56.442257989,T,KO,I,7,70.58
2025-12-05,9:41:56.442281407,T,KO,F I,3,70.58
2025-12-05,9:41:57.186969014,T,KO,I,1,70.575
2025-12-05,9:41:57.875263202,T,KO,F I,25,70.58
2025-12-05,9:42:00.651863179,T,KO,F I,10,70.58
2025-12-05,9:42:00.925893783,T,KO,F I,10,70.57
2025-12-05,9:42:02.993443791,T,KO,,120,70.565
2025-12-05,9:42:04.822044925,T,KO,,100,70.575
2025-12-05,9:42:10.272137990,T,KO,I,54,70.59
2025-12-05,9:42:21.969029800,T,KO,,100,70.6
2025-12-05,9:42:21.969032814,T,KO,,120,70.6
2025-12-05,9:42:21.969234186,T,KO,I,32,70.6
2025-12-05,9:42:21.969237213,T,KO,I,4,70.6
2025-12-05,9:42:21.969264997,T,KO,I,96,70.6
2025-12-05,9:42:21.969267350,T,KO,,100,70.6
2025-12-05,9:42:23.099993327,T,KO,,100,70.605
2025-12-05,9:42:26.970553551,T,KO,I,9,70.62
2025-12-05,9:42:26.971034712,T,KO,I,91,70.62
2025-12-05,9:42:26.971037755,T,KO,I,11,70.62
2025-12-05,9:42:28.309672932,T,KO,F I,32,70.62
2025-12-05,9:42:28.309679576,T,KO,F I,6,70.62
2025-12-05,9:42:28.309679576,T,KO,F,100,70.62
2025-12-05,9:42:28.309684836,T,KO,F I,25,70.62
2025-12-05,9:42:28.309684836,T,KO,F I,3,70.62
2025-12-05,9:42:29.183683429,T,KO,I,6,70.62
2025-12-05,9:42:29.821745997,T,KO,,100,70.615
2025-12-05,9:42:31.711434614,T,KO,,100,70.62
2025-12-05,9:42:31.991777270,T,KO,,100,70.62
2025-12-05,9:42:32.004747233,T,KO,I,10,70.61
2025-12-05,9:42:32.004747233,T,KO,,100,70.61
2025-12-05,9:42:35.397842219,T,KO,I,10,70.595
2025-12-05,9:42:36.135817777,T,KO,F,100,70.59
2025-12-05,9:42:38.041026317,T,KO,,100,70.575
2025-12-05,9:42:38.041062582,T,KO,I,60,70.57
2025-12-05,9:42:38.041068465,T,KO,I,55,70.57
2025-12-05,9:42:38.041087143,T,KO,I,7,70.57
2025-12-05,9:42:38.041089830,T,KO,,100,70.57
2025-12-05,9:42:38.041089830,T,KO,I,1,70.57
2025-12-05,9:42:38.041095553,T,KO,I,37,70.57
2025-12-05,9:42:38.041098501,T,KO,,100,70.57
2025-12-05,9:42:38.041104525,T,KO,I,20,70.57
2025-12-05,9:42:38.041104525,T,KO,I,8,70.57
2025-12-05,9:42:38.041107537,T,KO,I,17,70.57
2025-12-05,9:42:38.041107537,T,KO,I,83,70.57
2025-12-05,9:42:40.391908307,T,KO,F I,25,70.57
2025-12-05,9:42:42.731038276,T,KO,F,100,70.57
2025-12-05,9:42:42.731041244,T,KO,F I,39,70.57
2025-12-05,9:42:42.731056316,T,KO,I,7,70.57
2025-12-05,9:42:42.731059697,T,KO,I,1,70.57
2025-12-05,9:42:42.731164606,T,KO,F I,38,70.57
2025-12-05,9:42:42.733492104,T,KO,I,33,70.57
2025-12-05,9:42:43.183565077,T,KO,,200,70.575
2025-12-05,9:42:44.569196036,T,KO,I,33,70.57
2025-12-05,9:42:45.291817079,T,KO,F I,10,70.56
2025-12-05,9:42:58.694680834,T,KO,F I,10,70.52
2025-12-05,9:42:58.694680834,T,KO,F I,10,70.52
2025-12-05,9:42:58.694683890,T,KO,F,100,70.52
2025-12-05,9:42:58.694683890,T,KO,F I,15,70.52
2025-12-05,9:42:58.694698968,T,KO,F I,85,70.52
2025-12-05,9:43:00.164016285,T,KO,F I,60,70.51
2025-12-05,9:43:03.198931379,T,KO,,100,70.51
2025-12-05,9:43:03.198934392,T,KO,I,20,70.51
2025-12-05,9:43:04.211117963,T,KO,F I,25,70.52
2025-12-05,9:43:04.270202748,T,KO,,100,70.545
2025-12-05,9:43:04.411728779,T,KO,I,25,70.54
2025-12-05,9:43:04.412068540,T,KO,I,32,70.54
2025-12-05,9:43:05.990570008,T,KO,F I,21,70.55
2025-12-05,9:43:05.991547275,T,KO,I,29,70.55
2025-12-05,9:43:08.450413518,T,KO,F I,32,70.55
2025-12-05,9:43:08.450416417,T,KO,F I,10,70.55
2025-12-05,9:43:08.451640344,T,KO,I,1,70.545
2025-12-05,9:43:12.038935037,T,KO,,100,70.545
2025-12-05,9:43:19.634409696,T,KO,F I,25,70.57
2025-12-05,9:43:21.138053846,T,KO,F I,30,70.57
2025-12-05,9:43:21.138056854,T,KO,F I,10,70.57
2025-12-05,9:43:28.125134530,T,KO,F I,25,70.575
2025-12-05,9:43:36.549292863,T,KO,F I,5,70.6
2025-12-05,9:43:38.254197219,T,KO,I,34,70.605
2025-12-05,9:43:39.330201865,T,KO,,100,70.605
2025-12-05,9:43:41.790800095,T,KO,I,5,70.61
2025-12-05,9:43:41.790800095,T,KO,I,10,70.61
2025-12-05,9:43:45.117626448,T,KO,,100,70.605
2025-12-05,9:43:47.056187499,T,KO,F I,34,70.61
2025-12-05,9:43:47.057020440,T,KO,I,33,70.61
2025-12-05,9:43:47.057023791,T,KO,I,6,70.61
2025-12-05,9:43:47.057261017,T,KO,F,140,70.61
2025-12-05,9:43:48.165637753,T,KO,I,6,70.61
2025-12-05,9:43:48.165640739,T,KO,I,1,70.61
2025-12-05,9:43:48.166425540,T,KO,I,32,70.61
2025-12-05,9:43:48.166602961,T,KO,F,100,70.61
2025-12-05,9:43:48.166606276,T,KO,F I,33,70.61
2025-12-05,9:43:48.166609123,T,KO,F I,6,70.61
2025-12-05,9:43:48.166609123,T,KO,F,100,70.61
2025-12-05,9:43:48.168569655,T,KO,I,33,70.61
2025-12-05,9:43:48.168572654,T,KO,I,6,70.61
2025-12-05,9:43:48.168572654,T,KO,I,33,70.61
2025-12-05,9:43:48.168575678,T,KO,,100,70.61
2025-12-05,9:43:50.186597896,T,KO,,120,70.615
2025-12-05,9:43:50.186597896,T,KO,I,33,70.61
2025-12-05,9:43:50.201991664,T,KO,I,32,70.61
2025-12-05,9:43:50.201994604,T,KO,I,16,70.61
2025-12-05,9:43:53.898855189,T,KO,F I,32,70.61
2025-12-05,9:43:56.423584779,T,KO,F I,10,70.6
2025-12-05,9:43:56.423584779,T,KO,F I,25,70.6
2025-12-05,9:43:56.458229749,T,KO,F I,3,70.59
2025-12-05,9:43:56.458244850,T,KO,I,9,70.59
2025-12-05,9:43:56.458271834,T,KO,I,88,70.59
2025-12-05,9:43:56.458274916,T,KO,I,9,70.59
2025-12-05,9:43:56.458287023,T,KO,I,91,70.59
2025-12-05,9:43:56.458287023,T,KO,I,32,70.6
2025-12-05,9:43:56.458290089,T,KO,I,6,70.6
2025-12-05,9:43:56.458290089,T,KO,I,25,70.6
2025-12-05,9:43:56.458295959,T,KO,,100,70.6
2025-12-05,9:43:56.458861510,T,KO,,100,70.6
2025-12-05,9:43:56.458861510,T,KO,I,32,70.6
2025-12-05,9:43:56.458864307,T,KO,I,5,70.6
2025-12-05,9:44:00.129388063,T,KO,F,100,70.6
2025-12-05,9:44:00.129403143,T,KO,F I,17,70.6
2025-12-05,9:44:00.129412212,T,KO,I,1,70.6
2025-12-05,9:44:00.129418201,T,KO,F I,54,70.6
2025-12-05,9:44:00.129418201,T,KO,F I,18,70.6
2025-12-05,9:44:00.130975834,T,KO,I,6,70.6
2025-12-05,9:44:00.130979606,T,KO,I,33,70.6
2025-12-05,9:44:00.130981877,T,KO,,200,70.6
2025-12-05,9:44:00.578453566,T,KO,F I,33,70.6
2025-12-05,9:44:00.578456562,T,KO,F I,14,70.6
2025-12-05,9:44:00.578772740,T,KO,I,33,70.6
2025-12-05,9:44:00.578772740,T,KO,,100,70.6
2025-12-05,9:44:00.578775478,T,KO,I,6,70.6
2025-12-05,9:44:00.578778914,T,KO,I,89,70.6
2025-12-05,9:44:00.578796425,T,KO,I,1,70.6
2025-12-05,9:44:00.578799374,T,KO,I,7,70.6
2025-12-05,9:44:00.578820844,T,KO,F I,23,70.6
2025-12-05,9:44:00.592346655,T,KO,,100,70.6
2025-12-05,9:44:00.592349897,T,KO,I,33,70.6
2025-12-05,9:44:00.592352677,T,KO,I,6,70.6
2025-12-05,9:44:00.592352677,T,KO,I,33,70.6
2025-12-05,9:44:04.118466585,T,KO,I,10,70.605
2025-12-05,9:44:04.386218340,T,KO,F I,10,70.61
2025-12-05,9:44:04.386242396,T,KO,F I,33,70.61
2025-12-05,9:44:07.370303316,T,KO,F I,3,70.6
2025-12-05,9:44:07.370306386,T,KO,F I,26,70.6
2025-12-05,9:44:07.391239762,T,KO,I,33,70.6
2025-12-05,9:44:07.391245542,T,KO,,100,70.6
2025-12-05,9:44:07.391245542,T,KO,I,6,70.6
2025-12-05,9:44:07.391245542,T,KO,I,25,70.6
2025-12-05,9:44:16.693843525,T,KO,F I,33,70.6
2025-12-05,9:44:16.693846664,T,KO,F I,10,70.6
2025-12-05,9:44:16.693846664,T,KO,F I,2,70.6
2025-12-05,9:44:17.809356313,T,KO,I,40,70.59
2025-12-05,9:44:26.043386785,T,KO,,100,70.575
2025-12-05,9:44:26.866140241,T,KO,F,100,70.58
2025-12-05,9:44:28.300451291,T,KO,I,1,70.585
2025-12-05,9:44:35.075410104,T,KO,F I,25,70.58
2025-12-05,9:44:38.086613270,T,KO,,100,70.585
2025-12-05,9:44:38.166462454,T,KO,F I,10,70.59
2025-12-05,9:44:42.431842013,T,KO,I,10,70.58
2025-12-05,9:44:42.441543169,T,KO,I,34,70.58
2025-12-05,9:44:46.786549397,T,KO,I,12,70.59
2025-12-05,9:44:46.786552277,T,KO,I,10,70.59
2025-12-05,9:44:46.786567328,T,KO,I,15,70.59
2025-12-05,9:44:46.786570499,T,KO,I,1,70.59
2025-12-05,9:44:46.786570499,T,KO,I,6,70.59
2025-12-05,9:44:46.788028843,T,KO,F I,33,70.59
2025-12-05,9:44:47.720020468,T,KO,F I,40,70.59
2025-12-05,9:44:47.720624919,T,KO,F I,33,70.59
2025-12-05,9:44:47.720628509,T,KO,F,100,70.59
2025-12-05,9:44:47.720630960,T,KO,F I,1,70.59
2025-12-05,9:44:47.720633942,T,KO,F I,6,70.59
2025-12-05,9:44:51.767672523,T,KO,F I,10,70.58
2025-12-05,9:44:51.842418500,T,KO,I,6,70.57
2025-12-05,9:44:51.842418500,T,KO,I,33,70.57
2025-12-05,9:44:51.842421595,T,KO,I,50,70.57
2025-12-05,9:44:51.842866643,T,KO,I,3,70.57
2025-12-05,9:44:52.720028747,T,KO,F I,10,70.58
2025-12-05,9:45:00.236550418,T,KO,F I,34,70.57
2025-12-05,9:45:00.236556458,T,KO,I,66,70.57
2025-12-05,9:45:00.237076635,T,KO,I,86,70.56
2025-12-05,9:45:00.237100703,T,KO,I,7,70.56
2025-12-05,9:45:00.237157854,T,KO,I,1,70.56
2025-12-05,9:45:03.914543889,T,KO,F,100,70.58
2025-12-05,9:45:03.914543889,T,KO,F I,20,70.58
2025-12-05,9:45:03.914561998,T,KO,I,1,70.58
2025-12-05,9:45:03.914567994,T,KO,I,7,70.58
2025-12-05,9:45:03.914616155,T,KO,I,15,70.58
2025-12-05,9:45:03.933344746,T,KO,F I,24,70.58
2025-12-05,9:45:05.228899273,T,KO,F I,53,70.58
2025-12-05,9:45:05.228899273,T,KO,F I,10,70.58
2025-12-05,9:45:08.096748453,T,KO,I,9,70.575
2025-12-05,9:45:09.269737021,T,KO,,100,70.585
2025-12-05,9:45:10.296309915,T,KO,F,100,70.59
2025-12-05,9:45:10.296324919,T,KO,F I,22,70.59
2025-12-05,9:45:10.296331319,T,KO,I,1,70.59
2025-12-05,9:45:10.296331319,T,KO,I,7,70.59
2025-12-05,9:45:11.896923018,T,KO,I,7,70.575
2025-12-05,9:45:13.678059077,T,KO,F,100,70.55
2025-12-05,9:45:13.749689681,T,KO,,101,70.545
2025-12-05,9:45:17.213597395,T,KO,I,1,70.545
2025-12-05,9:45:17.593227645,T,KO,F I,10,70.55
2025-12-05,9:45:17.593227645,T,KO,F I,12,70.55
2025-12-05,9:45:19.680104796,T,KO,F I,32,70.55
2025-12-05,9:45:19.680125833,T,KO,F I,68,70.55
2025-12-05,9:45:19.680128768,T,KO,F I,10,70.55
2025-12-05,9:45:20.259281111,T,KO,F I,53,70.54
2025-12-05,9:45:20.694399352,T,KO,F I,46,70.535
2025-12-05,9:45:20.876798830,T,KO,,100,70.54
2025-12-05,9:45:30.532432020,T,KO,I,3,70.55
2025-12-05,9:45:30.532435017,T,KO,I,13,70.55
2025-12-05,9:45:34.221389706,T,KO,F I,80,70.55
2025-12-05,9:45:34.221389706,T,KO,F I,10,70.55
2025-12-05,9:45:34.235818009,T,KO,,100,70.545
2025-12-05,9:45:39.075691912,T,KO,F I,25,70.56
2025-12-05,9:45:39.075712988,T,KO,F I,75,70.56
2025-12-05,9:45:39.075715945,T,KO,F,100,70.56
2025-12-05,9:45:45.287162363,T,KO,F I,3,70.55
2025-12-05,9:45:55.876844277,T,KO,F,100,70.57
2025-12-05,9:45:55.876844277,T,KO,F I,10,70.57
2025-12-05,9:45:55.876859022,T,KO,F I,60,70.57
2025-12-05,9:45:55.877033477,T,KO,F,100,70.57
2025-12-05,9:45:55.877129729,T,KO,F,100,70.57
2025-12-05,9:45:59.056704309,T,KO,F,120,70.565
2025-12-05,9:45:59.056707471,T,KO,F I,80,70.56
2025-12-05,9:45:59.058000437,T,KO,,120,70.56
2025-12-05,9:46:01.098425877,T,KO,F I,10,70.555
2025-12-05,9:46:01.098462072,T,KO,I,10,70.55
2025-12-05,9:46:01.098462072,T,KO,,118,70.55
2025-12-05,9:46:02.273561697,T,KO,F I,5,70.54
2025-12-05,9:46:02.274045861,T,KO,F I,95,70.54
2025-12-05,9:46:02.274048827,T,KO,F,100,70.54
2025-12-05,9:46:02.281374284,T,KO,F I,41,70.54
2025-12-05,9:46:02.282252384,T,KO,,100,70.54
2025-12-05,9:46:02.282255377,T,KO,I,41,70.54
2025-12-05,9:46:02.282261584,T,KO,I,6,70.54
2025-12-05,9:46:02.282261584,T,KO,,100,70.54
2025-12-05,9:46:02.282264792,T,KO,I,41,70.54
2025-12-05,9:46:05.519579519,T,KO,F I,6,70.54
2025-12-05,9:46:05.519579519,T,KO,F I,41,70.54
2025-12-05,9:46:06.623568796,T,KO,,100,70.56
2025-12-05,9:46:12.964843377,T,KO,,100,70.575
2025-12-05,9:46:14.532786647,T,KO,F I,52,70.585
2025-12-05,9:46:14.550988915,T,KO,,100,70.585
2025-12-05,9:46:14.580194527,T,KO,,100,70.585
2025-12-05,9:46:14.616975152,T,KO,I,80,70.585
2025-12-05,9:46:14.882125938,T,KO,I,25,70.58
2025-12-05,9:46:14.882125938,T,KO,I,10,70.58
2025-12-05,9:46:15.242807575,T,KO,,120,70.58
2025-12-05,9:46:15.394176128,T,KO,I,10,70.57
2025-12-05,9:46:21.921004674,T,KO,F,350,70.57
2025-12-05,9:46:21.921197324,T,KO,,100,70.57
2025-12-05,9:46:21.921197324,T,KO,,100,70.57
2025-12-05,9:46:21.921233173,T,KO,,100,70.56
2025-12-05,9:46:21.921237491,T,KO,I,25,70.56
2025-12-05,9:46:21.921237491,T,KO,,100,70.56
2025-12-05,9:46:21.921242276,T,KO,,100,70.56
2025-12-05,9:46:21.921242276,T,KO,I,59,70.56
2025-12-05,9:46:21.921275687,T,KO,,100,70.56
2025-12-05,9:46:21.921329633,T,KO,I,45,70.56
2025-12-05,9:46:21.921329633,T,KO,I,55,70.56
2025-12-05,9:46:21.921362564,T,KO,I,45,70.56
2025-12-05,9:46:21.921603157,T,KO,F I,45,70.57
2025-12-05,9:46:21.921606514,T,KO,F I,31,70.57
2025-12-05,9:46:21.923987764,T,KO,F I,25,70.57
2025-12-05,9:46:21.923990766,T,KO,F I,53,70.57
2025-12-05,9:46:21.923993799,T,KO,F I,16,70.57
2025-12-05,9:46:21.924008876,T,KO,I,1,70.57
2025-12-05,9:46:38.973907424,T,KO,F I,57,70.56
2025-12-05,9:46:38.973911338,T,KO,F,100,70.56
2025-12-05,9:46:38.973911338,T,KO,F,200,70.56
2025-12-05,9:46:38.973913489,T,KO,F I,10,70.56
2025-12-05,9:46:38.973917040,T,KO,F I,1,70.56
2025-12-05,9:46:38.973917040,T,KO,F I,1,70.56
2025-12-05,9:46:38.973920038,T,KO,F I,1,70.56
2025-12-05,9:46:38.973920038,T,KO,F I,1,70.56
2025-12-05,9:46:38.973923666,T,KO,F I,1,70.56
2025-12-05,9:46:38.973923666,T,KO,F I,1,70.56
2025-12-05,9:46:38.973928483,T,KO,F I,2,70.56
2025-12-05,9:46:38.973928483,T,KO,F I,1,70.56
2025-12-05,9:46:38.973931690,T,KO,F I,1,70.56
2025-12-05,9:46:38.973970633,T,KO,F I,6,70.56
2025-12-05,9:46:38.974010202,T,KO,F I,51,70.56
2025-12-05,9:46:38.974012775,T,KO,F I,1,70.56
2025-12-05,9:46:38.974012775,T,KO,F I,1,70.56
2025-12-05,9:46:38.974015994,T,KO,F I,2,70.56
2025-12-05,9:46:38.974018676,T,KO,F I,1,70.56
2025-12-05,9:46:38.974018676,T,KO,F I,1,70.56
2025-12-05,9:46:38.974021680,T,KO,F I,1,70.56
2025-12-05,9:46:38.974139524,T,KO,I,1,70.56
2025-12-05,9:46:38.974139524,T,KO,I,1,70.56
2025-12-05,9:46:38.974142127,T,KO,I,1,70.56
2025-12-05,9:46:38.974145403,T,KO,I,6,70.56
2025-12-05,9:46:38.974145403,T,KO,I,1,70.56
2025-12-05,9:46:38.974148243,T,KO,I,2,70.56
2025-12-05,9:46:38.974151005,T,KO,I,1,70.56
2025-12-05,9:46:38.974153989,T,KO,I,44,70.56
2025-12-05,9:46:38.974499792,T,KO,I,2,70.56
2025-12-05,9:46:39.974718053,T,KO,F I,80,70.55
2025-12-05,9:46:40.184428403,T,KO,,100,70.55
2025-12-05,9:46:40.184428403,T,KO,,100,70.55
2025-12-05,9:46:41.023291321,T,KO,I,50,70.54
2025-12-05,9:46:41.570194887,T,KO,F I,83,70.54
2025-12-05,9:46:46.701856694,T,KO,,100,70.55
2025-12-05,9:46:46.701859612,T,KO,I,30,70.55
2025-12-05,9:46:50.502551542,T,KO,I,40,70.57
2025-12-05,9:46:50.502554530,T,KO,I,50,70.57
2025-12-05,9:46:50.502557498,T,KO,I,5,70.57
2025-12-05,9:46:50.502569493,T,KO,I,1,70.57
2025-12-05,9:46:50.502599552,T,KO,I,19,70.57
2025-12-05,9:46:57.035195811,T,KO,I,10,70.58
2025-12-05,9:46:57.035253031,T,KO,F I,50,70.58
2025-12-05,9:47:00.989117657,T,KO,F I,80,70.57
2025-12-05,9:47:00.989120609,T,KO,F I,10,70.57
2025-12-05,9:47:05.363034634,T,KO,F I,25,70.57
2025-12-05,9:47:05.363052744,T,KO,F I,25,70.57
2025-12-05,9:47:13.042514283,T,KO,I,61,70.58
2025-12-05,9:47:13.401605556,T,KO,I,39,70.58
2025-12-05,9:47:13.401608554,T,KO,,100,70.58
2025-12-05,9:47:15.420310610,T,KO,I,50,70.59
2025-12-05,9:47:18.175243567,T,KO,I,6,70.61
2025-12-05,9:47:18.175243567,T,KO,I,10,70.61
2025-12-05,9:47:18.478744463,T,KO,I,10,70.61
2025-12-05,9:47:18.480010415,T,KO,I,44,70.61
2025-12-05,9:47:18.480034680,T,KO,I,6,70.61
2025-12-05,9:47:19.852031088,T,KO,F I,6,70.61
2025-12-05,9:47:19.852031088,T,KO,F I,44,70.61
2025-12-05,9:47:21.024577575,T,KO,,100,70.6
2025-12-05,9:47:21.024580591,T,KO,,100,70.6
2025-12-05,9:47:23.376662470,T,KO,I,10,70.6
2025-12-05,9:47:39.049620630,T,KO,I,40,70.62
2025-12-05,9:47:50.220788308,T,KO,F I,5,70.63
2025-12-05,9:48:02.965288448,T,KO,F I,1,70.65
2025-12-05,9:48:02.965288448,T,KO,F I,47,70.65
2025-12-05,9:48:14.300760873,T,KO,I,10,70.655
2025-12-05,9:48:15.934004653,T,KO,,100,70.655
2025-12-05,9:48:19.614506337,T,KO,,445,70.66
2025-12-05,9:48:19.614521299,T,KO,I,1,70.66
2025-12-05,9:48:19.614536493,T,KO,F,572,70.66
2025-12-05,9:48:19.614668735,T,KO,,100,70.66
2025-12-05,9:48:19.614849774,T,KO,,776,70.66
2025-12-05,9:48:19.615210046,T,KO,F,106,70.66
2025-12-05,9:48:19.615212953,T,KO,F,100,70.66
2025-12-05,9:48:19.615279563,T,KO,F,100,70.66
2025-12-05,9:48:19.615282118,T,KO,F I,87,70.66
2025-12-05,9:48:19.615285222,T,KO,F I,6,70.66
2025-12-05,9:48:19.615285222,T,KO,F,100,70.66
2025-12-05,9:48:19.615288155,T,KO,F I,12,70.66
2025-12-05,9:48:19.615288155,T,KO,F I,69,70.66
2025-12-05,9:48:19.615300651,T,KO,F I,6,70.66
2025-12-05,9:48:19.615303368,T,KO,F I,6,70.66
2025-12-05,9:48:19.615306249,T,KO,I,39,70.66
2025-12-05,9:48:19.817952897,T,KO,I,10,70.655
2025-12-05,9:48:23.788104220,T,KO,,100,70.655
2025-12-05,9:48:23.790693406,T,KO,I,6,70.66
2025-12-05,9:48:23.790735501,T,KO,I,4,70.66
2025-12-05,9:48:23.790735501,T,KO,I,87,70.66
2025-12-05,9:48:23.790738598,T,KO,I,59,70.66
2025-12-05,9:48:23.790753556,T,KO,I,1,70.66
2025-12-05,9:48:23.791072306,T,KO,I,40,70.66
2025-12-05,9:48:24.181432543,T,KO,,100,70.66
2025-12-05,9:48:24.382187205,T,KO,F I,2,70.65
2025-12-05,9:48:24.382187205,T,KO,F I,2,70.65
2025-12-05,9:48:24.382190181,T,KO,F I,10,70.65
2025-12-05,9:48:42.161045990,T,KO,F I,20,70.66
2025-12-05,9:48:43.062000756,T,KO,F I,50,70.67
2025-12-05,9:48:43.062003794,T,KO,F I,68,70.67
2025-12-05,9:48:43.062006728,T,KO,F I,2,70.67
2025-12-05,9:48:43.062021864,T,KO,I,1,70.67
2025-12-05,9:48:43.062671421,T,KO,I,24,70.67
2025-12-05,9:48:44.972535295,T,KO,I,10,70.67
2025-12-05,9:48:44.982136876,T,KO,,100,70.665
2025-12-05,9:48:50.769299663,T,KO,,100,70.665
2025-12-05,9:48:52.921883826,T,KO,F,100,70.67
2025-12-05,9:48:52.921886426,T,KO,F I,14,70.68
2025-12-05,9:48:52.921886426,T,KO,F I,21,70.68
2025-12-05,9:48:52.922081816,T,KO,F I,17,70.68
2025-12-05,9:48:52.922081816,T,KO,F I,20,70.68
2025-12-05,9:48:52.922084873,T,KO,F,100,70.68
2025-12-05,9:48:52.923086252,T,KO,,100,70.68
2025-12-05,9:48:52.936831949,T,KO,F,114,70.68
2025-12-05,9:48:57.831664722,T,KO,I,10,70.675
2025-12-05,9:49:00.287379333,T,KO,F,100,70.67
2025-12-05,9:49:00.287379333,T,KO,F I,25,70.67
2025-12-05,9:49:00.287403732,T,KO,I,1,70.67
2025-12-05,9:49:00.287403732,T,KO,I,7,70.67
2025-12-05,9:49:00.287704040,T,KO,I,67,70.67
2025-12-05,9:49:00.287707147,T,KO,I,76,70.67
2025-12-05,9:49:02.521126221,T,KO,,100,70.675
2025-12-05,9:49:02.617349454,T,KO,I,90,70.675
2025-12-05,9:49:03.233252326,T,KO,,190,70.675
2025-12-05,9:49:04.887546208,T,KO,F,100,70.68
2025-12-05,9:49:05.784754283,T,KO,F I,61,70.69
2025-12-05,9:49:05.784757049,T,KO,F I,27,70.69
2025-12-05,9:49:05.784760027,T,KO,F,100,70.69
2025-12-05,9:49:05.790317269,T,KO,F I,15,70.7
2025-12-05,9:49:05.790458628,T,KO,I,65,70.7
2025-12-05,9:49:05.790458628,T,KO,,100,70.7
2025-12-05,9:49:05.790476805,T,KO,I,1,70.7
2025-12-05,9:49:05.790482649,T,KO,I,14,70.7
2025-12-05,9:49:06.953096629,T,KO,I,22,70.695
2025-12-05,9:49:06.954227247,T,KO,I,2,70.695
2025-12-05,9:49:07.308305572,T,KO,I,1,70.695
2025-12-05,9:49:11.818425982,T,KO,F I,65,70.7
2025-12-05,9:49:11.818429024,T,KO,F,100,70.7
2025-12-05,9:49:11.818429024,T,KO,F I,36,70.7
2025-12-05,9:49:11.818444537,T,KO,F,133,70.7
2025-12-05,9:49:12.819239598,T,KO,I,1,70.7
2025-12-05,9:49:12.819690631,T,KO,I,2,70.7
2025-12-05,9:49:13.987116897,T,KO,I,10,70.69
2025-12-05,9:49:13.987116897,T,KO,I,1,70.69
2025-12-05,9:49:13.987122098,T,KO,I,22,70.69
2025-12-05,9:49:17.300888274,T,KO,I,13,70.7
2025-12-05,9:49:18.470653198,T,KO,I,11,70.7
2025-12-05,9:49:30.979280079,T,KO,I,18,70.705
2025-12-05,9:49:30.980464854,T,KO,I,2,70.705
2025-12-05,9:49:35.251579490,T,KO,I,1,70.7
2025-12-05,9:49:35.251579490,T,KO,I,10,70.7
2025-12-05,9:49:36.464262316,T,KO,I,7,70.7
2025-12-05,9:49:45.519777142,T,KO,F,120,70.69
2025-12-05,9:49:45.519780164,T,KO,F I,3,70.69
2025-12-05,9:49:45.519780164,T,KO,F,200,70.69
2025-12-05,9:49:45.519939691,T,KO,I,24,70.69
2025-12-05,9:49:45.519939691,T,KO,I,50,70.69
2025-12-05,9:49:45.520562094,T,KO,F,100,70.69
2025-12-05,9:49:45.520565066,T,KO,F,100,70.69
2025-12-05,9:49:45.520568058,T,KO,F,150,70.69
2025-12-05,9:49:45.520601123,T,KO,I,50,70.69
2025-12-05,9:49:57.744158913,T,KO,F,100,70.7
2025-12-05,9:49:57.744162059,T,KO,F,100,70.7
2025-12-05,9:49:57.744164611,T,KO,F,225,70.7
2025-12-05,9:49:57.744164611,T,KO,F I,25,70.7
2025-12-05,9:49:58.414260037,T,KO,F,137,70.7
2025-12-05,9:49:58.414265529,T,KO,F I,6,70.7
2025-12-05,9:49:58.414265529,T,KO,F,247,70.7
2025-12-05,9:49:58.414268201,T,KO,F I,25,70.7
2025-12-05,9:49:58.414268201,T,KO,F I,50,70.7
2025-12-05,9:49:58.470929196,T,KO,,100,70.695
2025-12-05,9:49:58.471293310,T,KO,F I,10,70.69
2025-12-05,9:49:58.471302589,T,KO,F I,5,70.69
2025-12-05,9:49:58.471302589,T,KO,F I,50,70.69
2025-12-05,9:49:58.471302589,T,KO,F I,63,70.69
2025-12-05,9:49:58.471557641,T,KO,F I,50,70.69
2025-12-05,9:49:59.693947893,T,KO,F I,15,70.68
2025-12-05,9:50:01.584508463,T,KO,,100,70.675
2025-12-05,9:50:01.584547601,T,KO,I,7,70.67
2025-12-05,9:50:01.584551083,T,KO,I,30,70.67
2025-12-05,9:50:01.584554061,T,KO,I,50,70.67
2025-12-05,9:50:01.584556848,T,KO,I,50,70.67
2025-12-05,9:50:01.584560045,T,KO,I,10,70.67
2025-12-05,9:50:01.584562967,T,KO,I,3,70.67
2025-12-05,9:50:01.584562967,T,KO,I,25,70.67
2025-12-05,9:50:01.584562967,T,KO,,190,70.67
2025-12-05,9:50:03.317126943,T,KO,I,50,70.68
2025-12-05,9:50:07.448775088,T,KO,I,46,70.68
2025-12-05,9:50:07.980487290,T,KO,I,40,70.68
2025-12-05,9:50:07.980489580,T,KO,I,50,70.68
2025-12-05,9:50:12.687362417,T,KO,I,1,70.68
2025-12-05,9:50:13.636025839,T,KO,I,24,70.68
2025-12-05,9:50:16.356713435,T,KO,,100,70.685
2025-12-05,9:50:18.238222546,T,KO,F I,10,70.68
2025-12-05,9:50:18.238225536,T,KO,F,100,70.68
2025-12-05,9:50:20.081089583,T,KO,I,51,70.655
2025-12-05,9:50:29.443509427,T,KO,I,10,70.66
2025-12-05,9:50:29.443509427,T,KO,I,12,70.66
2025-12-05,9:50:36.575408977,T,KO,,100,70.675
2025-12-05,9:50:38.923277714,T,KO,I,1,70.675
2025-12-05,9:50:41.828899909,T,KO,I,79,70.685
2025-12-05,9:50:44.723368446,T,KO,F I,10,70.68
2025-12-05,9:50:48.081433163,T,KO,F I,25,70.68
2025-12-05,9:50:49.698465986,T,KO,F I,26,70.68
2025-12-05,9:50:54.715704667,T,KO,,100,70.68
2025-12-05,9:51:01.252673305,T,KO,I,54,70.69
2025-12-05,9:51:03.861554756,T,KO,F I,52,70.69
2025-12-05,9:51:03.861554756,T,KO,F,100,70.69
2025-12-05,9:51:04.933830513,T,KO,F I,10,70.68
2025-12-05,9:51:04.933836490,T,KO,F,100,70.68
2025-12-05,9:51:04.962272263,T,KO,,130,70.675
2025-12-05,9:51:04.962281255,T,KO,F I,50,70.68
2025-12-05,9:51:04.962287636,T,KO,F I,69,70.68
2025-12-05,9:51:04.962461692,T,KO,I,1,70.68
2025-12-05,9:51:05.094891394,T,KO,F I,99,70.68
2025-12-05,9:51:05.094891394,T,KO,F I,50,70.68
2025-12-05,9:51:05.094897044,T,KO,F,100,70.68
2025-12-05,9:51:05.094897044,T,KO,F,198,70.68
2025-12-05,9:51:05.106101763,T,KO,I,27,70.68
2025-12-05,9:51:05.106152940,T,KO,,100,70.68
2025-12-05,9:51:05.106309304,T,KO,I,68,70.68
2025-12-05,9:51:05.106309304,T,KO,,100,70.68
2025-12-05,9:51:05.106312317,T,KO,I,69,70.68
2025-12-05,9:51:05.135069787,T,KO,I,68,70.68
2025-12-05,9:51:05.135072822,T,KO,,100,70.68
2025-12-05,9:51:05.135075776,T,KO,I,68,70.68
2025-12-05,9:51:05.135075776,T,KO,,100,70.68
2025-12-05,9:51:05.157458977,T,KO,F,100,70.68
2025-12-05,9:51:05.157458977,T,KO,F I,68,70.68
2025-12-05,9:51:05.157464069,T,KO,F I,68,70.68
2025-12-05,9:51:05.157464069,T,KO,F I,10,70.68
2025-12-05,9:51:05.203356808,T,KO,I,25,70.68
2025-12-05,9:51:05.203359390,T,KO,I,68,70.68
2025-12-05,9:51:05.203362479,T,KO,,100,70.68
2025-12-05,9:51:05.203365585,T,KO,I,32,70.68
2025-12-05,9:51:05.203365585,T,KO,I,53,70.68
2025-12-05,9:51:05.203368455,T,KO,,100,70.68
2025-12-05,9:51:05.203654129,T,KO,F I,15,70.68
2025-12-05,9:51:05.304162476,T,KO,I,68,70.68
2025-12-05,9:51:05.304162476,T,KO,I,25,70.68
2025-12-05,9:51:05.955961809,T,KO,I,46,70.67
2025-12-05,9:51:06.156016292,T,KO,I,68,70.67
2025-12-05,9:51:14.116641586,T,KO,,100,70.685
2025-12-05,9:51:21.050636846,T,KO,F I,40,70.68
2025-12-05,9:51:21.050645838,T,KO,F I,20,70.68
2025-12-05,9:51:21.050645838,T,KO,F I,10,70.68
2025-12-05,9:51:27.280273557,T,KO,,100,70.675
2025-12-05,9:51:29.425014610,T,KO,F I,1,70.68
2025-12-05,9:51:29.425090022,T,KO,F I,1,70.68
2025-12-05,9:51:29.425117106,T,KO,F I,99,70.68
2025-12-05,9:51:30.786420241,T,KO,F I,20,70.68
2025-12-05,9:51:30.786423011,T,KO,F I,40,70.68
2025-12-05,9:51:30.786423011,T,KO,F I,10,70.68
2025-12-05,9:51:31.188441423,T,KO,I,10,70.675
2025-12-05,9:51:35.012258388,T,KO,I,56,70.67
2025-12-05,9:51:35.012261412,T,KO,,100,70.67
2025-12-05,9:51:35.012277567,T,KO,I,1,70.67
2025-12-05,9:51:35.012277567,T,KO,I,99,70.67
2025-12-05,9:51:48.130789144,T,KO,I,23,70.68
2025-12-05,9:51:52.640311132,T,KO,F,100,70.68
2025-12-05,9:51:52.640311132,T,KO,F I,12,70.68
2025-12-05,9:52:03.499873597,T,KO,I,10,70.675
2025-12-05,9:52:03.652486998,T,KO,I,10,70.675
2025-12-05,9:52:03.748761362,T,KO,F,100,70.67
2025-12-05,9:52:03.748764436,T,KO,F I,40,70.67
2025-12-05,9:52:03.748764436,T,KO,F I,10,70.67
2025-12-05,9:52:03.754857248,T,KO,I,58,70.67
2025-12-05,9:52:03.754857248,T,KO,I,25,70.67
2025-12-05,9:52:03.785974981,T,KO,I,50,70.68
2025-12-05,9:52:03.785978800,T,KO,I,3,70.68
2025-12-05,9:52:03.785980959,T,KO,,103,70.68
2025-12-05,9:52:03.785984323,T,KO,,100,70.68
2025-12-05,9:52:03.785987048,T,KO,,100,70.68
2025-12-05,9:52:03.785995956,T,KO,F,190,70.68
2025-12-05,9:52:03.785999120,T,KO,F I,10,70.68
2025-12-05,9:52:03.785999120,T,KO,I,1,70.68
2025-12-05,9:52:03.786083260,T,KO,I,50,70.68
2025-12-05,9:52:03.786311803,T,KO,F,189,70.68
2025-12-05,9:52:04.103898172,T,KO,,130,70.685
2025-12-05,9:52:04.103934269,T,KO,,300,70.685
2025-12-05,9:52:04.103938031,T,KO,I,58,70.68
2025-12-05,9:52:04.103938031,T,KO,I,25,70.68
2025-12-05,9:52:05.425212170,T,KO,F I,87,70.68
2025-12-05,9:52:05.425227056,T,KO,I,1,70.68
2025-12-05,9:52:05.425233669,T,KO,I,7,70.68
2025-12-05,9:52:05.425236141,T,KO,,100,70.68
2025-12-05,9:52:08.879310441,T,KO,,100,70.675
2025-12-05,9:52:14.136169446,T,KO,F I,13,70.67
2025-12-05,9:52:16.171239061,T,KO,,130,70.665
2025-12-05,9:52:16.171666091,T,KO,F,100,70.66
2025-12-05,9:52:16.171690157,T,KO,,100,70.66
2025-12-05,9:52:16.171693167,T,KO,I,7,70.66
2025-12-05,9:52:16.171693167,T,KO,I,1,70.66
2025-12-05,9:52:20.777594851,T,KO,I,10,70.655
2025-12-05,9:52:20.785034577,T,KO,,125,70.655
2025-12-05,9:52:34.429015438,T,KO,I,10,70.655
2025-12-05,9:52:34.429018389,T,KO,,120,70.655
2025-12-05,9:52:43.013148752,T,KO,,100,70.655
2025-12-05,9:52:44.071841168,T,KO,,100,70.655
2025-12-05,9:52:46.720934328,T,KO,I,60,70.65
2025-12-05,9:52:46.720937336,T,KO,I,40,70.65
2025-12-05,9:52:46.720955410,T,KO,I,1,70.65
2025-12-05,9:52:46.720955410,T,KO,I,7,70.65
2025-12-05,9:52:46.720958342,T,KO,I,52,70.65
2025-12-05,9:52:46.720961420,T,KO,I,27,70.65
2025-12-05,9:52:46.720961420,T,KO,I,10,70.65
2025-12-05,9:52:46.723646975,T,KO,,100,70.65
2025-12-05,9:52:59.314065527,T,KO,F I,56,70.62
2025-12-05,9:52:59.314068623,T,KO,F,100,70.62
2025-12-05,9:52:59.314128768,T,KO,F,142,70.62
2025-12-05,9:52:59.314128768,T,KO,I,7,70.62
2025-12-05,9:53:02.993746565,T,KO,F I,3,70.61
2025-12-05,9:53:02.993746565,T,KO,F I,10,70.61
2025-12-05,9:53:02.993749205,T,KO,F I,2,70.61
2025-12-05,9:53:03.005991394,T,KO,I,39,70.61
2025-12-05,9:53:04.767132778,T,KO,I,29,70.61
2025-12-05,9:53:04.767132778,T,KO,I,21,70.61
2025-12-05,9:53:04.772004412,T,KO,I,25,70.61
2025-12-05,9:53:04.772007404,T,KO,I,48,70.61
2025-12-05,9:53:12.989886335,T,KO,I,10,70.605
2025-12-05,9:53:15.209719278,T,KO,I,10,70.6
2025-12-05,9:53:15.209719278,T,KO,I,10,70.6
2025-12-05,9:53:15.209722277,T,KO,I,60,70.6
2025-12-05,9:53:15.209725271,T,KO,I,20,70.6
2025-12-05,9:53:17.586420672,T,KO,F I,10,70.59
2025-12-05,9:53:26.459830897,T,KO,F I,18,70.58
2025-12-05,9:53:26.459830897,T,KO,F I,69,70.58
2025-12-05,9:53:26.459854960,T,KO,I,1,70.58
2025-12-05,9:53:26.459854960,T,KO,I,7,70.58
2025-12-05,9:53:26.613271348,T,KO,,100,70.575
2025-12-05,9:53:41.762156408,T,KO,F I,10,70.57
2025-12-05,9:53:41.762156408,T,KO,F,100,70.57
2025-12-05,9:53:41.762175398,T,KO,I,7,70.57
2025-12-05,9:53:41.762181444,T,KO,I,1,70.57
2025-12-05,9:53:41.762184000,T,KO,F,125,70.57
2025-12-05,9:53:41.762184000,T,KO,F I,57,70.57
2025-12-05,9:53:46.901101502,T,KO,F,100,70.565
2025-12-05,9:53:46.901101502,T,KO,F I,48,70.57
2025-12-05,9:53:46.901104542,T,KO,F I,10,70.57
2025-12-05,9:53:46.901137585,T,KO,I,7,70.57
2025-12-05,9:53:46.901275961,T,KO,I,50,70.57
2025-12-05,9:53:46.901279164,T,KO,I,13,70.57
2025-12-05,9:53:46.901279164,T,KO,I,14,70.57
2025-12-05,9:53:46.901615753,T,KO,F I,42,70.57
2025-12-05,9:53:46.901615753,T,KO,F I,24,70.57
2025-12-05,9:53:46.901631393,T,KO,F I,2,70.57
2025-12-05,9:53:46.901633823,T,KO,F I,1,70.57
2025-12-05,9:53:49.088000018,T,KO,F I,5,70.56
2025-12-05,9:53:49.088003015,T,KO,F I,10,70.56
2025-12-05,9:53:49.088005991,T,KO,F I,59,70.56
2025-12-05,9:53:49.088005991,T,KO,F I,20,70.56
2025-12-05,9:53:49.100515853,T,KO,,100,70.55
2025-12-05,9:53:49.812461321,T,KO,I,80,70.54
2025-12-05,9:53:51.906546756,T,KO,F I,91,70.535
2025-12-05,9:53:51.906558713,T,KO,I,39,70.535
2025-12-05,9:53:59.305557459,T,KO,F I,42,70.54
2025-12-05,9:53:59.305557459,T,KO,F I,24,70.54
2025-12-05,9:53:59.305560471,T,KO,F,100,70.54
2025-12-05,9:54:01.736207303,T,KO,,100,70.545
2025-12-05,9:54:04.019335003,T,KO,,100,70.55
2025-12-05,9:54:04.019335003,T,KO,,100,70.55
2025-12-05,9:54:04.031330362,T,KO,I,43,70.55
2025-12-05,9:54:04.031366536,T,KO,I,35,70.55
2025-12-05,9:54:04.031646516,T,KO,F I,8,70.55
2025-12-05,9:54:04.031646516,T,KO,F,100,70.55
2025-12-05,9:54:04.031649233,T,KO,F,184,70.55
2025-12-05,9:54:04.031649233,T,KO,F,100,70.55
2025-12-05,9:54:06.085856715,T,KO,F I,27,70.54
2025-12-05,9:54:06.085856715,T,KO,F I,10,70.54
2025-12-05,9:54:06.085859622,T,KO,F I,9,70.54
2025-12-05,9:54:06.085880605,T,KO,F I,77,70.54
2025-12-05,9:54:06.137216222,T,KO,F I,60,70.53
2025-12-05,9:54:06.137216222,T,KO,F I,20,70.53
2025-12-05,9:54:06.286954441,T,KO,F I,43,70.52
2025-12-05,9:54:09.182944653,T,KO,F I,98,70.52
2025-12-05,9:54:09.701571805,T,KO,,100,70.515
2025-12-05,9:54:10.682604299,T,KO,F I,50,70.52
2025-12-05,9:54:20.945354045,T,KO,I,10,70.52
2025-12-05,9:54:20.945354045,T,KO,I,2,70.52
2025-12-05,9:54:22.506010723,T,KO,I,20,70.51
2025-12-05,9:54:22.506010723,T,KO,I,40,70.51
2025-12-05,9:54:22.506013335,T,KO,I,58,70.51
2025-12-05,9:54:24.635165180,T,KO,F I,54,70.5
2025-12-05,9:54:28.544641136,T,KO,F I,50,70.5
2025-12-05,9:54:28.544641136,T,KO,F I,3,70.5
2025-12-05,9:54:28.544644221,T,KO,F,100,70.5
2025-12-05,9:54:37.586226963,T,KO,F I,2,70.51
