DATE,TIME_M,EX,SYM_ROOT,TR_SCOND,SIZE,PRICE
2025-11-10,9:30:01.966595261,T,KO,,100,70.1
2025-11-10,9:30:01.966598134,T,KO,Q,100,70.1
2025-11-10,9:30:02.110126993,T,KO,F I,1,70.09
2025-11-10,9:30:02.110722425,T,KO,,199,70.09
2025-11-10,9:30:02.110752546,T,KO,I,6,70.11
2025-11-10,9:30:02.111651628,T,KO,I,6,70.09
2025-11-10,9:30:02.123996067,T,KO,I,16,70.09
2025-11-10,9:30:02.129337113,T,KO,,184,70.09
2025-11-10,9:30:02.357872078,T,KO,I,13,70.11
2025-11-10,9:30:02.357878347,T,KO,,200,70.11
2025-11-10,9:30:02.357878347,T,KO,,100,70.11
2025-11-10,9:30:02.361676120,T,KO,F,100,70.09
2025-11-10,9:30:02.361679668,T,KO,F I,25,70.09
2025-11-10,9:30:02.361682428,T,KO,F,200,70.09
2025-11-10,9:30:02.361682428,T,KO,F I,25,70.08
2025-11-10,9:30:02.361685193,T,KO,F I,75,70.08
2025-11-10,9:30:02.570418361,T,KO,F I,10,70.085
2025-11-10,9:30:03.631390129,T,KO,,200,70.085
2025-11-10,9:30:03.797830533,T,KO,,100,70.07
2025-11-10,9:30:03.798513101,T,KO,I,25,70.05
2025-11-10,9:30:03.845988117,T,KO,,200,70.02
2025-11-10,9:30:03.845991106,T,KO,I,25,70.02
2025-11-10,9:30:03.845991106,T,KO,I,5,70.02
2025-11-10,9:30:03.845993224,T,KO,,396,70.02
2025-11-10,9:30:03.846035868,T,KO,,100,70.03
2025-11-10,9:30:03.846053422,T,KO,I,1,70.03
2025-11-10,9:30:03.846125887,T,KO,I,49,70.03
2025-11-10,9:30:03.846125887,T,KO,I,51,70.03
2025-11-10,9:30:03.846144241,T,KO,I,49,70.03
2025-11-10,9:30:03.846144241,T,KO,,200,70.03
2025-11-10,9:30:03.846260876,T,KO,F,100,70.03
2025-11-10,9:30:03.846390150,T,KO,,100,70.03
2025-11-10,9:30:03.919286796,T,KO,I,25,70.03
2025-11-10,9:30:03.919286796,T,KO,I,2,70.03
2025-11-10,9:30:04.013305777,T,KO,I,1,70.03
2025-11-10,9:30:04.310461522,T,KO,I,22,70.03
2025-11-10,9:30:04.310464569,T,KO,I,16,70.03
2025-11-10,9:30:04.635704278,T,KO,I,25,70.01
2025-11-10,9:30:04.636227549,T,KO,I,37,70.01
2025-11-10,9:30:04.636254445,T,KO,I,63,70.01
2025-11-10,9:30:04.636254445,T,KO,I,5,70.0
2025-11-10,9:30:04.636257852,T,KO,I,10,70.0
2025-11-10,9:30:04.636257852,T,KO,I,3,70.0
2025-11-10,9:30:04.636260592,T,KO,I,1,70.0
2025-11-10,9:30:04.636260592,T,KO,I,6,70.0
2025-11-10,9:30:04.636263628,T,KO,I,36,70.0
2025-11-10,9:30:04.636266535,T,KO,,100,70.0
2025-11-10,9:30:04.636305532,T,KO,I,50,70.01
2025-11-10,9:30:04.636326597,T,KO,,150,70.01
2025-11-10,9:30:04.637111464,T,KO,F,200,70.01
2025-11-10,9:30:04.637111464,T,KO,F I,50,70.01
2025-11-10,9:30:04.741583349,T,KO,I,25,70.01
2025-11-10,9:30:04.894685084,T,KO,F,200,70.02
2025-11-10,9:30:04.894685084,T,KO,F I,50,70.02
2025-11-10,9:30:04.894686964,T,KO,F,100,70.02
2025-11-10,9:30:04.904246831,T,KO,F,100,70.02
2025-11-10,9:30:04.904267992,T,KO,I,1,70.02
2025-11-10,9:30:04.904267992,T,KO,I,98,70.02
2025-11-10,9:30:04.946455280,T,KO,F I,25,70.02
2025-11-10,9:30:04.956147364,T,KO,F I,3,70.01
2025-11-10,9:30:04.956180457,T,KO,I,47,70.01
2025-11-10,9:30:04.956183406,T,KO,I,32,70.01
2025-11-10,9:30:04.960628056,T,KO,F,168,70.01
2025-11-10,9:30:04.960631032,T,KO,F I,50,70.01
2025-11-10,9:30:04.960721180,T,KO,F,168,70.01
2025-11-10,9:30:04.966660371,T,KO,F I,13,70.0
2025-11-10,9:30:04.966934028,T,KO,I,37,70.0
2025-11-10,9:30:04.968293249,T,KO,I,25,70.0
2025-11-10,9:30:04.968332403,T,KO,I,25,70.0
2025-11-10,9:30:04.968446623,T,KO,I,13,70.0
2025-11-10,9:30:04.969769828,T,KO,F I,12,69.99
2025-11-10,9:30:05.004580671,T,KO,,100,69.99
2025-11-10,9:30:05.004601760,T,KO,,102,69.99
2025-11-10,9:30:05.004697969,T,KO,F I,25,69.99
2025-11-10,9:30:05.004956733,T,KO,F,100,70.0
2025-11-10,9:30:05.079555276,T,KO,F,200,70.01
2025-11-10,9:30:05.079555276,T,KO,F,100,70.01
2025-11-10,9:30:05.080108557,T,KO,F,100,70.02
2025-11-10,9:30:05.080562626,T,KO,F,100,70.03
2025-11-10,9:30:05.080583684,T,KO,,100,70.03
2025-11-10,9:30:05.085325993,T,KO,F,100,70.03
2025-11-10,9:30:05.085350016,T,KO,I,80,70.03
2025-11-10,9:30:05.085353239,T,KO,,100,70.03
2025-11-10,9:30:05.085356795,T,KO,,100,70.03
2025-11-10,9:30:05.085356795,T,KO,,101,70.03
2025-11-10,9:30:05.085359380,T,KO,I,62,70.03
2025-11-10,9:30:05.085359380,T,KO,,100,70.03
2025-11-10,9:30:05.112231192,T,KO,F I,25,70.03
2025-11-10,9:30:05.590859983,T,KO,,100,70.02
2025-11-10,9:30:05.652425605,T,KO,,200,70.01
2025-11-10,9:30:05.652428609,T,KO,I,25,70.0
2025-11-10,9:30:05.652449731,T,KO,,200,70.0
2025-11-10,9:30:05.652732333,T,KO,I,7,70.0
2025-11-10,9:30:05.652792524,T,KO,I,43,70.0
2025-11-10,9:30:05.652792524,T,KO,I,57,70.01
2025-11-10,9:30:05.652846844,T,KO,,100,70.0
2025-11-10,9:30:05.652883245,T,KO,I,57,70.0
2025-11-10,9:30:05.652885746,T,KO,,200,70.0
2025-11-10,9:30:05.652894814,T,KO,F,200,70.0
2025-11-10,9:30:05.736575113,T,KO,,200,70.01
2025-11-10,9:30:05.736578037,T,KO,,100,70.01
2025-11-10,9:30:05.738986849,T,KO,,200,70.02
2025-11-10,9:30:05.738986849,T,KO,I,14,70.02
2025-11-10,9:30:05.739269484,T,KO,F I,84,70.02
2025-11-10,9:30:05.742733751,T,KO,I,1,70.02
2025-11-10,9:30:05.877595882,T,KO,F I,1,70.03
2025-11-10,9:30:05.877628966,T,KO,I,22,70.03
2025-11-10,9:30:06.048261540,T,KO,I,6,70.01
2025-11-10,9:30:06.048264392,T,KO,I,25,70.01
2025-11-10,9:30:06.048270493,T,KO,I,62,70.01
2025-11-10,9:30:06.050002525,T,KO,F I,10,70.0
2025-11-10,9:30:06.261712864,T,KO,F I,1,70.01
2025-11-10,9:30:06.320713366,T,KO,I,5,70.01
2025-11-10,9:30:06.324827146,T,KO,I,7,70.03
2025-11-10,9:30:06.328835754,T,KO,I,7,70.03
2025-11-10,9:30:06.332408159,T,KO,I,2,70.03
2025-11-10,9:30:07.619578931,T,KO,F I,25,70.01
2025-11-10,9:30:07.619702314,T,KO,,200,70.01
2025-11-10,9:30:07.619702314,T,KO,I,14,70.0
2025-11-10,9:30:07.619714525,T,KO,I,1,70.0
2025-11-10,9:30:07.619714525,T,KO,,199,70.0
2025-11-10,9:30:07.620541187,T,KO,,200,69.98
2025-11-10,9:30:07.620568185,T,KO,F I,25,69.98
2025-11-10,9:30:07.838229553,T,KO,,200,69.98
2025-11-10,9:30:07.838232631,T,KO,I,25,69.97
2025-11-10,9:30:08.142163546,T,KO,I,1,69.98
2025-11-10,9:30:08.208621738,T,KO,,200,69.97
2025-11-10,9:30:08.208624841,T,KO,I,25,69.97
2025-11-10,9:30:08.209148003,T,KO,I,21,69.96
2025-11-10,9:30:08.209148003,T,KO,I,25,69.96
2025-11-10,9:30:08.209151059,T,KO,I,1,69.96
2025-11-10,9:30:08.578620091,T,KO,F I,77,69.99
2025-11-10,9:30:08.578622987,T,KO,F I,25,69.99
2025-11-10,9:30:08.578622987,T,KO,F I,98,69.99
2025-11-10,9:30:08.578638985,T,KO,I,1,69.99
2025-11-10,9:30:08.578689203,T,KO,F I,1,69.99
2025-11-10,9:30:08.578824517,T,KO,,400,69.99
2025-11-10,9:30:08.578824517,T,KO,I,6,69.98
2025-11-10,9:30:08.578827474,T,KO,I,25,69.98
2025-11-10,9:30:08.578993000,T,KO,F I,6,69.99
2025-11-10,9:30:08.578998870,T,KO,F I,25,69.98
2025-11-10,9:30:08.579043965,T,KO,I,45,69.98
2025-11-10,9:30:08.579065080,T,KO,F,100,69.98
2025-11-10,9:30:08.579137198,T,KO,I,25,69.98
2025-11-10,9:30:08.579170254,T,KO,F I,25,69.98
2025-11-10,9:30:08.579209480,T,KO,I,25,69.98
2025-11-10,9:30:08.579486014,T,KO,F I,18,69.98
2025-11-10,9:30:08.579522188,T,KO,I,4,69.98
2025-11-10,9:30:08.579687581,T,KO,F I,25,69.97
2025-11-10,9:30:08.604677082,T,KO,I,3,69.98
2025-11-10,9:30:08.604749243,T,KO,I,25,69.97
2025-11-10,9:30:08.604749243,T,KO,I,6,69.97
2025-11-10,9:30:08.604890617,T,KO,,200,69.97
2025-11-10,9:30:08.604890617,T,KO,I,25,69.97
2025-11-10,9:30:08.604893573,T,KO,I,13,69.97
2025-11-10,9:30:08.604968796,T,KO,I,25,69.97
2025-11-10,9:30:08.605058999,T,KO,I,25,69.975
2025-11-10,9:30:08.605155183,T,KO,I,25,69.975
2025-11-10,9:30:08.605173268,T,KO,F I,25,69.975
2025-11-10,9:30:08.605176627,T,KO,F I,25,69.975
2025-11-10,9:30:08.605179256,T,KO,F I,25,69.975
2025-11-10,9:30:08.605212292,T,KO,F I,25,69.975
2025-11-10,9:30:08.605224609,T,KO,F I,25,69.97
2025-11-10,9:30:08.605224609,T,KO,F I,25,69.97
2025-11-10,9:30:08.613442993,T,KO,F,100,69.97
2025-11-10,9:30:08.613442993,T,KO,F I,6,69.97
2025-11-10,9:30:08.640757025,T,KO,F I,25,69.99
2025-11-10,9:30:08.640760036,T,KO,F,175,69.99
2025-11-10,9:30:08.685813658,T,KO,F I,6,69.98
2025-11-10,9:30:08.685813658,T,KO,F I,25,69.98
2025-11-10,9:30:08.685816419,T,KO,F,195,69.98
2025-11-10,9:30:08.685831288,T,KO,I,1,69.98
2025-11-10,9:30:08.685837410,T,KO,F I,3,69.98
2025-11-10,9:30:08.772404573,T,KO,,200,69.97
2025-11-10,9:30:08.772404573,T,KO,I,25,69.96
2025-11-10,9:30:08.772479768,T,KO,I,25,69.96
2025-11-10,9:30:09.312105854,T,KO,F,100,69.96
2025-11-10,9:30:09.314439519,T,KO,I,5,69.96
2025-11-10,9:30:09.314686080,T,KO,F,100,69.96
2025-11-10,9:30:09.314686080,T,KO,F I,92,69.96
2025-11-10,9:30:09.314710095,T,KO,F I,8,69.96
2025-11-10,9:30:09.315486002,T,KO,I,25,69.95
2025-11-10,9:30:09.315488997,T,KO,,200,69.95
2025-11-10,9:30:09.360512193,T,KO,F I,5,69.94
2025-11-10,9:30:09.512112262,T,KO,,200,69.945
2025-11-10,9:30:09.565164575,T,KO,,100,69.945
2025-11-10,9:30:09.687977118,T,KO,F I,50,69.95
2025-11-10,9:30:09.937956734,T,KO,F,200,69.96
2025-11-10,9:30:09.937962464,T,KO,F,200,69.96
2025-11-10,9:30:09.937962464,T,KO,F I,57,69.96
2025-11-10,9:30:09.937977501,T,KO,I,1,69.95
2025-11-10,9:30:09.938148943,T,KO,I,43,69.96
2025-11-10,9:30:09.938777407,T,KO,F I,50,69.96
2025-11-10,9:30:09.938795502,T,KO,F I,50,69.96
2025-11-10,9:30:10.010311813,T,KO,F I,72,69.965
2025-11-10,9:30:10.010314834,T,KO,I,28,69.965
2025-11-10,9:30:10.010314834,T,KO,,171,69.96
2025-11-10,9:30:10.010332919,T,KO,I,1,69.96
2025-11-10,9:30:10.056441773,T,KO,,200,69.97
2025-11-10,9:30:10.129371442,T,KO,F I,50,69.99
2025-11-10,9:30:10.129431581,T,KO,F I,50,69.99
2025-11-10,9:30:10.129666084,T,KO,F I,77,70.0
2025-11-10,9:30:10.129678406,T,KO,,100,69.99
2025-11-10,9:30:10.129681946,T,KO,,100,69.99
2025-11-10,9:30:10.129681946,T,KO,,100,69.98
2025-11-10,9:30:10.129684799,T,KO,I,25,69.98
2025-11-10,9:30:10.129687134,T,KO,,100,69.98
2025-11-10,9:30:10.129768664,T,KO,,100,69.99
2025-11-10,9:30:10.129771698,T,KO,,100,69.98
2025-11-10,9:30:10.129771698,T,KO,I,25,69.98
2025-11-10,9:30:10.129837885,T,KO,,200,69.98
2025-11-10,9:30:10.129969916,T,KO,F I,73,69.99
2025-11-10,9:30:10.129972864,T,KO,F I,1,69.99
2025-11-10,9:30:10.130039024,T,KO,F I,5,69.99
2025-11-10,9:30:10.130047998,T,KO,F I,8,69.99
2025-11-10,9:30:10.130047998,T,KO,F I,5,69.99
2025-11-10,9:30:10.130273607,T,KO,F I,4,69.99
2025-11-10,9:30:10.130273607,T,KO,F I,92,69.99
2025-11-10,9:30:10.132983050,T,KO,F I,25,70.01
2025-11-10,9:30:10.132986099,T,KO,F,200,70.01
2025-11-10,9:30:10.574915600,T,KO,F I,50,70.03
2025-11-10,9:30:10.579119662,T,KO,I,13,70.03
2025-11-10,9:30:10.579119662,T,KO,I,7,70.03
2025-11-10,9:30:10.579122680,T,KO,I,25,70.03
2025-11-10,9:30:10.604599462,T,KO,F,100,70.04
2025-11-10,9:30:10.604602341,T,KO,F I,25,70.04
2025-11-10,9:30:10.604608329,T,KO,F,100,70.04
2025-11-10,9:30:10.606599041,T,KO,F I,13,70.04
2025-11-10,9:30:10.633251552,T,KO,F I,5,70.05
2025-11-10,9:30:10.633254704,T,KO,F,100,70.05
2025-11-10,9:30:10.633254704,T,KO,F I,95,70.05
2025-11-10,9:30:10.633278708,T,KO,F I,5,70.05
2025-11-10,9:30:10.634096544,T,KO,F I,58,70.06
2025-11-10,9:30:10.662183453,T,KO,F,142,70.06
2025-11-10,9:30:10.662186500,T,KO,F I,58,70.06
2025-11-10,9:30:10.662466081,T,KO,I,42,70.06
2025-11-10,9:30:10.675390956,T,KO,F,100,70.06
2025-11-10,9:30:10.688953168,T,KO,F,200,70.07
2025-11-10,9:30:10.689981997,T,KO,F,100,70.06
2025-11-10,9:30:10.689981997,T,KO,F I,6,70.06
2025-11-10,9:30:10.689984666,T,KO,F I,25,70.06
2025-11-10,9:30:10.716850631,T,KO,,100,70.07
2025-11-10,9:30:10.716856774,T,KO,I,25,70.07
2025-11-10,9:30:10.716856774,T,KO,I,6,70.07
2025-11-10,9:30:10.732373644,T,KO,F,100,70.05
2025-11-10,9:30:10.741963505,T,KO,F,100,70.05
2025-11-10,9:30:10.741966427,T,KO,F,100,70.05
2025-11-10,9:30:10.741966427,T,KO,F,100,70.05
2025-11-10,9:30:11.007550025,T,KO,F I,3,70.05
2025-11-10,9:30:11.454258030,T,KO,F,100,70.06
2025-11-10,9:30:11.579127453,T,KO,F,100,70.07
2025-11-10,9:30:11.580171116,T,KO,I,6,70.06
2025-11-10,9:30:11.580173930,T,KO,I,25,70.06
2025-11-10,9:30:11.590094508,T,KO,I,6,70.07
2025-11-10,9:30:11.715634441,T,KO,I,25,70.09
2025-11-10,9:30:11.715875460,T,KO,I,25,70.08
2025-11-10,9:30:11.715878068,T,KO,,200,70.08
2025-11-10,9:30:11.716906544,T,KO,I,18,70.08
2025-11-10,9:30:11.739884307,T,KO,F I,25,70.1
2025-11-10,9:30:11.739938354,T,KO,F I,6,70.09
2025-11-10,9:30:11.740071692,T,KO,F I,6,70.09
2025-11-10,9:30:11.770461395,T,KO,F I,6,70.09
2025-11-10,9:30:11.770464048,T,KO,F I,8,70.09
2025-11-10,9:30:11.781131197,T,KO,F,200,70.11
2025-11-10,9:30:11.781131197,T,KO,F I,25,70.11
2025-11-10,9:30:11.781178701,T,KO,F,100,70.1
2025-11-10,9:30:11.781184859,T,KO,F I,6,70.1
2025-11-10,9:30:11.781334936,T,KO,F I,6,70.1
2025-11-10,9:30:11.781443236,T,KO,,100,70.09
2025-11-10,9:30:15.072981908,T,KO,F,100,70.1
2025-11-10,9:30:15.072987240,T,KO,F,100,70.1
2025-11-10,9:30:15.072987240,T,KO,F I,6,70.1
2025-11-10,9:30:15.072989823,T,KO,F I,6,70.1
2025-11-10,9:30:15.072992787,T,KO,F I,47,70.1
2025-11-10,9:30:15.072992787,T,KO,F I,4,70.1
2025-11-10,9:30:15.072995702,T,KO,F I,37,70.1
2025-11-10,9:30:15.072998765,T,KO,I,1,70.1
2025-11-10,9:30:15.073347525,T,KO,F I,1,70.1
2025-11-10,9:30:15.073921895,T,KO,I,6,70.09
2025-11-10,9:30:15.073924964,T,KO,I,25,70.09
2025-11-10,9:30:15.073931018,T,KO,,200,70.09
2025-11-10,9:30:15.074175598,T,KO,F I,1,70.09
2025-11-10,9:30:15.074177584,T,KO,F I,34,70.1
2025-11-10,9:30:15.074180794,T,KO,F I,49,70.1
2025-11-10,9:30:15.074180794,T,KO,F I,7,70.1
2025-11-10,9:30:15.099308452,T,KO,F I,25,70.09
2025-11-10,9:30:15.135995799,T,KO,F I,25,70.09
2025-11-10,9:30:15.149558051,T,KO,F I,25,70.09
2025-11-10,9:30:15.163799969,T,KO,F I,55,70.095
2025-11-10,9:30:15.514940378,T,KO,I,25,70.08
2025-11-10,9:30:15.515256054,T,KO,F,437,70.08
2025-11-10,9:30:15.619848190,T,KO,F I,25,70.08
2025-11-10,9:30:15.680749285,T,KO,I,25,70.1
2025-11-10,9:30:15.680752845,T,KO,,100,70.1
2025-11-10,9:30:15.680755339,T,KO,,100,70.1
2025-11-10,9:30:15.680758330,T,KO,,100,70.1
2025-11-10,9:30:15.680758330,T,KO,,200,70.1
2025-11-10,9:30:15.680761745,T,KO,,100,70.1
2025-11-10,9:30:15.681976109,T,KO,,100,70.09
2025-11-10,9:30:15.681979106,T,KO,I,25,70.09
2025-11-10,9:30:15.697026960,T,KO,F,100,70.085
2025-11-10,9:30:15.697030072,T,KO,F I,4,70.09
2025-11-10,9:30:15.697030072,T,KO,F I,96,70.09
2025-11-10,9:30:15.697042725,T,KO,F I,2,70.09
2025-11-10,9:30:15.697042725,T,KO,F I,25,70.09
2025-11-10,9:30:15.725555897,T,KO,F I,75,70.09
2025-11-10,9:30:15.804030863,T,KO,F I,25,70.1
2025-11-10,9:30:15.804033909,T,KO,F I,75,70.1
2025-11-10,9:30:15.804815772,T,KO,I,6,70.1
2025-11-10,9:30:15.804821787,T,KO,I,25,70.1
2025-11-10,9:30:15.805089327,T,KO,I,25,70.09
2025-11-10,9:30:15.805092371,T,KO,,200,70.09
2025-11-10,9:30:15.805293822,T,KO,F I,1,70.09
2025-11-10,9:30:15.805293822,T,KO,F I,25,70.09
2025-11-10,9:30:15.805465221,T,KO,I,1,70.09
2025-11-10,9:30:15.805465221,T,KO,I,99,70.09
2025-11-10,9:30:15.805492276,T,KO,I,1,70.09
2025-11-10,9:30:15.805763009,T,KO,F I,1,70.09
2025-11-10,9:30:15.875481064,T,KO,F I,30,70.105
2025-11-10,9:30:15.939271986,T,KO,F I,30,70.11
2025-11-10,9:30:15.980680611,T,KO,F I,54,70.11
2025-11-10,9:30:15.997616879,T,KO,F,100,70.105
2025-11-10,9:30:15.997646997,T,KO,F I,49,70.12
2025-11-10,9:30:15.998079976,T,KO,I,25,70.11
2025-11-10,9:30:15.998079976,T,KO,I,25,70.11
2025-11-10,9:30:15.998101029,T,KO,,100,70.12
2025-11-10,9:30:15.998278533,T,KO,F I,1,70.11
2025-11-10,9:30:16.010418652,T,KO,F I,25,70.11
2025-11-10,9:30:16.010418652,T,KO,F,300,70.11
2025-11-10,9:30:16.010421396,T,KO,F,100,70.11
2025-11-10,9:30:16.063939948,T,KO,F,100,70.12
2025-11-10,9:30:16.064348904,T,KO,I,1,70.12
2025-11-10,9:30:16.064369936,T,KO,I,1,70.11
2025-11-10,9:30:16.064373140,T,KO,,158,70.11
2025-11-10,9:30:16.064390945,T,KO,I,42,70.11
2025-11-10,9:30:16.064393927,T,KO,I,7,70.11
2025-11-10,9:30:16.074438278,T,KO,F I,1,70.11
2025-11-10,9:30:16.074438278,T,KO,F,100,70.11
2025-11-10,9:30:16.088183687,T,KO,F,200,70.115
2025-11-10,9:30:16.088195629,T,KO,F I,25,70.13
2025-11-10,9:30:16.088246827,T,KO,F I,25,70.12
2025-11-10,9:30:16.098603454,T,KO,F,100,70.12
2025-11-10,9:30:16.098603454,T,KO,F I,25,70.12
2025-11-10,9:30:16.106557338,T,KO,F,200,70.115
2025-11-10,9:30:16.106569416,T,KO,F I,25,70.13
2025-11-10,9:30:16.106951438,T,KO,F I,25,70.12
2025-11-10,9:30:16.107243101,T,KO,I,25,70.11
2025-11-10,9:30:16.120781299,T,KO,I,26,70.11
2025-11-10,9:30:16.130774055,T,KO,F I,25,70.12
2025-11-10,9:30:16.130777408,T,KO,F,200,70.12
2025-11-10,9:30:16.130777408,T,KO,F I,75,70.12
2025-11-10,9:30:16.130795101,T,KO,I,1,70.12
2025-11-10,9:30:16.131412386,T,KO,I,25,70.11
2025-11-10,9:30:16.168360804,T,KO,F,175,70.12
2025-11-10,9:30:16.168360804,T,KO,F I,25,70.12
2025-11-10,9:30:16.390156822,T,KO,I,25,70.11
2025-11-10,9:30:16.390156822,T,KO,I,3,70.11
2025-11-10,9:30:16.397332302,T,KO,I,25,70.1
2025-11-10,9:30:16.397332302,T,KO,,200,70.1
2025-11-10,9:30:17.647971630,T,KO,F I,5,70.09
2025-11-10,9:30:18.228185575,T,KO,F I,47,70.09
2025-11-10,9:30:18.243302532,T,KO,F I,2,70.09
2025-11-10,9:30:18.656236998,T,KO,F I,50,70.1
2025-11-10,9:30:19.500209169,T,KO,F I,1,70.11
2025-11-10,9:30:19.500242225,T,KO,F I,49,70.11
2025-11-10,9:30:19.501863136,T,KO,F I,50,70.12
2025-11-10,9:30:19.502112687,T,KO,F I,50,70.12
2025-11-10,9:30:19.649030604,T,KO,I,50,70.13
2025-11-10,9:30:19.649765112,T,KO,F I,15,70.14
2025-11-10,9:30:19.649765112,T,KO,F I,11,70.14
2025-11-10,9:30:19.649770401,T,KO,F I,50,70.14
2025-11-10,9:30:19.665245685,T,KO,F I,21,70.15
2025-11-10,9:30:19.665299320,T,KO,F I,25,70.15
2025-11-10,9:30:19.665597022,T,KO,F I,50,70.15
2025-11-10,9:30:19.744438831,T,KO,F I,1,70.14
2025-11-10,9:30:21.345058137,T,KO,F I,50,70.15
2025-11-10,9:30:21.364460292,T,KO,F I,5,70.16
2025-11-10,9:30:21.374693742,T,KO,F I,1,70.16
2025-11-10,9:30:21.396579862,T,KO,I,12,70.15
2025-11-10,9:30:21.396615884,T,KO,,242,70.16
2025-11-10,9:30:21.396618877,T,KO,I,50,70.16
2025-11-10,9:30:22.649519890,T,KO,F I,5,70.17
2025-11-10,9:30:22.675423600,T,KO,F I,13,70.19
2025-11-10,9:30:22.683248250,T,KO,F I,1,70.19
2025-11-10,9:30:22.742233795,T,KO,,200,70.17
2025-11-10,9:30:22.742233795,T,KO,I,22,70.17
2025-11-10,9:30:22.744248508,T,KO,F,186,70.17
2025-11-10,9:30:24.067520645,T,KO,F I,19,70.2
2025-11-10,9:30:24.067526321,T,KO,F I,68,70.2
2025-11-10,9:30:24.067857526,T,KO,I,33,70.19
2025-11-10,9:30:24.067857526,T,KO,,200,70.19
2025-11-10,9:30:24.068013442,T,KO,F,100,70.2
2025-11-10,9:30:24.068013442,T,KO,F,100,70.2
2025-11-10,9:30:24.068016462,T,KO,F I,25,70.2
2025-11-10,9:30:24.068019524,T,KO,F,200,70.2
2025-11-10,9:30:24.068103807,T,KO,,100,70.2
2025-11-10,9:30:24.068107039,T,KO,,248,70.21
2025-11-10,9:30:24.068109916,T,KO,I,25,70.21
2025-11-10,9:30:24.068109916,T,KO,,100,70.21
2025-11-10,9:30:24.068115840,T,KO,,100,70.21
2025-11-10,9:30:24.068217963,T,KO,F,347,70.21
2025-11-10,9:30:24.074081942,T,KO,F,100,70.22
2025-11-10,9:30:24.074364589,T,KO,,100,70.22
2025-11-10,9:30:24.074427803,T,KO,F,100,70.22
2025-11-10,9:30:24.105984866,T,KO,,100,70.23
2025-11-10,9:30:24.182129354,T,KO,,100,70.225
2025-11-10,9:30:24.208772714,T,KO,F I,33,70.225
2025-11-10,9:30:24.219601529,T,KO,F I,2,70.225
2025-11-10,9:30:24.611509959,T,KO,I,10,70.235
2025-11-10,9:30:24.997701806,T,KO,F I,62,70.22
2025-11-10,9:30:24.997704835,T,KO,F I,11,70.22
2025-11-10,9:30:25.606820567,T,KO,F,200,70.2
2025-11-10,9:30:25.608008337,T,KO,F I,50,70.2
2025-11-10,9:30:25.608161754,T,KO,F,200,70.19
2025-11-10,9:30:25.608161754,T,KO,F I,25,70.19
2025-11-10,9:30:25.635069834,T,KO,F I,37,70.2
2025-11-10,9:30:25.647125576,T,KO,F I,2,70.2
2025-11-10,9:30:26.907304366,T,KO,I,27,70.18
2025-11-10,9:30:26.923323443,T,KO,F I,1,70.18
2025-11-10,9:30:26.923326039,T,KO,F I,8,70.18
2025-11-10,9:30:28.058057678,T,KO,F I,1,70.175
2025-11-10,9:30:28.065876331,T,KO,F I,1,70.175
2025-11-10,9:30:30.078903773,T,KO,I,22,70.15
2025-11-10,9:30:30.078906857,T,KO,I,22,70.15
2025-11-10,9:30:30.078906857,T,KO,I,22,70.15
2025-11-10,9:30:30.089308718,T,KO,F I,49,70.14
2025-11-10,9:30:30.104506764,T,KO,F I,1,70.13
2025-11-10,9:30:30.117936806,T,KO,F I,1,70.13
2025-11-10,9:30:30.528646048,T,KO,,200,70.11
2025-11-10,9:30:30.528649034,T,KO,I,25,70.11
2025-11-10,9:30:30.528661033,T,KO,I,1,70.11
2025-11-10,9:30:30.528664020,T,KO,F I,60,70.11
2025-11-10,9:30:30.529343599,T,KO,F I,50,70.11
2025-11-10,9:30:30.529545268,T,KO,F I,50,70.11
2025-11-10,9:30:30.529578240,T,KO,F,200,70.11
2025-11-10,9:30:30.529587218,T,KO,F,100,70.11
2025-11-10,9:30:30.529623302,T,KO,F,100,70.11
2025-11-10,9:30:30.529653403,T,KO,,100,70.1
2025-11-10,9:30:30.529656513,T,KO,,100,70.1
2025-11-10,9:30:30.529659421,T,KO,,200,70.1
2025-11-10,9:30:30.529832024,T,KO,I,50,70.1
2025-11-10,9:30:30.529836867,T,KO,,100,70.11
2025-11-10,9:30:30.529836867,T,KO,I,50,70.11
2025-11-10,9:30:30.529836867,T,KO,I,1,70.11
2025-11-10,9:30:30.530784974,T,KO,,100,70.1
2025-11-10,9:30:30.530784974,T,KO,I,1,70.1
2025-11-10,9:30:30.530787799,T,KO,,100,70.1
2025-11-10,9:30:30.566981554,T,KO,F I,50,70.11
2025-11-10,9:30:30.566981554,T,KO,F I,50,70.11
2025-11-10,9:30:30.566993317,T,KO,F I,50,70.11
2025-11-10,9:30:30.566999394,T,KO,I,1,70.11
2025-11-10,9:30:30.567002347,T,KO,F I,16,70.11
2025-11-10,9:30:30.567005498,T,KO,I,50,70.11
2025-11-10,9:30:30.567294070,T,KO,I,50,70.11
2025-11-10,9:30:30.567375211,T,KO,I,50,70.11
2025-11-10,9:30:30.576751589,T,KO,F I,25,70.12
2025-11-10,9:30:30.589814641,T,KO,F I,4,70.12
2025-11-10,9:30:30.606170676,T,KO,F I,2,70.11
2025-11-10,9:30:30.618605302,T,KO,F I,1,70.12
2025-11-10,9:30:30.948337598,T,KO,F I,50,70.12
2025-11-10,9:30:30.955927732,T,KO,F I,10,70.13
2025-11-10,9:30:31.376981655,T,KO,F I,40,70.13
2025-11-10,9:30:31.377471827,T,KO,I,25,70.14
2025-11-10,9:30:31.377471827,T,KO,I,50,70.14
2025-11-10,9:30:31.378052199,T,KO,F I,50,70.14
2025-11-10,9:30:31.402052439,T,KO,F I,34,70.15
2025-11-10,9:30:31.414318622,T,KO,F I,8,70.15
2025-11-10,9:30:31.604741079,T,KO,,199,70.14
2025-11-10,9:30:31.604762102,T,KO,I,1,70.14
2025-11-10,9:30:31.636415515,T,KO,F I,10,70.14
2025-11-10,9:30:31.648260753,T,KO,F I,6,70.14
2025-11-10,9:30:31.697957050,T,KO,F I,4,70.14
2025-11-10,9:30:34.307371517,T,KO,,100,70.125
2025-11-10,9:30:34.307373940,T,KO,I,38,70.11
2025-11-10,9:30:34.307422040,T,KO,F I,39,70.12
2025-11-10,9:30:34.307428228,T,KO,F I,11,70.12
2025-11-10,9:30:34.308161849,T,KO,I,50,70.14
2025-11-10,9:30:34.319264335,T,KO,F I,50,70.14
2025-11-10,9:30:34.330282533,T,KO,F I,4,70.14
2025-11-10,9:30:34.665692829,T,KO,F I,46,70.14
2025-11-10,9:30:35.090484102,T,KO,F I,50,70.14
2025-11-10,9:30:35.090577382,T,KO,F I,50,70.14
2025-11-10,9:30:36.060309028,T,KO,I,3,70.14
2025-11-10,9:30:38.013641309,T,KO,I,4,70.13
2025-11-10,9:30:38.013692478,T,KO,I,56,70.13
2025-11-10,9:30:38.040850115,T,KO,F I,9,70.13
2025-11-10,9:30:38.707823686,T,KO,I,41,70.13
2025-11-10,9:30:40.348630615,T,KO,,199,70.12
2025-11-10,9:30:40.349520917,T,KO,F I,3,70.11
2025-11-10,9:30:40.395888217,T,KO,F I,50,70.11
2025-11-10,9:30:40.395963429,T,KO,F I,50,70.11
2025-11-10,9:30:40.396192389,T,KO,F I,50,70.11
2025-11-10,9:30:40.396288371,T,KO,I,50,70.11
2025-11-10,9:30:40.396441568,T,KO,F I,50,70.12
2025-11-10,9:30:40.396459570,T,KO,F,100,70.12
2025-11-10,9:30:40.396601028,T,KO,F I,50,70.12
2025-11-10,9:30:40.396754315,T,KO,F I,50,70.12
2025-11-10,9:30:40.396943731,T,KO,I,50,70.13
2025-11-10,9:30:40.396943731,T,KO,,100,70.13
2025-11-10,9:30:40.431637385,T,KO,F I,3,70.14
2025-11-10,9:30:40.432371070,T,KO,I,39,70.13
2025-11-10,9:30:40.433261587,T,KO,F I,50,70.12
2025-11-10,9:30:40.433261587,T,KO,F I,39,70.12
2025-11-10,9:30:40.433339904,T,KO,F I,50,70.12
2025-11-10,9:30:40.433558936,T,KO,I,1,70.12
2025-11-10,9:30:40.433622077,T,KO,I,12,70.12
2025-11-10,9:30:40.433622077,T,KO,I,27,70.12
2025-11-10,9:30:40.433727364,T,KO,I,50,70.12
2025-11-10,9:30:40.433727364,T,KO,,100,70.12
2025-11-10,9:30:40.433730388,T,KO,I,40,70.12
2025-11-10,9:30:40.433757426,T,KO,F I,60,70.12
2025-11-10,9:30:40.434139340,T,KO,F I,50,70.12
2025-11-10,9:30:40.434464942,T,KO,,100,70.12
2025-11-10,9:30:40.434467195,T,KO,I,1,70.12
2025-11-10,9:30:40.434831372,T,KO,I,1,70.12
2025-11-10,9:30:40.434831372,T,KO,,100,70.12
2025-11-10,9:30:40.434834433,T,KO,I,50,70.12
2025-11-10,9:30:40.434837243,T,KO,I,25,70.12
2025-11-10,9:30:40.434948244,T,KO,F,100,70.12
2025-11-10,9:30:40.439347754,T,KO,I,19,70.12
2025-11-10,9:30:40.443184815,T,KO,F,100,70.13
2025-11-10,9:30:40.443187858,T,KO,F I,50,70.13
2025-11-10,9:30:40.443202927,T,KO,I,1,70.13
2025-11-10,9:30:40.455556337,T,KO,F I,20,70.13
2025-11-10,9:30:40.467188072,T,KO,F I,1,70.13
2025-11-10,9:30:40.558593670,T,KO,,100,70.12
2025-11-10,9:30:40.567013878,T,KO,F I,20,70.11
2025-11-10,9:30:40.567485960,T,KO,I,30,70.11
2025-11-10,9:30:40.578398994,T,KO,F I,5,70.12
2025-11-10,9:30:40.590153932,T,KO,F I,10,70.12
2025-11-10,9:30:40.601935992,T,KO,F I,1,70.12
2025-11-10,9:30:41.034053169,T,KO,I,7,70.11
2025-11-10,9:30:41.460826667,T,KO,F I,3,70.12
2025-11-10,9:30:45.046545942,T,KO,,100,70.11
2025-11-10,9:30:45.061936568,T,KO,F I,12,70.12
2025-11-10,9:30:45.061954561,T,KO,F I,35,70.12
2025-11-10,9:30:45.061957717,T,KO,F,100,70.12
2025-11-10,9:30:45.061961210,T,KO,F,200,70.12
2025-11-10,9:30:45.062414754,T,KO,F I,50,70.12
2025-11-10,9:30:45.062694342,T,KO,,100,70.12
2025-11-10,9:30:45.095758149,T,KO,F I,50,70.12
2025-11-10,9:30:45.095761151,T,KO,F I,9,70.12
2025-11-10,9:30:45.118456173,T,KO,F I,3,70.12
2025-11-10,9:30:45.964915239,T,KO,I,85,70.1
2025-11-10,9:30:45.964939211,T,KO,F I,22,70.1
2025-11-10,9:30:45.965742168,T,KO,I,50,70.09
2025-11-10,9:30:45.965844424,T,KO,I,1,70.09
2025-11-10,9:30:45.965844424,T,KO,I,99,70.09
2025-11-10,9:30:45.965865505,T,KO,I,1,70.09
2025-11-10,9:30:45.966175179,T,KO,I,2,70.09
2025-11-10,9:30:45.966175179,T,KO,I,1,70.09
2025-11-10,9:30:45.966178158,T,KO,I,50,70.09
2025-11-10,9:30:45.966472939,T,KO,,100,70.09
2025-11-10,9:30:45.966944988,T,KO,I,2,70.09
2025-11-10,9:30:45.968647045,T,KO,I,6,70.08
2025-11-10,9:30:45.968650061,T,KO,I,57,70.08
2025-11-10,9:30:45.972027142,T,KO,I,50,70.08
2025-11-10,9:30:45.999341253,T,KO,F I,29,70.09
2025-11-10,9:30:45.999365207,T,KO,F I,71,70.09
2025-11-10,9:30:45.999365207,T,KO,F I,50,70.09
2025-11-10,9:30:45.999368395,T,KO,F I,25,70.09
2025-11-10,9:30:45.999371222,T,KO,F,100,70.09
2025-11-10,9:30:45.999374242,T,KO,F I,7,70.09
2025-11-10,9:30:45.999686986,T,KO,F I,74,70.09
2025-11-10,9:30:45.999708060,T,KO,I,26,70.09
2025-11-10,9:30:46.010557926,T,KO,F I,49,70.1
2025-11-10,9:30:46.305193612,T,KO,I,50,70.08
2025-11-10,9:30:46.305458321,T,KO,,100,70.08
2025-11-10,9:30:46.305482458,T,KO,I,1,70.08
2025-11-10,9:30:46.305482458,T,KO,I,25,70.08
2025-11-10,9:30:46.325651418,T,KO,F I,16,70.09
2025-11-10,9:30:46.325708560,T,KO,I,84,70.09
2025-11-10,9:30:46.569926141,T,KO,F,100,70.1
2025-11-10,9:30:46.592651328,T,KO,F I,24,70.1
2025-11-10,9:30:46.603549252,T,KO,F I,1,70.11
2025-11-10,9:30:46.603621437,T,KO,I,24,70.11
2025-11-10,9:30:46.603624990,T,KO,,100,70.11
2025-11-10,9:30:46.603624990,T,KO,,100,70.11
2025-11-10,9:30:46.603627480,T,KO,I,1,70.11
2025-11-10,9:30:46.604009294,T,KO,F,100,70.11
2025-11-10,9:30:46.604442423,T,KO,I,1,70.11
2025-11-10,9:30:46.907437996,T,KO,F I,25,70.1
2025-11-10,9:30:46.907440978,T,KO,F,200,70.1
2025-11-10,9:30:46.939142747,T,KO,F I,39,70.11
2025-11-10,9:30:46.939173338,T,KO,I,61,70.11
2025-11-10,9:30:46.939179019,T,KO,I,25,70.11
2025-11-10,9:30:46.939179019,T,KO,,200,70.11
2025-11-10,9:30:47.573999538,T,KO,,100,70.105
2025-11-10,9:30:47.593846813,T,KO,F I,5,70.12
2025-11-10,9:30:50.787264672,T,KO,I,25,70.1
2025-11-10,9:30:50.787269704,T,KO,I,41,70.1
2025-11-10,9:30:50.788929613,T,KO,F I,7,70.07
2025-11-10,9:30:50.789690373,T,KO,I,50,70.06
2025-11-10,9:30:50.801821331,T,KO,F I,97,70.07
2025-11-10,9:30:50.801839350,T,KO,I,1,70.07
2025-11-10,9:30:50.802028754,T,KO,F I,50,70.07
2025-11-10,9:30:50.807062821,T,KO,F I,50,70.07
2025-11-10,9:30:50.812403554,T,KO,F I,12,70.08
2025-11-10,9:30:50.823749589,T,KO,F I,1,70.08
2025-11-10,9:30:51.826508793,T,KO,F I,50,70.08
2025-11-10,9:30:51.846777086,T,KO,F I,5,70.08
2025-11-10,9:30:54.186186885,T,KO,F I,45,70.08
2025-11-10,9:30:54.205667263,T,KO,F I,2,70.09
2025-11-10,9:30:54.205685246,T,KO,F I,48,70.09
2025-11-10,9:30:54.214806083,T,KO,F I,8,70.1
2025-11-10,9:30:57.236114368,T,KO,I,1,70.1
2025-11-10,9:30:57.250244594,T,KO,F I,20,70.1
2025-11-10,9:30:57.250265694,T,KO,I,21,70.1
2025-11-10,9:30:57.250265694,T,KO,I,19,70.1
2025-11-10,9:30:57.250292691,T,KO,F,100,70.1
2025-11-10,9:30:57.250587408,T,KO,,152,70.09
2025-11-10,9:30:57.260312569,T,KO,F I,31,70.08
2025-11-10,9:30:57.270924929,T,KO,F I,1,70.08
2025-11-10,9:30:57.298220845,T,KO,I,18,70.08
2025-11-10,9:30:57.298512640,T,KO,I,50,70.08
2025-11-10,9:30:57.315909025,T,KO,F I,19,70.08
2025-11-10,9:30:57.315927138,T,KO,F I,31,70.08
2025-11-10,9:30:57.325826703,T,KO,F I,5,70.09
2025-11-10,9:30:59.134321983,T,KO,F I,50,70.1
2025-11-10,9:30:59.134406190,T,KO,I,50,70.1
2025-11-10,9:30:59.166718074,T,KO,F I,18,70.12
2025-11-10,9:30:59.177793490,T,KO,F I,1,70.12
2025-11-10,9:31:01.879112299,T,KO,F I,50,70.12
2025-11-10,9:31:01.879485869,T,KO,,100,70.12
2025-11-10,9:31:01.879617510,T,KO,F,100,70.12
2025-11-10,9:31:01.879912242,T,KO,I,23,70.12
2025-11-10,9:31:01.909848553,T,KO,,100,70.11
2025-11-10,9:31:03.412094367,T,KO,,100,70.11
2025-11-10,9:31:03.414223512,T,KO,,100,70.11
2025-11-10,9:31:03.427918051,T,KO,I,25,70.12
2025-11-10,9:31:03.428549649,T,KO,F I,49,70.11
2025-11-10,9:31:03.439294142,T,KO,F I,8,70.11
2025-11-10,9:31:03.449073474,T,KO,F I,1,70.11
2025-11-10,9:31:04.474028668,T,KO,I,49,70.11
2025-11-10,9:31:04.474031558,T,KO,I,30,70.11
2025-11-10,9:31:04.512397034,T,KO,F I,18,70.11
2025-11-10,9:31:04.521923671,T,KO,F I,1,70.11
2025-11-10,9:31:05.004831797,T,KO,F I,3,70.105
2025-11-10,9:31:05.005745988,T,KO,I,27,70.09
2025-11-10,9:31:05.005749110,T,KO,,173,70.09
2025-11-10,9:31:05.005764071,T,KO,I,1,70.09
2025-11-10,9:31:05.005770029,T,KO,F I,26,70.09
2025-11-10,9:31:05.006270360,T,KO,,100,70.09
2025-11-10,9:31:05.006272460,T,KO,I,25,70.1
2025-11-10,9:31:05.006275643,T,KO,,149,70.1
2025-11-10,9:31:05.006290419,T,KO,F I,1,70.09
2025-11-10,9:31:05.006293349,T,KO,F I,1,70.09
2025-11-10,9:31:05.006296497,T,KO,I,1,70.1
2025-11-10,9:31:05.006299313,T,KO,F,299,70.09
2025-11-10,9:31:05.006311613,T,KO,F I,1,70.09
2025-11-10,9:31:05.006311613,T,KO,F I,1,70.09
2025-11-10,9:31:05.006314368,T,KO,F I,1,70.09
2025-11-10,9:31:05.006543066,T,KO,I,2,70.09
2025-11-10,9:31:05.006543066,T,KO,I,25,70.09
2025-11-10,9:31:05.161928997,T,KO,F I,25,70.1
2025-11-10,9:31:05.162040252,T,KO,,100,70.1
2025-11-10,9:31:05.162076341,T,KO,F I,2,70.1
2025-11-10,9:31:05.255487828,T,KO,F I,2,70.1
2025-11-10,9:31:05.615538600,T,KO,I,2,70.1
2025-11-10,9:31:05.615541359,T,KO,I,23,70.1
2025-11-10,9:31:05.631813042,T,KO,F I,1,70.1
2025-11-10,9:31:06.133167194,T,KO,F I,30,70.09
2025-11-10,9:31:06.134545373,T,KO,F,100,70.09
2025-11-10,9:31:06.134550434,T,KO,F,100,70.09
2025-11-10,9:31:06.134550434,T,KO,F I,2,70.09
2025-11-10,9:31:06.151917063,T,KO,F I,54,70.1
2025-11-10,9:31:06.492643330,T,KO,F I,1,70.11
2025-11-10,9:31:07.091083611,T,KO,F I,24,70.11
2025-11-10,9:31:11.245679762,T,KO,I,70,70.13
2025-11-10,9:31:11.245698683,T,KO,F I,30,70.13
2025-11-10,9:31:11.245700793,T,KO,F I,62,70.13
2025-11-10,9:31:11.268937108,T,KO,F I,50,70.14
2025-11-10,9:31:15.343419367,T,KO,F I,5,70.16
2025-11-10,9:31:16.920772143,T,KO,F,200,70.13
2025-11-10,9:31:16.934860667,T,KO,F I,53,70.11
2025-11-10,9:31:16.946561690,T,KO,F I,3,70.11
2025-11-10,9:31:21.855095541,T,KO,,100,70.1
2025-11-10,9:31:21.855095541,T,KO,,100,70.1
2025-11-10,9:31:21.855098577,T,KO,I,25,70.09
2025-11-10,9:31:21.855591922,T,KO,F,100,70.1
2025-11-10,9:31:21.855594418,T,KO,F I,75,70.09
2025-11-10,9:31:21.889752806,T,KO,F I,57,70.12
2025-11-10,9:31:21.890077617,T,KO,I,51,70.11
2025-11-10,9:31:21.899291550,T,KO,F I,5,70.11
2025-11-10,9:31:21.909398546,T,KO,F I,1,70.11
2025-11-10,9:31:22.384124312,T,KO,F I,12,70.11
2025-11-10,9:31:23.935690615,T,KO,I,5,70.11
2025-11-10,9:31:23.935714636,T,KO,I,77,70.11
2025-11-10,9:31:23.935718249,T,KO,I,51,70.11
2025-11-10,9:31:23.935718249,T,KO,I,30,70.11
2025-11-10,9:31:23.935720710,T,KO,I,1,70.11
2025-11-10,9:31:23.946203636,T,KO,I,25,70.13
2025-11-10,9:31:23.958048901,T,KO,F I,6,70.13
2025-11-10,9:31:23.958103038,T,KO,I,51,70.12
2025-11-10,9:31:23.967795098,T,KO,F I,23,70.12
2025-11-10,9:31:23.976864691,T,KO,F I,1,70.12
2025-11-10,9:31:25.262796349,T,KO,I,2,70.09
2025-11-10,9:31:26.764191221,T,KO,I,98,70.09
2025-11-10,9:31:26.791397065,T,KO,F I,10,70.1
2025-11-10,9:31:26.799666744,T,KO,F I,1,70.1
2025-11-10,9:31:27.637663599,T,KO,F I,1,70.1
2025-11-10,9:31:28.819664886,T,KO,I,35,70.1
2025-11-10,9:31:28.819685876,T,KO,F I,4,70.1
2025-11-10,9:31:28.819691879,T,KO,F I,4,70.1
2025-11-10,9:31:28.840005240,T,KO,F I,2,70.11
2025-11-10,9:31:28.968432104,T,KO,F I,3,70.11
2025-11-10,9:31:29.997949180,T,KO,F I,87,70.11
2025-11-10,9:31:29.997952154,T,KO,I,10,70.11
2025-11-10,9:31:29.997955161,T,KO,,100,70.11
2025-11-10,9:31:29.997958222,T,KO,I,87,70.11
2025-11-10,9:31:29.997970272,T,KO,I,1,70.11
2025-11-10,9:31:32.257302375,T,KO,I,50,70.105
2025-11-10,9:31:32.273098956,T,KO,F I,3,70.12
2025-11-10,9:31:32.273156160,T,KO,I,51,70.11
2025-11-10,9:31:32.289232405,T,KO,F I,2,70.11
2025-11-10,9:31:32.289256773,T,KO,F I,98,70.11
2025-11-10,9:31:32.289259677,T,KO,F,100,70.11
2025-11-10,9:31:32.289262676,T,KO,F I,51,70.11
2025-11-10,9:31:32.289262676,T,KO,F I,25,70.11
2025-11-10,9:31:32.297198348,T,KO,F I,23,70.12
2025-11-10,9:31:32.297219444,T,KO,F I,2,70.12
2025-11-10,9:31:32.297222547,T,KO,F,100,70.12
2025-11-10,9:31:32.297240502,T,KO,I,1,70.12
2025-11-10,9:31:32.308282784,T,KO,F I,17,70.13
2025-11-10,9:31:32.316110403,T,KO,F I,1,70.13
2025-11-10,9:31:33.054519109,T,KO,F I,5,70.13
2025-11-10,9:31:33.067034908,T,KO,F I,1,70.13
2025-11-10,9:31:38.982556011,T,KO,,200,70.135
2025-11-10,9:31:39.001600467,T,KO,F I,10,70.14
2025-11-10,9:31:39.029867779,T,KO,F I,8,70.15
2025-11-10,9:31:39.080980463,T,KO,F I,1,70.15
2025-11-10,9:31:40.164566298,T,KO,I,50,70.14
2025-11-10,9:31:40.180729775,T,KO,F I,2,70.15
2025-11-10,9:31:40.562362692,T,KO,F I,1,70.15
2025-11-10,9:31:41.527571888,T,KO,F,194,70.12
2025-11-10,9:31:41.527574620,T,KO,F I,25,70.12
2025-11-10,9:31:41.527854426,T,KO,F,194,70.11
2025-11-10,9:31:41.527854426,T,KO,F I,25,70.11
2025-11-10,9:31:41.529502226,T,KO,F,194,70.1
2025-11-10,9:31:41.529502226,T,KO,F I,75,70.1
2025-11-10,9:31:41.530494611,T,KO,F I,29,70.09
2025-11-10,9:31:41.531056869,T,KO,,100,70.09
2025-11-10,9:31:41.543954651,T,KO,F I,6,70.07
2025-11-10,9:31:41.543960658,T,KO,F,200,70.07
2025-11-10,9:31:41.543960658,T,KO,F I,22,70.07
2025-11-10,9:31:41.543963611,T,KO,F,400,70.07
2025-11-10,9:31:41.544420738,T,KO,F,200,70.07
2025-11-10,9:31:41.555820877,T,KO,F,190,70.07
2025-11-10,9:31:41.555820877,T,KO,F,110,70.07
2025-11-10,9:31:41.564144690,T,KO,,100,70.07
2025-11-10,9:31:41.564884403,T,KO,F I,40,70.07
2025-11-10,9:31:41.569398234,T,KO,F,241,70.08
2025-11-10,9:31:41.569416419,T,KO,I,1,70.08
2025-11-10,9:31:41.569423036,T,KO,F I,58,70.08
2025-11-10,9:31:41.569437313,T,KO,I,52,70.07
2025-11-10,9:31:41.569437313,T,KO,,100,70.07
2025-11-10,9:31:41.569440326,T,KO,I,95,70.06
2025-11-10,9:31:41.569452832,T,KO,,109,70.07
2025-11-10,9:31:41.569452832,T,KO,,300,70.07
2025-11-10,9:31:41.569512769,T,KO,,105,70.06
2025-11-10,9:31:41.569512769,T,KO,I,22,70.06
2025-11-10,9:31:41.569518442,T,KO,I,25,70.06
2025-11-10,9:31:41.569855318,T,KO,F I,6,70.06
2025-11-10,9:31:41.569933525,T,KO,,400,70.06
2025-11-10,9:31:41.569936430,T,KO,,100,70.06
2025-11-10,9:31:41.569939780,T,KO,I,25,70.06
2025-11-10,9:31:41.570039428,T,KO,,100,70.06
2025-11-10,9:31:41.570282346,T,KO,F I,6,70.06
2025-11-10,9:31:41.571221561,T,KO,F,200,70.05
2025-11-10,9:31:41.571221561,T,KO,F I,25,70.05
2025-11-10,9:31:41.571221561,T,KO,F I,23,70.05
2025-11-10,9:31:41.571223789,T,KO,F I,23,70.05
2025-11-10,9:31:41.571226612,T,KO,F I,28,70.05
2025-11-10,9:31:41.595106424,T,KO,F I,25,70.07
2025-11-10,9:31:43.004569375,T,KO,F I,6,70.08
2025-11-10,9:31:43.005484615,T,KO,F,200,70.08
2025-11-10,9:31:43.005484615,T,KO,F,300,70.08
2025-11-10,9:31:43.006821749,T,KO,,100,70.08
2025-11-10,9:31:43.006840027,T,KO,I,1,70.08
2025-11-10,9:31:43.036520474,T,KO,F I,1,70.08
2025-11-10,9:31:43.046997486,T,KO,F I,5,70.1
2025-11-10,9:31:43.047250510,T,KO,F I,20,70.1
2025-11-10,9:31:43.047469561,T,KO,I,52,70.09
2025-11-10,9:31:43.047472522,T,KO,I,2,70.09
2025-11-10,9:31:43.047478599,T,KO,,171,70.09
2025-11-10,9:31:43.047478599,T,KO,I,25,70.09
2025-11-10,9:31:43.047752226,T,KO,F I,2,70.095
2025-11-10,9:31:43.047764221,T,KO,F I,2,70.095
2025-11-10,9:31:43.047770225,T,KO,F I,2,70.095
2025-11-10,9:31:43.047773232,T,KO,F I,2,70.095
2025-11-10,9:31:43.057249050,T,KO,F,100,70.1
2025-11-10,9:31:43.057251852,T,KO,F I,6,70.1
2025-11-10,9:31:43.057266931,T,KO,I,1,70.1
2025-11-10,9:31:43.070194635,T,KO,F I,7,70.1
2025-11-10,9:31:43.074257861,T,KO,F,157,70.1
2025-11-10,9:31:43.074260800,T,KO,F I,52,70.1
2025-11-10,9:31:43.074263567,T,KO,F I,11,70.1
2025-11-10,9:31:43.074266744,T,KO,F I,94,70.1
2025-11-10,9:31:43.074269729,T,KO,F,115,70.1
2025-11-10,9:31:43.074269729,T,KO,F I,33,70.1
2025-11-10,9:31:43.074272401,T,KO,F I,46,70.1
2025-11-10,9:31:43.079850728,T,KO,F I,25,70.11
2025-11-10,9:31:43.079880791,T,KO,I,2,70.11
2025-11-10,9:31:43.080151929,T,KO,F I,25,70.11
2025-11-10,9:31:43.080151929,T,KO,F,100,70.11
2025-11-10,9:31:43.080154617,T,KO,F I,2,70.11
2025-11-10,9:31:43.080157693,T,KO,F I,4,70.11
2025-11-10,9:31:43.080157693,T,KO,F,100,70.11
2025-11-10,9:31:43.080160390,T,KO,F,200,70.11
2025-11-10,9:31:43.080199560,T,KO,F,100,70.11
2025-11-10,9:31:43.086174787,T,KO,F I,2,70.11
2025-11-10,9:31:43.086178018,T,KO,F I,34,70.11
2025-11-10,9:31:43.086198763,T,KO,F I,66,70.11
2025-11-10,9:31:43.086198763,T,KO,F I,25,70.11
2025-11-10,9:31:43.086201768,T,KO,F I,36,70.11
2025-11-10,9:31:43.086204790,T,KO,F I,34,70.11
2025-11-10,9:31:43.086255937,T,KO,I,80,70.11
2025-11-10,9:31:43.086283009,T,KO,F I,20,70.11
2025-11-10,9:31:43.086286291,T,KO,F I,2,70.11
2025-11-10,9:31:43.086289162,T,KO,F I,4,70.11
2025-11-10,9:31:43.096732852,T,KO,F I,37,70.11
2025-11-10,9:31:43.106891058,T,KO,F I,2,70.11
2025-11-10,9:31:43.574808576,T,KO,F,105,70.11
2025-11-10,9:31:43.575064139,T,KO,F I,95,70.11
2025-11-10,9:31:43.575067191,T,KO,F I,8,70.1
2025-11-10,9:31:43.597091589,T,KO,F I,40,70.11
2025-11-10,9:31:43.620700895,T,KO,F I,1,70.11
2025-11-10,9:31:43.620703889,T,KO,F I,1,70.11
2025-11-10,9:31:43.902478270,T,KO,F,100,70.1
2025-11-10,9:31:43.902484017,T,KO,F I,52,70.1
2025-11-10,9:31:43.902486943,T,KO,F,100,70.1
2025-11-10,9:31:43.902486943,T,KO,F,100,70.1
2025-11-10,9:31:43.902490029,T,KO,F,100,70.1
2025-11-10,9:31:43.902490029,T,KO,F,100,70.1
2025-11-10,9:31:43.902493041,T,KO,F I,25,70.1
2025-11-10,9:31:44.181176808,T,KO,F I,36,70.1
2025-11-10,9:31:44.181176808,T,KO,F I,16,70.1
2025-11-10,9:31:44.181197370,T,KO,F I,9,70.1
2025-11-10,9:31:44.181197370,T,KO,F I,19,70.1
2025-11-10,9:31:44.181202750,T,KO,F,200,70.1
2025-11-10,9:31:44.181202750,T,KO,F I,20,70.1
2025-11-10,9:31:44.193039045,T,KO,F I,25,70.11
2025-11-10,9:31:44.204412391,T,KO,F I,10,70.12
2025-11-10,9:31:44.204434021,T,KO,F I,15,70.12
2025-11-10,9:31:44.204436156,T,KO,F,100,70.12
2025-11-10,9:31:44.214534173,T,KO,F I,25,70.13
2025-11-10,9:31:44.214988237,T,KO,,107,70.12
2025-11-10,9:31:44.214991845,T,KO,I,60,70.12
2025-11-10,9:31:44.214997277,T,KO,I,25,70.12
2025-11-10,9:31:44.215000269,T,KO,I,2,70.12
2025-11-10,9:31:44.224692416,T,KO,F I,25,70.12
2025-11-10,9:31:44.224696196,T,KO,F I,53,70.12
2025-11-10,9:31:44.224716555,T,KO,F,229,70.12
2025-11-10,9:31:44.224719514,T,KO,F,394,70.12
2025-11-10,9:31:44.236901557,T,KO,F I,25,70.13
2025-11-10,9:31:44.245441769,T,KO,F I,10,70.125
2025-11-10,9:31:46.261927482,T,KO,F,200,70.11
2025-11-10,9:31:46.262273303,T,KO,I,2,70.1
2025-11-10,9:31:46.263013122,T,KO,F,100,70.1
2025-11-10,9:31:46.263262646,T,KO,F I,2,70.1
2025-11-10,9:31:46.263262646,T,KO,F I,50,70.1
2025-11-10,9:31:46.263265747,T,KO,F I,25,70.1
2025-11-10,9:31:46.288279436,T,KO,F I,25,70.11
2025-11-10,9:31:46.288279436,T,KO,F I,50,70.11
2025-11-10,9:31:46.288303764,T,KO,F,100,70.11
2025-11-10,9:31:47.278147188,T,KO,F I,50,70.11
2025-11-10,9:31:47.278149864,T,KO,F,100,70.11
2025-11-10,9:31:47.279665534,T,KO,F I,50,70.11
2025-11-10,9:31:47.279750120,T,KO,,100,70.11
2025-11-10,9:31:47.279767760,T,KO,I,1,70.11
2025-11-10,9:31:47.280327195,T,KO,F I,50,70.12
2025-11-10,9:31:47.280330322,T,KO,F I,25,70.12
2025-11-10,9:31:47.280330322,T,KO,F,200,70.12
2025-11-10,9:31:47.280883371,T,KO,,100,70.12
2025-11-10,9:31:47.280883371,T,KO,I,71,70.115
2025-11-10,9:31:47.280943979,T,KO,I,29,70.115
2025-11-10,9:31:47.280947519,T,KO,I,6,70.11
2025-11-10,9:31:47.280947519,T,KO,I,25,70.11
2025-11-10,9:31:47.281473074,T,KO,F,100,70.11
2025-11-10,9:31:47.281476556,T,KO,F I,20,70.11
2025-11-10,9:31:47.281476556,T,KO,F I,50,70.11
2025-11-10,9:31:47.281483022,T,KO,F I,23,70.11
2025-11-10,9:31:47.281483022,T,KO,F I,25,70.11
2025-11-10,9:31:47.281483022,T,KO,F,100,70.11
2025-11-10,9:31:47.281487838,T,KO,F I,6,70.11
2025-11-10,9:31:47.281487838,T,KO,F,100,70.11
2025-11-10,9:31:47.300821062,T,KO,F,100,70.12
2025-11-10,9:31:47.300841922,T,KO,I,1,70.12
2025-11-10,9:31:47.965596229,T,KO,,100,70.12
2025-11-10,9:31:47.965686367,T,KO,I,10,70.12
2025-11-10,9:31:47.965704438,T,KO,I,15,70.12
2025-11-10,9:31:48.576783880,T,KO,F I,50,70.11
2025-11-10,9:31:49.176213512,T,KO,F I,50,70.11
2025-11-10,9:31:49.177329620,T,KO,F,100,70.12
2025-11-10,9:31:49.177329620,T,KO,F,100,70.12
2025-11-10,9:31:49.177332174,T,KO,F I,50,70.12
2025-11-10,9:31:49.177335185,T,KO,F I,25,70.12
2025-11-10,9:31:49.177347319,T,KO,I,1,70.12
2025-11-10,9:31:49.193805477,T,KO,F I,23,70.13
2025-11-10,9:31:51.364321019,T,KO,F I,2,70.14
2025-11-10,9:31:51.364896062,T,KO,F I,98,70.14
2025-11-10,9:31:51.364896062,T,KO,F I,50,70.14
2025-11-10,9:31:51.364899212,T,KO,F,100,70.14
2025-11-10,9:31:51.364967705,T,KO,F,100,70.14
2025-11-10,9:31:51.365081815,T,KO,F,100,70.14
2025-11-10,9:31:51.365084830,T,KO,F,100,70.14
2025-11-10,9:31:51.365253232,T,KO,I,1,70.14
2025-11-10,9:31:51.365298444,T,KO,I,99,70.14
2025-11-10,9:31:51.365301315,T,KO,,300,70.14
2025-11-10,9:31:51.367794306,T,KO,I,2,70.14
2025-11-10,9:31:51.367794306,T,KO,,100,70.14
2025-11-10,9:31:51.367827631,T,KO,,100,70.14
2025-11-10,9:31:51.367860459,T,KO,I,7,70.14
2025-11-10,9:31:51.385287057,T,KO,F I,2,70.16
2025-11-10,9:31:51.385289932,T,KO,F I,25,70.16
2025-11-10,9:31:51.386017693,T,KO,I,2,70.16
2025-11-10,9:31:51.422654861,T,KO,I,25,70.15
2025-11-10,9:31:51.422660136,T,KO,I,93,70.15
2025-11-10,9:31:51.422660136,T,KO,I,48,70.15
2025-11-10,9:31:55.921828792,T,KO,F I,3,70.135
2025-11-10,9:31:56.144710589,T,KO,I,83,70.12
2025-11-10,9:31:56.186846937,T,KO,,130,70.11
2025-11-10,9:31:57.285495681,T,KO,,100,70.12
2025-11-10,9:31:57.287206694,T,KO,,100,70.12
2025-11-10,9:31:57.302459092,T,KO,F I,32,70.13
2025-11-10,9:31:57.302883108,T,KO,F I,67,70.12
2025-11-10,9:31:57.306338398,T,KO,F,100,70.12
2025-11-10,9:31:57.306341238,T,KO,F I,67,70.12
2025-11-10,9:31:57.306359680,T,KO,I,1,70.12
2025-11-10,9:31:57.307381773,T,KO,F I,5,70.12
2025-11-10,9:31:57.315224450,T,KO,F I,19,70.13
2025-11-10,9:31:57.315652172,T,KO,F I,67,70.12
2025-11-10,9:31:57.326910327,T,KO,F I,5,70.12
2025-11-10,9:31:58.144446420,T,KO,F I,5,70.12
2025-11-10,9:31:58.156267548,T,KO,F I,1,70.12
2025-11-10,9:31:58.891016591,T,KO,I,89,70.12
2025-11-10,9:31:58.891019736,T,KO,I,67,70.12
2025-11-10,9:31:58.891019736,T,KO,I,44,70.12
2025-11-10,9:31:58.891034765,T,KO,I,1,70.12
2025-11-10,9:31:58.891034765,T,KO,F I,55,70.12
2025-11-10,9:32:02.451637992,T,KO,,129,70.12
2025-11-10,9:32:02.451640945,T,KO,I,50,70.12
2025-11-10,9:32:02.490343166,T,KO,F I,5,70.13
2025-11-10,9:32:02.560548376,T,KO,I,95,70.13
2025-11-10,9:32:02.583898985,T,KO,F I,24,70.14
2025-11-10,9:32:02.602666726,T,KO,F I,1,70.14
2025-11-10,9:32:03.464880189,T,KO,F I,14,70.14
2025-11-10,9:32:04.816109518,T,KO,I,2,70.13
2025-11-10,9:32:04.816136523,T,KO,I,48,70.13
2025-11-10,9:32:04.836110106,T,KO,F I,3,70.14
2025-11-10,9:32:05.944607767,T,KO,F I,18,70.12
2025-11-10,9:32:05.944610286,T,KO,F I,25,70.12
2025-11-10,9:32:06.137615979,T,KO,,100,70.12
2025-11-10,9:32:06.137733601,T,KO,F I,25,70.13
2025-11-10,9:32:06.137736912,T,KO,F,200,70.13
2025-11-10,9:32:06.137739842,T,KO,F I,50,70.13
2025-11-10,9:32:06.137742391,T,KO,F I,65,70.13
2025-11-10,9:32:06.159799761,T,KO,F I,76,70.14
2025-11-10,9:32:06.159817875,T,KO,F I,24,70.14
2025-11-10,9:32:06.159820909,T,KO,F I,25,70.14
2025-11-10,9:32:06.159824227,T,KO,F,100,70.14
2025-11-10,9:32:06.159827657,T,KO,,100,70.14
2025-11-10,9:32:06.159827657,T,KO,I,49,70.14
2025-11-10,9:32:06.159838811,T,KO,I,1,70.14
2025-11-10,9:32:06.170659177,T,KO,F I,33,70.15
2025-11-10,9:32:06.170662278,T,KO,F I,10,70.15
2025-11-10,9:32:06.170718825,T,KO,F,151,70.14
2025-11-10,9:32:06.170736867,T,KO,F I,83,70.14
2025-11-10,9:32:06.180702691,T,KO,F I,23,70.14
2025-11-10,9:32:06.190000663,T,KO,F I,1,70.14
2025-11-10,9:32:06.436957932,T,KO,,100,70.125
2025-11-10,9:32:06.459451751,T,KO,F I,40,70.13
2025-11-10,9:32:06.459481560,T,KO,I,59,70.13
2025-11-10,9:32:06.459568716,T,KO,F,300,70.13
2025-11-10,9:32:06.460113041,T,KO,F I,62,70.13
2025-11-10,9:32:06.460573109,T,KO,I,25,70.13
2025-11-10,9:32:06.460573109,T,KO,,100,70.13
2025-11-10,9:32:06.460708599,T,KO,I,25,70.13
2025-11-10,9:32:06.461330950,T,KO,I,3,70.13
2025-11-10,9:32:06.461334564,T,KO,,100,70.13
2025-11-10,9:32:06.461334564,T,KO,,100,70.13
2025-11-10,9:32:06.461617126,T,KO,,100,70.13
2025-11-10,9:32:06.461617126,T,KO,,100,70.13
2025-11-10,9:32:06.461619809,T,KO,I,3,70.13
2025-11-10,9:32:06.461622834,T,KO,I,25,70.13
2025-11-10,9:32:06.471183526,T,KO,F I,76,70.14
2025-11-10,9:32:06.471183526,T,KO,F I,24,70.14
2025-11-10,9:32:06.471194427,T,KO,F I,1,70.14
2025-11-10,9:32:06.471233559,T,KO,F,100,70.14
2025-11-10,9:32:06.471240064,T,KO,F I,3,70.14
2025-11-10,9:32:06.471243343,T,KO,F,100,70.14
2025-11-10,9:32:06.471249127,T,KO,F I,3,70.14
2025-11-10,9:32:06.471252278,T,KO,F I,22,70.14
2025-11-10,9:32:06.485000332,T,KO,F I,3,70.14
2025-11-10,9:32:06.485000332,T,KO,F I,16,70.14
2025-11-10,9:32:07.234848274,T,KO,F,100,70.13
2025-11-10,9:32:07.238712505,T,KO,F I,5,70.13
2025-11-10,9:32:07.249330772,T,KO,F I,1,70.12
2025-11-10,9:32:07.249357803,T,KO,F,199,70.12
2025-11-10,9:32:07.259997153,T,KO,F I,15,70.13
2025-11-10,9:32:07.261049804,T,KO,F,100,70.12
2025-11-10,9:32:07.261052764,T,KO,F I,10,70.13
2025-11-10,9:32:07.261056558,T,KO,F I,9,70.13
2025-11-10,9:32:07.261056558,T,KO,F,200,70.13
2025-11-10,9:32:07.261058950,T,KO,F,200,70.13
2025-11-10,9:32:07.261058950,T,KO,F,100,70.13
2025-11-10,9:32:07.261070765,T,KO,I,1,70.13
2025-11-10,9:32:07.268648756,T,KO,F I,66,70.13
2025-11-10,9:32:07.455273263,T,KO,F I,52,70.12
2025-11-10,9:32:07.474552195,T,KO,F I,3,70.115
2025-11-10,9:32:07.474582240,T,KO,I,97,70.115
2025-11-10,9:32:07.489606008,T,KO,F I,5,70.115
2025-11-10,9:32:07.489633034,T,KO,,195,70.115
2025-11-10,9:32:07.492150062,T,KO,,100,70.115
2025-11-10,9:32:07.502088751,T,KO,F I,25,70.115
2025-11-10,9:32:07.518258299,T,KO,F I,1,70.115
2025-11-10,9:32:08.005214111,T,KO,F,100,70.11
2025-11-10,9:32:08.018457563,T,KO,F I,10,70.11
2025-11-10,9:32:08.030657616,T,KO,F I,1,70.11
2025-11-10,9:32:09.126022480,T,KO,,100,70.105
2025-11-10,9:32:09.247382527,T,KO,I,34,70.1
2025-11-10,9:32:09.247409617,T,KO,,165,70.1
2025-11-10,9:32:09.247851738,T,KO,I,50,70.1
2025-11-10,9:32:09.270943670,T,KO,F,100,70.11
2025-11-10,9:32:09.281525845,T,KO,F I,25,70.11
2025-11-10,9:32:09.573605506,T,KO,I,25,70.1
2025-11-10,9:32:09.573609495,T,KO,I,63,70.1
2025-11-10,9:32:09.581375977,T,KO,F I,11,70.11
2025-11-10,9:32:10.372903250,T,KO,I,50,70.11
2025-11-10,9:32:10.373234009,T,KO,,100,70.12
2025-11-10,9:32:10.373234009,T,KO,,199,70.12
2025-11-10,9:32:10.373255112,T,KO,I,1,70.12
2025-11-10,9:32:10.373399427,T,KO,F I,49,70.12
2025-11-10,9:32:10.373403276,T,KO,F,100,70.12
2025-11-10,9:32:10.373403276,T,KO,F I,1,70.12
2025-11-10,9:32:10.373405865,T,KO,F I,1,70.12
2025-11-10,9:32:10.373408611,T,KO,,150,70.12
2025-11-10,9:32:10.373474627,T,KO,I,49,70.12
2025-11-10,9:32:10.373546990,T,KO,I,50,70.12
2025-11-10,9:32:10.402349319,T,KO,F I,9,70.14
2025-11-10,9:32:10.402352388,T,KO,F I,52,70.14
2025-11-10,9:32:10.415027544,T,KO,F I,3,70.15
2025-11-10,9:32:10.415349290,T,KO,F I,68,70.14
2025-11-10,9:32:10.425600768,T,KO,F I,4,70.14
2025-11-10,9:32:10.943506190,T,KO,I,42,70.11
2025-11-10,9:32:10.945560086,T,KO,F,121,70.12
2025-11-10,9:32:10.945563150,T,KO,F I,53,70.12
2025-11-10,9:32:10.949264935,T,KO,F I,25,70.125
2025-11-10,9:32:10.952163859,T,KO,F I,21,70.14
2025-11-10,9:32:10.952512673,T,KO,F,178,70.13
2025-11-10,9:32:10.952515746,T,KO,F,121,70.13
2025-11-10,9:32:10.962658858,T,KO,F I,16,70.12
2025-11-10,9:32:10.974272491,T,KO,F I,1,70.12
2025-11-10,9:32:11.029592329,T,KO,F I,10,70.115
2025-11-10,9:32:11.040148050,T,KO,F I,1,70.115
2025-11-10,9:32:12.770636968,T,KO,F I,8,70.09
2025-11-10,9:32:12.770639968,T,KO,F I,1,70.09
2025-11-10,9:32:12.770639968,T,KO,F I,2,70.09
2025-11-10,9:32:12.792087496,T,KO,F I,18,70.08
2025-11-10,9:32:12.792090012,T,KO,F I,21,70.08
2025-11-10,9:32:12.792219521,T,KO,F,100,70.07
2025-11-10,9:32:12.792366658,T,KO,I,23,70.07
2025-11-10,9:32:12.792396759,T,KO,,134,70.07
2025-11-10,9:32:12.792433776,T,KO,F,100,70.07
2025-11-10,9:32:12.792447959,T,KO,F,100,70.07
2025-11-10,9:32:12.792466763,T,KO,F I,52,70.07
2025-11-10,9:32:12.792677182,T,KO,,100,70.07
2025-11-10,9:32:12.792679586,T,KO,I,50,70.07
2025-11-10,9:32:12.792724606,T,KO,F,100,70.07
2025-11-10,9:32:12.792733598,T,KO,F,100,70.07
2025-11-10,9:32:12.792739658,T,KO,F I,3,70.07
2025-11-10,9:32:12.792739658,T,KO,F I,22,70.07
2025-11-10,9:32:12.792742594,T,KO,F I,3,70.07
2025-11-10,9:32:12.792772685,T,KO,F I,25,70.07
2025-11-10,9:32:12.801352119,T,KO,F I,25,70.08
2025-11-10,9:32:12.801352119,T,KO,F I,3,70.08
2025-11-10,9:32:12.801418289,T,KO,F,100,70.08
2025-11-10,9:32:12.812731258,T,KO,I,3,70.08
2025-11-10,9:32:12.812731258,T,KO,I,25,70.08
2025-11-10,9:32:12.812782388,T,KO,F,100,70.08
2025-11-10,9:32:12.824669594,T,KO,F I,13,70.08
2025-11-10,9:32:12.824696711,T,KO,I,12,70.08
2025-11-10,9:32:12.824699740,T,KO,I,3,70.08
2025-11-10,9:32:12.824748753,T,KO,F,100,70.08
2025-11-10,9:32:12.825135706,T,KO,I,25,70.08
2025-11-10,9:32:12.825135706,T,KO,I,3,70.08
2025-11-10,9:32:12.825186886,T,KO,F,100,70.08
2025-11-10,9:32:12.825424431,T,KO,I,25,70.08
2025-11-10,9:32:12.825424431,T,KO,I,3,70.08
2025-11-10,9:32:12.825541904,T,KO,I,25,70.08
2025-11-10,9:32:12.825541904,T,KO,I,10,70.08
2025-11-10,9:32:12.833032569,T,KO,F I,32,70.085
2025-11-10,9:32:12.907381672,T,KO,F I,3,70.08
2025-11-10,9:32:12.907384677,T,KO,F I,75,70.08
2025-11-10,9:32:12.912599127,T,KO,F I,4,70.08
2025-11-10,9:32:12.923701513,T,KO,F I,1,70.08
2025-11-10,9:32:13.987993353,T,KO,F I,2,70.08
2025-11-10,9:32:13.987996828,T,KO,F I,3,70.08
2025-11-10,9:32:13.987996828,T,KO,F I,50,70.08
2025-11-10,9:32:13.987999318,T,KO,F,100,70.08
2025-11-10,9:32:14.006159940,T,KO,F I,12,70.09
2025-11-10,9:32:14.007464778,T,KO,F I,13,70.09
2025-11-10,9:32:14.008496210,T,KO,F I,30,70.09
2025-11-10,9:32:15.080339000,T,KO,F I,8,70.1
2025-11-10,9:32:19.934807072,T,KO,,200,70.09
2025-11-10,9:32:19.952149363,T,KO,F I,30,70.09
2025-11-10,9:32:19.952507235,T,KO,I,20,70.09
2025-11-10,9:32:19.956741207,T,KO,I,25,70.08
2025-11-10,9:32:19.956744210,T,KO,I,50,70.08
2025-11-10,9:32:19.956744210,T,KO,I,25,70.08
2025-11-10,9:32:21.233408575,T,KO,F,300,70.06
2025-11-10,9:32:21.258000725,T,KO,F I,7,70.07
2025-11-10,9:32:21.258000725,T,KO,F I,8,70.07
2025-11-10,9:32:21.384244869,T,KO,F I,31,70.05
2025-11-10,9:32:21.384250344,T,KO,F I,25,70.05
2025-11-10,9:32:21.387320502,T,KO,F I,25,70.06
2025-11-10,9:32:21.419855029,T,KO,F I,25,70.07
2025-11-10,9:32:21.419921263,T,KO,F,100,70.07
2025-11-10,9:32:21.419921263,T,KO,F,100,70.07
2025-11-10,9:32:21.419942220,T,KO,I,1,70.07
2025-11-10,9:32:21.419954381,T,KO,F,299,70.07
2025-11-10,9:32:21.419954381,T,KO,F I,1,70.07
2025-11-10,9:32:21.419963347,T,KO,F,115,70.07
2025-11-10,9:32:21.435275723,T,KO,F I,25,70.07
2025-11-10,9:32:21.435335866,T,KO,F,100,70.07
2025-11-10,9:32:21.451388187,T,KO,F I,7,70.07
2025-11-10,9:32:21.451415218,T,KO,I,18,70.07
2025-11-10,9:32:21.478290276,T,KO,F,100,70.07
2025-11-10,9:32:21.478293192,T,KO,F,100,70.07
2025-11-10,9:32:21.484623564,T,KO,F I,3,70.07
2025-11-10,9:32:21.484626376,T,KO,F I,7,70.07
2025-11-10,9:32:21.497933074,T,KO,F I,1,70.07
2025-11-10,9:32:21.597668558,T,KO,F I,5,70.07
2025-11-10,9:32:21.597686894,T,KO,F I,12,70.07
2025-11-10,9:32:21.597686894,T,KO,F I,82,70.07
2025-11-10,9:32:21.608545477,T,KO,F I,6,70.08
2025-11-10,9:32:21.665468037,T,KO,I,3,70.07
2025-11-10,9:32:21.678143207,T,KO,F I,1,70.08
2025-11-10,9:32:21.683312598,T,KO,F I,18,70.08
2025-11-10,9:32:21.683312598,T,KO,F I,30,70.08
2025-11-10,9:32:21.683331210,T,KO,F I,52,70.08
2025-11-10,9:32:21.683336664,T,KO,I,1,70.08
2025-11-10,9:32:21.690256114,T,KO,F I,6,70.08
2025-11-10,9:32:21.744803072,T,KO,F I,5,70.08
2025-11-10,9:32:21.744821031,T,KO,F I,36,70.08
2025-11-10,9:32:21.744824265,T,KO,F,100,70.08
2025-11-10,9:32:21.744824265,T,KO,F I,25,70.08
2025-11-10,9:32:21.745157824,T,KO,I,40,70.08
2025-11-10,9:32:21.745381021,T,KO,I,3,70.08
2025-11-10,9:32:21.745383346,T,KO,,100,70.08
2025-11-10,9:32:21.745387002,T,KO,,100,70.08
2025-11-10,9:32:21.745684150,T,KO,F,100,70.08
2025-11-10,9:32:21.757478184,T,KO,F I,12,70.08
2025-11-10,9:32:21.757478184,T,KO,F I,29,70.08
2025-11-10,9:32:21.768234854,T,KO,F I,2,70.08
2025-11-10,9:32:22.450196083,T,KO,I,3,70.07
2025-11-10,9:32:22.714270073,T,KO,,100,70.06
2025-11-10,9:32:22.737365058,T,KO,F I,10,70.07
2025-11-10,9:32:22.746148899,T,KO,F I,1,70.065
2025-11-10,9:32:22.791508971,T,KO,I,50,70.06
2025-11-10,9:32:22.815524272,T,KO,F I,2,70.07
2025-11-10,9:32:22.943941979,T,KO,F I,2,70.06
2025-11-10,9:32:23.165491740,T,KO,F I,7,70.05
2025-11-10,9:32:23.277418307,T,KO,,400,70.05
2025-11-10,9:32:23.277418307,T,KO,I,25,70.05
2025-11-10,9:32:23.277553667,T,KO,I,10,70.05
2025-11-10,9:32:23.277562828,T,KO,I,90,70.05
2025-11-10,9:32:23.277562828,T,KO,I,10,70.05
2025-11-10,9:32:23.277583669,T,KO,I,66,70.05
2025-11-10,9:32:23.277632031,T,KO,F I,24,70.05
2025-11-10,9:32:23.289398746,T,KO,,100,70.05
2025-11-10,9:32:23.289416903,T,KO,I,1,70.05
2025-11-10,9:32:23.296420561,T,KO,F I,25,70.05
2025-11-10,9:32:23.306638817,T,KO,F I,8,70.055
2025-11-10,9:32:23.318312711,T,KO,F I,1,70.055
2025-11-10,9:32:23.575166420,T,KO,F I,1,70.05
2025-11-10,9:32:23.593233369,T,KO,F I,6,70.05
2025-11-10,9:32:23.753491172,T,KO,,100,70.04
2025-11-10,9:32:23.765757306,T,KO,I,5,70.05
2025-11-10,9:32:23.765811429,T,KO,F I,82,70.04
2025-11-10,9:32:23.778161890,T,KO,F I,4,70.04
2025-11-10,9:32:23.778195401,T,KO,I,96,70.04
2025-11-10,9:32:23.778195401,T,KO,I,82,70.04
2025-11-10,9:32:23.778198243,T,KO,I,25,70.04
2025-11-10,9:32:23.778201022,T,KO,,100,70.04
2025-11-10,9:32:23.785610604,T,KO,F I,21,70.05
2025-11-10,9:32:23.797771641,T,KO,F I,1,70.05
2025-11-10,9:32:24.976314583,T,KO,F,200,70.05
2025-11-10,9:32:25.006449295,T,KO,F I,10,70.05
2025-11-10,9:32:25.438975414,T,KO,F I,5,70.04
2025-11-10,9:32:25.452101737,T,KO,,100,70.035
2025-11-10,9:32:25.463300371,T,KO,F I,6,70.04
2025-11-10,9:32:27.274402907,T,KO,I,25,70.05
2025-11-10,9:32:27.274402907,T,KO,I,65,70.05
2025-11-10,9:32:27.274408963,T,KO,,300,70.05
2025-11-10,9:32:27.274426989,T,KO,I,1,70.05
2025-11-10,9:32:27.274469294,T,KO,,199,70.05
2025-11-10,9:32:27.295594480,T,KO,F I,44,70.06
2025-11-10,9:32:27.295618960,T,KO,F I,56,70.06
2025-11-10,9:32:27.295621513,T,KO,I,56,70.06
2025-11-10,9:32:27.295955335,T,KO,I,15,70.06
2025-11-10,9:32:27.295955335,T,KO,I,41,70.06
2025-11-10,9:32:27.296286032,T,KO,,259,70.06
2025-11-10,9:32:27.305172231,T,KO,F I,23,70.07
2025-11-10,9:32:27.305193234,T,KO,F I,65,70.07
2025-11-10,9:32:27.305193234,T,KO,F I,25,70.07
2025-11-10,9:32:27.305196238,T,KO,F,140,70.07
2025-11-10,9:32:27.314503690,T,KO,F I,25,70.08
2025-11-10,9:32:27.319636615,T,KO,F I,44,70.08
2025-11-10,9:32:27.337682668,T,KO,F I,25,70.08
2025-11-10,9:32:27.344460840,T,KO,F I,8,70.09
2025-11-10,9:32:27.412891773,T,KO,F I,2,70.09
2025-11-10,9:32:27.412918867,T,KO,I,15,70.09
2025-11-10,9:32:27.424343024,T,KO,I,4,70.1
2025-11-10,9:32:27.549907087,T,KO,I,15,70.1
2025-11-10,9:32:27.559563083,T,KO,I,1,70.1
2025-11-10,9:32:27.572277405,T,KO,F I,5,70.1
2025-11-10,9:32:27.643640387,T,KO,I,22,70.1
2025-11-10,9:32:27.663995771,T,KO,I,6,70.11
2025-11-10,9:32:28.274997063,T,KO,F I,94,70.11
2025-11-10,9:32:28.274997063,T,KO,F,248,70.11
2025-11-10,9:32:28.290631233,T,KO,F,100,70.13
2025-11-10,9:32:28.290634243,T,KO,F I,25,70.13
2025-11-10,9:32:28.290652386,T,KO,I,1,70.13
2025-11-10,9:32:28.308971953,T,KO,I,95,70.13
2025-11-10,9:32:28.321199124,T,KO,I,5,70.13
2025-11-10,9:32:28.496408379,T,KO,I,1,70.12
2025-11-10,9:32:29.515346238,T,KO,I,88,70.12
2025-11-10,9:32:30.815763528,T,KO,,200,70.12
2025-11-10,9:32:30.835207870,T,KO,I,10,70.14
2025-11-10,9:32:30.835268005,T,KO,F I,93,70.13
2025-11-10,9:32:30.835289039,T,KO,I,1,70.13
2025-11-10,9:32:30.835292074,T,KO,F I,24,70.13
2025-11-10,9:32:30.857692430,T,KO,F I,6,70.13
2025-11-10,9:32:30.868527193,T,KO,F I,1,70.13
2025-11-10,9:32:32.074799354,T,KO,F I,86,70.13
2025-11-10,9:32:32.074799354,T,KO,F I,7,70.13
2025-11-10,9:32:32.075202061,T,KO,,100,70.13
2025-11-10,9:32:32.084539342,T,KO,F I,11,70.14
2025-11-10,9:32:34.069332662,T,KO,F I,5,70.13
2025-11-10,9:32:35.251054129,T,KO,F I,6,70.13
2025-11-10,9:32:36.226514307,T,KO,F,200,70.12
2025-11-10,9:32:36.239653393,T,KO,F I,10,70.13
2025-11-10,9:32:36.694561069,T,KO,F I,13,70.12
2025-11-10,9:32:36.982734485,T,KO,F I,5,70.14
2025-11-10,9:32:36.995151059,T,KO,F I,1,70.14
2025-11-10,9:32:37.059678724,T,KO,I,48,70.14
2025-11-10,9:32:37.059681693,T,KO,I,42,70.14
2025-11-10,9:32:37.059699769,T,KO,I,1,70.14
2025-11-10,9:32:37.059718133,T,KO,F I,57,70.14
2025-11-10,9:32:37.060743245,T,KO,I,3,70.14
2025-11-10,9:32:37.060890724,T,KO,F,200,70.14
2025-11-10,9:32:37.060893620,T,KO,F,100,70.14
2025-11-10,9:32:37.061464937,T,KO,I,7,70.14
2025-11-10,9:32:37.062520424,T,KO,I,93,70.14
2025-11-10,9:32:37.062544562,T,KO,F I,4,70.14
2025-11-10,9:32:37.065070607,T,KO,F I,11,70.14
2025-11-10,9:32:37.065074180,T,KO,F I,4,70.14
2025-11-10,9:32:37.065076566,T,KO,F I,7,70.14
2025-11-10,9:32:37.065094581,T,KO,F I,2,70.14
2025-11-10,9:32:38.745836704,T,KO,F I,87,70.15
2025-11-10,9:32:38.745839689,T,KO,F I,25,70.15
2025-11-10,9:32:38.745843356,T,KO,F,100,70.15
2025-11-10,9:32:38.745843356,T,KO,F I,1,70.15
2025-11-10,9:32:38.745849546,T,KO,F I,27,70.15
2025-11-10,9:32:38.745849546,T,KO,F,173,70.15
2025-11-10,9:32:38.745852039,T,KO,F I,2,70.15
2025-11-10,9:32:38.745857936,T,KO,F,100,70.15
2025-11-10,9:32:38.745857936,T,KO,F I,2,70.15
2025-11-10,9:32:38.745864702,T,KO,F,110,70.15
2025-11-10,9:32:38.745864702,T,KO,F,103,70.15
2025-11-10,9:32:38.745867369,T,KO,F I,70,70.15
2025-11-10,9:32:38.745867369,T,KO,I,1,70.15
2025-11-10,9:32:38.745869825,T,KO,,129,70.15
2025-11-10,9:32:38.745894003,T,KO,I,85,70.14
2025-11-10,9:32:38.745896800,T,KO,,100,70.14
2025-11-10,9:32:38.745917887,T,KO,I,1,70.14
2025-11-10,9:32:38.746002196,T,KO,,100,70.15
2025-11-10,9:32:38.746002196,T,KO,,100,70.15
2025-11-10,9:32:38.746005996,T,KO,I,53,70.15
2025-11-10,9:32:38.746008114,T,KO,F,100,70.15
2025-11-10,9:32:38.746287742,T,KO,I,15,70.15
2025-11-10,9:32:38.753688418,T,KO,F I,10,70.16
2025-11-10,9:32:38.763575986,T,KO,F I,21,70.17
2025-11-10,9:32:38.773671006,T,KO,F I,2,70.17
2025-11-10,9:32:38.774025888,T,KO,I,98,70.17
2025-11-10,9:32:38.774488906,T,KO,F,100,70.17
2025-11-10,9:32:38.774507230,T,KO,I,4,70.17
2025-11-10,9:32:38.783176585,T,KO,F I,15,70.17
2025-11-10,9:32:38.793055167,T,KO,F I,1,70.17
2025-11-10,9:32:39.426676195,T,KO,I,60,70.16
2025-11-10,9:32:39.426676195,T,KO,I,21,70.16
2025-11-10,9:32:39.426986034,T,KO,I,14,70.16
2025-11-10,9:32:39.438600032,T,KO,F I,4,70.16
2025-11-10,9:32:39.450604273,T,KO,F I,1,70.16
2025-11-10,9:32:39.450634251,T,KO,I,95,70.16
2025-11-10,9:32:39.450634251,T,KO,I,2,70.16
2025-11-10,9:32:39.463532015,T,KO,F I,5,70.17
2025-11-10,9:32:39.547651878,T,KO,I,75,70.17
2025-11-10,9:32:39.547654378,T,KO,I,18,70.17
2025-11-10,9:32:39.547678440,T,KO,F I,82,70.17
2025-11-10,9:32:39.554465583,T,KO,F I,9,70.17
2025-11-10,9:32:40.053317753,T,KO,F I,84,70.17
2025-11-10,9:32:40.059522121,T,KO,I,16,70.17
2025-11-10,9:32:40.059524579,T,KO,I,33,70.17
2025-11-10,9:32:40.059527515,T,KO,I,9,70.17
2025-11-10,9:32:40.703583613,T,KO,I,65,70.15
2025-11-10,9:32:40.705932141,T,KO,F I,3,70.16
2025-11-10,9:32:40.729736820,T,KO,F I,5,70.16
2025-11-10,9:32:40.739657371,T,KO,F I,1,70.16
2025-11-10,9:32:40.843975932,T,KO,F I,5,70.16
2025-11-10,9:32:40.844005935,T,KO,F I,41,70.16
2025-11-10,9:32:40.844005935,T,KO,F I,17,70.16
2025-11-10,9:32:43.265117972,T,KO,I,25,70.18
2025-11-10,9:32:43.265117972,T,KO,I,68,70.18
2025-11-10,9:32:43.265135386,T,KO,I,1,70.18
2025-11-10,9:32:43.265135386,T,KO,F I,31,70.18
2025-11-10,9:32:45.613043430,T,KO,F I,66,70.17
2025-11-10,9:32:45.613046501,T,KO,F I,25,70.17
2025-11-10,9:32:45.613052486,T,KO,F,200,70.17
2025-11-10,9:32:45.613413338,T,KO,F I,66,70.16
2025-11-10,9:32:47.330472937,T,KO,I,25,70.17
2025-11-10,9:32:47.331384304,T,KO,I,89,70.16
2025-11-10,9:32:47.331387145,T,KO,I,25,70.16
2025-11-10,9:32:47.331387145,T,KO,I,8,70.16
2025-11-10,9:32:47.354957264,T,KO,F I,34,70.155
2025-11-10,9:32:47.363461474,T,KO,F I,1,70.155
2025-11-10,9:32:47.375198415,T,KO,F I,1,70.155
2025-11-10,9:32:47.867606213,T,KO,F I,50,70.15
2025-11-10,9:32:47.867636370,T,KO,I,89,70.16
2025-11-10,9:32:47.867660864,T,KO,I,1,70.16
2025-11-10,9:32:47.867666483,T,KO,I,89,70.16
2025-11-10,9:32:47.879355254,T,KO,,100,70.165
2025-11-10,9:32:47.886136407,T,KO,F I,85,70.17
2025-11-10,9:32:47.897010256,T,KO,F I,4,70.17
2025-11-10,9:32:48.923685568,T,KO,F I,71,70.17
2025-11-10,9:32:48.938787544,T,KO,F I,4,70.17
2025-11-10,9:32:49.448519512,T,KO,I,1,70.17
2025-11-10,9:32:50.147188778,T,KO,,200,70.165
2025-11-10,9:32:50.220434051,T,KO,F I,40,70.165
2025-11-10,9:32:50.231518395,T,KO,F I,2,70.165
2025-11-10,9:32:51.254452769,T,KO,F I,25,70.165
2025-11-10,9:32:51.274811295,T,KO,F I,1,70.18
2025-11-10,9:32:51.793152920,T,KO,F I,4,70.17
2025-11-10,9:32:52.367776467,T,KO,F I,5,70.16
2025-11-10,9:32:54.621536163,T,KO,I,90,70.16
2025-11-10,9:32:54.621539364,T,KO,I,7,70.17
2025-11-10,9:32:54.621542219,T,KO,,100,70.17
2025-11-10,9:32:54.621545279,T,KO,I,10,70.17
2025-11-10,9:32:54.621557218,T,KO,I,1,70.17
2025-11-10,9:32:54.621590390,T,KO,I,54,70.17
2025-11-10,9:32:54.622074436,T,KO,I,10,70.17
2025-11-10,9:32:54.622606695,T,KO,I,9,70.17
2025-11-10,9:32:54.646378346,T,KO,F I,20,70.165
2025-11-10,9:32:54.649367522,T,KO,F I,25,70.16
2025-11-10,9:32:54.658304776,T,KO,I,16,70.155
2025-11-10,9:32:55.652268204,T,KO,F,143,70.13
2025-11-10,9:32:55.678352306,T,KO,F I,40,70.14
2025-11-10,9:32:55.678421807,T,KO,I,11,70.14
2025-11-10,9:32:55.678421807,T,KO,,100,70.14
2025-11-10,9:32:55.688266973,T,KO,F I,13,70.145
2025-11-10,9:32:55.702857701,T,KO,,100,70.145
2025-11-10,9:32:55.710943913,T,KO,F I,5,70.16
2025-11-10,9:32:56.981208285,T,KO,F I,5,70.145
2025-11-10,9:32:56.981235375,T,KO,,195,70.145
2025-11-10,9:32:56.991168058,T,KO,F I,10,70.16
2025-11-10,9:32:56.991225102,T,KO,I,89,70.15
2025-11-10,9:32:56.991432588,T,KO,I,33,70.15
2025-11-10,9:32:57.001193876,T,KO,F I,7,70.15
2025-11-10,9:32:58.460368226,T,KO,,100,70.145
2025-11-10,9:32:58.487739535,T,KO,F I,5,70.15
2025-11-10,9:32:58.488268797,T,KO,F I,88,70.15
2025-11-10,9:32:58.488268797,T,KO,F I,89,70.15
2025-11-10,9:32:58.488319913,T,KO,I,64,70.15
2025-11-10,9:32:58.488593528,T,KO,I,34,70.15
2025-11-10,9:32:58.507448427,T,KO,I,14,70.15
2025-11-10,9:32:58.525434302,T,KO,I,1,70.16
2025-11-10,9:32:59.027227402,T,KO,F I,5,70.16
2025-11-10,9:33:00.648701167,T,KO,I,50,70.15
2025-11-10,9:33:00.648752362,T,KO,I,29,70.16
2025-11-10,9:33:00.675028887,T,KO,F I,5,70.16
2025-11-10,9:33:00.675056024,T,KO,I,25,70.16
2025-11-10,9:33:00.675059009,T,KO,I,34,70.16
2025-11-10,9:33:00.675386726,T,KO,,100,70.16
2025-11-10,9:33:00.675528110,T,KO,,100,70.16
2025-11-10,9:33:00.675528110,T,KO,I,3,70.16
2025-11-10,9:33:00.686438038,T,KO,F I,17,70.17
2025-11-10,9:33:01.113290418,T,KO,F I,30,70.17
2025-11-10,9:33:01.113316759,T,KO,I,53,70.17
2025-11-10,9:33:01.113319794,T,KO,I,4,70.17
2025-11-10,9:33:01.113322817,T,KO,I,1,70.17
2025-11-10,9:33:01.122590887,T,KO,F I,16,70.18
2025-11-10,9:33:01.138303238,T,KO,F I,1,70.18
2025-11-10,9:33:01.369833706,T,KO,I,83,70.18
2025-11-10,9:33:01.369836993,T,KO,,100,70.18
2025-11-10,9:33:01.369855486,T,KO,,100,70.18
2025-11-10,9:33:01.369855486,T,KO,I,53,70.18
2025-11-10,9:33:01.369860935,T,KO,,100,70.18
2025-11-10,9:33:01.369860935,T,KO,I,1,70.18
2025-11-10,9:33:01.369869859,T,KO,F,100,70.18
2025-11-10,9:33:01.369884877,T,KO,F,100,70.18
2025-11-10,9:33:01.369884877,T,KO,F,200,70.18
2025-11-10,9:33:01.369902839,T,KO,,100,70.18
2025-11-10,9:33:01.369945756,T,KO,F,100,70.18
2025-11-10,9:33:01.369978064,T,KO,,100,70.18
2025-11-10,9:33:01.370008871,T,KO,F,100,70.18
2025-11-10,9:33:01.370056268,T,KO,F,100,70.18
2025-11-10,9:33:01.370077694,T,KO,F,100,70.18
2025-11-10,9:33:01.370083276,T,KO,F,100,70.18
2025-11-10,9:33:01.370119586,T,KO,F,100,70.18
2025-11-10,9:33:01.370176483,T,KO,,100,70.18
2025-11-10,9:33:01.370239698,T,KO,F I,46,70.18
2025-11-10,9:33:01.370243308,T,KO,F I,54,70.18
2025-11-10,9:33:01.370248718,T,KO,F,100,70.18
2025-11-10,9:33:01.370269811,T,KO,F,100,70.18
2025-11-10,9:33:01.370296771,T,KO,F,100,70.18
2025-11-10,9:33:01.372645388,T,KO,I,4,70.18
2025-11-10,9:33:01.372648390,T,KO,I,2,70.18
2025-11-10,9:33:01.386270844,T,KO,F,108,70.18
2025-11-10,9:33:01.387296394,T,KO,F I,92,70.18
2025-11-10,9:33:01.387299480,T,KO,F I,40,70.18
2025-11-10,9:33:01.387302546,T,KO,F,100,70.18
2025-11-10,9:33:01.387302546,T,KO,F I,4,70.18
2025-11-10,9:33:01.387308429,T,KO,F I,25,70.19
2025-11-10,9:33:01.387308429,T,KO,F,200,70.19
2025-11-10,9:33:01.387308429,T,KO,F I,86,70.19
2025-11-10,9:33:01.387368515,T,KO,F I,14,70.19
2025-11-10,9:33:01.387371459,T,KO,F,100,70.19
2025-11-10,9:33:01.387374865,T,KO,F I,78,70.19
2025-11-10,9:33:01.387374865,T,KO,F I,31,70.19
2025-11-10,9:33:01.387389576,T,KO,F I,91,70.19
2025-11-10,9:33:01.387392676,T,KO,F,100,70.19
2025-11-10,9:33:01.387392676,T,KO,F,123,70.19
2025-11-10,9:33:01.387879744,T,KO,F I,36,70.19
2025-11-10,9:33:01.387934309,T,KO,F I,64,70.19
2025-11-10,9:33:01.387939796,T,KO,F,100,70.19
2025-11-10,9:33:01.387942813,T,KO,F I,36,70.19
2025-11-10,9:33:01.398176427,T,KO,F,100,70.19
2025-11-10,9:33:01.398176427,T,KO,F I,2,70.19
2025-11-10,9:33:01.398182910,T,KO,F I,2,70.19
2025-11-10,9:33:01.408635135,T,KO,I,5,70.19
2025-11-10,9:33:01.412229164,T,KO,F I,95,70.19
2025-11-10,9:33:01.412231651,T,KO,F,100,70.19
2025-11-10,9:33:01.416980062,T,KO,F,100,70.19
2025-11-10,9:33:01.416980062,T,KO,F I,2,70.19
2025-11-10,9:33:01.420579632,T,KO,F I,15,70.19
2025-11-10,9:33:01.423228863,T,KO,F I,85,70.19
2025-11-10,9:33:01.423231873,T,KO,F,100,70.19
2025-11-10,9:33:01.423283037,T,KO,I,41,70.19
2025-11-10,9:33:01.423289013,T,KO,I,2,70.19
2025-11-10,9:33:01.432599247,T,KO,F I,12,70.2
2025-11-10,9:33:01.444651892,T,KO,F I,1,70.2
2025-11-10,9:33:01.777881636,T,KO,F I,20,70.2
2025-11-10,9:33:01.777881636,T,KO,F,100,70.2
2025-11-10,9:33:01.778116812,T,KO,F I,25,70.21
2025-11-10,9:33:01.778119160,T,KO,F,200,70.21
2025-11-10,9:33:01.781769825,T,KO,I,25,70.21
2025-11-10,9:33:01.782708083,T,KO,I,20,70.21
2025-11-10,9:33:01.804603212,T,KO,I,3,70.22
2025-11-10,9:33:02.373215478,T,KO,I,1,70.22
2025-11-10,9:33:02.485855112,T,KO,F I,62,70.2
2025-11-10,9:33:02.485857773,T,KO,F I,25,70.2
2025-11-10,9:33:02.486356897,T,KO,F I,62,70.19
2025-11-10,9:33:02.487244037,T,KO,F I,25,70.18
2025-11-10,9:33:02.487479100,T,KO,,100,70.18
2025-11-10,9:33:02.487481830,T,KO,,100,70.18
2025-11-10,9:33:02.487484673,T,KO,I,17,70.18
2025-11-10,9:33:02.487971791,T,KO,,100,70.18
2025-11-10,9:33:02.502902373,T,KO,F,132,70.185
2025-11-10,9:33:02.507365705,T,KO,F I,68,70.185
2025-11-10,9:33:02.507367975,T,KO,F I,28,70.19
2025-11-10,9:33:02.519766482,T,KO,F I,15,70.185
2025-11-10,9:33:02.531578783,T,KO,F I,1,70.19
2025-11-10,9:33:02.531608750,T,KO,I,71,70.19
2025-11-10,9:33:02.531611762,T,KO,I,2,70.19
2025-11-10,9:33:02.531611762,T,KO,,100,70.19
2025-11-10,9:33:02.531930537,T,KO,I,48,70.19
2025-11-10,9:33:02.531952223,T,KO,I,29,70.19
2025-11-10,9:33:02.531952223,T,KO,I,23,70.19
2025-11-10,9:33:02.531954546,T,KO,,100,70.19
2025-11-10,9:33:02.541700722,T,KO,F I,28,70.185
2025-11-10,9:33:02.550487634,T,KO,F I,2,70.19
2025-11-10,9:33:02.550518039,T,KO,I,98,70.19
2025-11-10,9:33:02.550520904,T,KO,,100,70.19
2025-11-10,9:33:02.550520904,T,KO,I,2,70.19
2025-11-10,9:33:02.550523748,T,KO,,100,70.19
2025-11-10,9:33:04.748377441,T,KO,F I,21,70.19
2025-11-10,9:33:04.748386423,T,KO,F I,21,70.2
2025-11-10,9:33:04.950194034,T,KO,F I,27,70.2
2025-11-10,9:33:06.451606969,T,KO,I,50,70.2
2025-11-10,9:33:06.466724045,T,KO,F I,10,70.21
2025-11-10,9:33:06.605573741,T,KO,F I,1,70.22
2025-11-10,9:33:06.652292964,T,KO,F I,2,70.22
2025-11-10,9:33:07.319480078,T,KO,F I,10,70.21
2025-11-10,9:33:07.366316591,T,KO,F I,1,70.21
2025-11-10,9:33:08.396314748,T,KO,F I,11,70.18
2025-11-10,9:33:08.570074534,T,KO,I,2,70.19
2025-11-10,9:33:08.570074534,T,KO,I,50,70.19
2025-11-10,9:33:08.570095575,T,KO,F I,50,70.19
2025-11-10,9:33:08.591596850,T,KO,F I,18,70.2
2025-11-10,9:33:08.591627903,T,KO,I,82,70.2
2025-11-10,9:33:08.591630013,T,KO,I,2,70.2
2025-11-10,9:33:09.030904165,T,KO,I,19,70.18
2025-11-10,9:33:09.030904165,T,KO,I,1,70.18
2025-11-10,9:33:09.030919141,T,KO,I,19,70.19
2025-11-10,9:33:09.030922231,T,KO,I,81,70.19
2025-11-10,9:33:09.056143223,T,KO,F I,19,70.18
2025-11-10,9:33:09.056146264,T,KO,F I,33,70.19
2025-11-10,9:33:09.065474435,T,KO,F I,3,70.19
2025-11-10,9:33:09.264311382,T,KO,F I,2,70.18
2025-11-10,9:33:09.264314024,T,KO,F I,25,70.18
2025-11-10,9:33:09.264332063,T,KO,I,26,70.18
2025-11-10,9:33:09.264940151,T,KO,,100,70.18
2025-11-10,9:33:09.264967089,T,KO,F I,2,70.18
2025-11-10,9:33:09.264969624,T,KO,F I,25,70.18
2025-11-10,9:33:09.264975626,T,KO,I,1,70.18
2025-11-10,9:33:09.278511010,T,KO,F I,64,70.19
2025-11-10,9:33:09.278513872,T,KO,F I,14,70.19
2025-11-10,9:33:09.278547128,T,KO,I,86,70.19
2025-11-10,9:33:09.278547128,T,KO,I,2,70.19
2025-11-10,9:33:09.278550019,T,KO,I,30,70.19
2025-11-10,9:33:09.278550019,T,KO,I,25,70.19
2025-11-10,9:33:09.292079143,T,KO,F I,2,70.2
2025-11-10,9:33:09.292834085,T,KO,F,100,70.2
2025-11-10,9:33:09.292840013,T,KO,F I,12,70.2
2025-11-10,9:33:09.292840013,T,KO,F,100,70.2
2025-11-10,9:33:09.303076369,T,KO,F I,45,70.195
2025-11-10,9:33:09.315231282,T,KO,F I,3,70.195
2025-11-10,9:33:10.266021019,T,KO,F,200,70.18
2025-11-10,9:33:10.266499290,T,KO,I,20,70.185
2025-11-10,9:33:10.266499290,T,KO,,100,70.19
2025-11-10,9:33:10.266505313,T,KO,,100,70.19
2025-11-10,9:33:10.266505313,T,KO,,100,70.19
2025-11-10,9:33:10.266511436,T,KO,I,49,70.19
2025-11-10,9:33:10.266511436,T,KO,,100,70.19
2025-11-10,9:33:10.266517143,T,KO,,100,70.19
2025-11-10,9:33:10.266517143,T,KO,I,72,70.19
2025-11-10,9:33:10.266517143,T,KO,I,13,70.19
2025-11-10,9:33:10.266517143,T,KO,I,20,70.19
2025-11-10,9:33:10.266521026,T,KO,,119,70.19
2025-11-10,9:33:10.266521026,T,KO,,100,70.19
2025-11-10,9:33:10.266523146,T,KO,,180,70.19
2025-11-10,9:33:10.266526253,T,KO,I,1,70.19
2025-11-10,9:33:10.301766945,T,KO,I,39,70.2
2025-11-10,9:33:10.311958217,T,KO,I,2,70.2
2025-11-10,9:33:10.501075573,T,KO,F I,61,70.19
2025-11-10,9:33:10.501079399,T,KO,F I,7,70.19
2025-11-10,9:33:10.501082690,T,KO,F,100,70.19
2025-11-10,9:33:10.501087925,T,KO,F,202,70.19
2025-11-10,9:33:10.501087925,T,KO,F,200,70.19
2025-11-10,9:33:10.501087925,T,KO,F I,25,70.19
2025-11-10,9:33:10.501094011,T,KO,F,379,70.19
2025-11-10,9:33:10.501094011,T,KO,F,100,70.19
2025-11-10,9:33:10.501097496,T,KO,F,250,70.19
2025-11-10,9:33:10.501100512,T,KO,F I,2,70.19
2025-11-10,9:33:12.447109543,T,KO,F I,50,70.19
2025-11-10,9:33:13.116678454,T,KO,I,30,70.21
2025-11-10,9:33:13.116681329,T,KO,,100,70.21
2025-11-10,9:33:13.116684200,T,KO,I,70,70.21
2025-11-10,9:33:13.116696262,T,KO,F I,30,70.21
2025-11-10,9:33:13.117162384,T,KO,F I,50,70.21
2025-11-10,9:33:13.117941355,T,KO,I,4,70.21
2025-11-10,9:33:13.117944218,T,KO,I,65,70.21
2025-11-10,9:33:13.506517724,T,KO,F I,21,70.19
2025-11-10,9:33:14.633731374,T,KO,I,1,70.17
2025-11-10,9:33:14.634265001,T,KO,I,50,70.175
2025-11-10,9:33:14.634265001,T,KO,,100,70.18
2025-11-10,9:33:14.634269705,T,KO,I,51,70.18
2025-11-10,9:33:14.634269705,T,KO,,100,70.18
2025-11-10,9:33:14.634273039,T,KO,I,68,70.18
2025-11-10,9:33:14.634273039,T,KO,,107,70.18
2025-11-10,9:33:14.634275778,T,KO,I,25,70.18
2025-11-10,9:33:14.634275778,T,KO,I,4,70.18
2025-11-10,9:33:14.634278672,T,KO,,150,70.18
2025-11-10,9:33:14.634284931,T,KO,I,1,70.18
2025-11-10,9:33:14.634332849,T,KO,F I,49,70.18
2025-11-10,9:33:14.634335894,T,KO,F I,49,70.18
2025-11-10,9:33:14.663748865,T,KO,F I,3,70.19
2025-11-10,9:33:15.051351097,T,KO,F I,8,70.2
2025-11-10,9:33:15.157461766,T,KO,F,130,70.19
2025-11-10,9:33:15.157464754,T,KO,F I,78,70.19
2025-11-10,9:33:15.157467788,T,KO,F,100,70.19
2025-11-10,9:33:15.185572768,T,KO,F I,18,70.19
2025-11-10,9:33:15.185900481,T,KO,I,33,70.18
2025-11-10,9:33:15.189142411,T,KO,F,100,70.18
2025-11-10,9:33:15.189142411,T,KO,F I,33,70.18
2025-11-10,9:33:15.189145190,T,KO,F I,27,70.18
2025-11-10,9:33:15.198247932,T,KO,F I,20,70.19
2025-11-10,9:33:15.208733871,T,KO,F I,1,70.185
2025-11-10,9:33:15.292507444,T,KO,I,25,70.18
2025-11-10,9:33:15.311939653,T,KO,F I,2,70.18
2025-11-10,9:33:15.376771167,T,KO,F I,11,70.18
2025-11-10,9:33:15.390495884,T,KO,F I,6,70.18
2025-11-10,9:33:17.439828682,T,KO,F I,51,70.17
2025-11-10,9:33:17.440806102,T,KO,F I,1,70.16
2025-11-10,9:33:17.441978815,T,KO,I,50,70.15
2025-11-10,9:33:17.454954775,T,KO,F I,19,70.16
2025-11-10,9:33:17.466129462,T,KO,F I,1,70.16
2025-11-10,9:33:17.597244590,T,KO,F,100,70.15
2025-11-10,9:33:19.135363230,T,KO,I,80,70.16
2025-11-10,9:33:19.135366370,T,KO,I,5,70.16
2025-11-10,9:33:19.135366370,T,KO,,215,70.16
2025-11-10,9:33:19.135384099,T,KO,F I,85,70.16
2025-11-10,9:33:19.154858419,T,KO,F I,7,70.17
2025-11-10,9:33:19.155168123,T,KO,I,25,70.16
2025-11-10,9:33:19.155186243,T,KO,,116,70.16
2025-11-10,9:33:19.155192224,T,KO,I,23,70.16
2025-11-10,9:33:19.155192224,T,KO,I,1,70.16
2025-11-10,9:33:19.155213270,T,KO,F I,84,70.16
2025-11-10,9:33:19.163212323,T,KO,F I,11,70.17
2025-11-10,9:33:19.163251546,T,KO,,103,70.16
2025-11-10,9:33:19.163269938,T,KO,F,103,70.16
2025-11-10,9:33:19.175649943,T,KO,F I,11,70.16
2025-11-10,9:33:19.186048711,T,KO,F I,1,70.16
2025-11-10,9:33:19.377124725,T,KO,F I,25,70.15
2025-11-10,9:33:19.377256077,T,KO,,108,70.15
2025-11-10,9:33:19.377259122,T,KO,I,82,70.15
2025-11-10,9:33:19.377277189,T,KO,F I,21,70.15
2025-11-10,9:33:19.388575090,T,KO,I,16,70.16
2025-11-10,9:33:19.400309076,T,KO,I,1,70.16
2025-11-10,9:33:21.165447078,T,KO,F I,4,70.15
2025-11-10,9:33:21.165468621,T,KO,F,104,70.15
2025-11-10,9:33:21.165468621,T,KO,F I,8,70.15
2025-11-10,9:33:21.165471245,T,KO,F I,25,70.15
2025-11-10,9:33:21.165471245,T,KO,I,83,70.15
2025-11-10,9:33:21.165474185,T,KO,F,100,70.15
2025-11-10,9:33:21.165489243,T,KO,I,1,70.15
2025-11-10,9:33:21.196102092,T,KO,I,10,70.16
2025-11-10,9:33:21.467724012,T,KO,F I,25,70.15
2025-11-10,9:33:21.485586533,T,KO,F I,3,70.15
2025-11-10,9:33:21.485992550,T,KO,F I,2,70.15
2025-11-10,9:33:22.627676853,T,KO,I,5,70.16
2025-11-10,9:33:22.627676853,T,KO,I,1,70.16
2025-11-10,9:33:22.647202182,T,KO,I,10,70.17
2025-11-10,9:33:22.647229294,T,KO,,102,70.17
2025-11-10,9:33:22.658407535,T,KO,I,8,70.18
2025-11-10,9:33:22.658409963,T,KO,I,8,70.18
2025-11-10,9:33:23.406339332,T,KO,F I,25,70.17
2025-11-10,9:33:23.428435957,T,KO,I,8,70.18
2025-11-10,9:33:23.428478734,T,KO,,106,70.17
2025-11-10,9:33:23.440828365,T,KO,F I,21,70.17
2025-11-10,9:33:23.452180465,T,KO,F I,1,70.17
2025-11-10,9:33:23.720654450,T,KO,F I,59,70.17
2025-11-10,9:33:23.720671963,T,KO,F I,19,70.17
2025-11-10,9:33:23.720674968,T,KO,F,106,70.17
2025-11-10,9:33:23.720732105,T,KO,F,100,70.17
2025-11-10,9:33:23.720753509,T,KO,I,1,70.17
2025-11-10,9:33:23.720759094,T,KO,I,24,70.17
2025-11-10,9:33:23.720762135,T,KO,I,1,70.17
2025-11-10,9:33:23.720789163,T,KO,,100,70.17
2025-11-10,9:33:23.738889264,T,KO,F I,21,70.17
2025-11-10,9:33:23.751269874,T,KO,F I,1,70.17
2025-11-10,9:33:23.954187066,T,KO,I,25,70.16
2025-11-10,9:33:23.954190137,T,KO,,200,70.16
2025-11-10,9:33:23.954193070,T,KO,I,12,70.16
2025-11-10,9:33:23.972843487,T,KO,F I,1,70.17
2025-11-10,9:33:23.982364264,T,KO,F I,19,70.18
2025-11-10,9:33:23.986923099,T,KO,I,25,70.19
2025-11-10,9:33:23.999640314,T,KO,I,14,70.19
2025-11-10,9:33:24.291401230,T,KO,I,11,70.19
2025-11-10,9:33:24.291404397,T,KO,I,50,70.19
2025-11-10,9:33:24.291627698,T,KO,F I,5,70.19
2025-11-10,9:33:24.291630096,T,KO,F,188,70.19
2025-11-10,9:33:24.291644855,T,KO,,100,70.19
2025-11-10,9:33:24.306864115,T,KO,I,49,70.19
2025-11-10,9:33:24.318580029,T,KO,F I,3,70.19
2025-11-10,9:33:24.407306259,T,KO,F I,25,70.19
2025-11-10,9:33:24.407309336,T,KO,F,100,70.19
2025-11-10,9:33:24.415753414,T,KO,F I,92,70.2
2025-11-10,9:33:24.415753414,T,KO,F I,25,70.2
2025-11-10,9:33:24.425024520,T,KO,F I,25,70.205
2025-11-10,9:33:24.439946065,T,KO,I,2,70.205
2025-11-10,9:33:24.648270250,T,KO,F I,2,70.19
2025-11-10,9:33:24.660557446,T,KO,F I,1,70.2
2025-11-10,9:33:24.841549749,T,KO,I,24,70.2
2025-11-10,9:33:24.841549749,T,KO,I,1,70.2
2025-11-10,9:33:24.858786557,T,KO,I,1,70.2
2025-11-10,9:33:26.137398841,T,KO,F I,50,70.2
2025-11-10,9:33:26.138051457,T,KO,F,100,70.21
2025-11-10,9:33:26.138051457,T,KO,F,201,70.21
2025-11-10,9:33:26.161652216,T,KO,F I,24,70.23
2025-11-10,9:33:26.182229663,T,KO,F I,1,70.23
2025-11-10,9:33:26.210066958,T,KO,F I,2,70.23
2025-11-10,9:33:27.189355438,T,KO,F I,7,70.22
2025-11-10,9:33:27.189370412,T,KO,,100,70.22
2025-11-10,9:33:27.189382415,T,KO,F I,94,70.22
2025-11-10,9:33:27.212714981,T,KO,F I,7,70.24
2025-11-10,9:33:27.212714981,T,KO,F I,25,70.24
2025-11-10,9:33:27.212781092,T,KO,F I,5,70.24
2025-11-10,9:33:28.188208354,T,KO,F I,23,70.23
2025-11-10,9:33:28.198595058,T,KO,F I,2,70.22
2025-11-10,9:33:28.198616079,T,KO,F,128,70.22
2025-11-10,9:33:28.218310021,T,KO,F I,31,70.235
2025-11-10,9:33:28.228053256,T,KO,F I,1,70.235
2025-11-10,9:33:28.313757366,T,KO,I,1,70.23
2025-11-10,9:33:29.189073101,T,KO,I,50,70.22
2025-11-10,9:33:29.208388109,T,KO,I,33,70.23
2025-11-10,9:33:29.208860280,T,KO,F,168,70.23
2025-11-10,9:33:29.216348119,T,KO,F I,5,70.23
2025-11-10,9:33:29.216351227,T,KO,F I,5,70.23
2025-11-10,9:33:29.216354088,T,KO,F I,29,70.23
2025-11-10,9:33:29.217929872,T,KO,F I,30,70.23
2025-11-10,9:33:29.229236935,T,KO,F I,1,70.23
2025-11-10,9:33:29.542174162,T,KO,I,8,70.23
2025-11-10,9:33:29.542177333,T,KO,I,5,70.23
2025-11-10,9:33:29.542177333,T,KO,I,3,70.23
2025-11-10,9:33:29.542237216,T,KO,F,115,70.22
2025-11-10,9:33:29.557507618,T,KO,F I,12,70.22
2025-11-10,9:33:29.713528213,T,KO,F I,1,70.22
2025-11-10,9:33:30.552192825,T,KO,,100,70.22
2025-11-10,9:33:30.552192825,T,KO,,100,70.22
2025-11-10,9:33:30.552207760,T,KO,I,1,70.22
2025-11-10,9:33:30.574042681,T,KO,F I,1,70.22
2025-11-10,9:33:30.695805921,T,KO,F I,25,70.21
2025-11-10,9:33:30.695805921,T,KO,F I,25,70.21
2025-11-10,9:33:30.695844942,T,KO,I,18,70.21
2025-11-10,9:33:30.696849555,T,KO,F,197,70.23
2025-11-10,9:33:30.696855268,T,KO,F I,37,70.23
2025-11-10,9:33:30.696855268,T,KO,F I,25,70.23
2025-11-10,9:33:30.715628926,T,KO,I,2,70.24
2025-11-10,9:33:30.715689100,T,KO,F,106,70.23
2025-11-10,9:33:30.727296725,T,KO,F I,11,70.23
2025-11-10,9:33:30.823895788,T,KO,,100,70.23
2025-11-10,9:33:30.823898732,T,KO,,106,70.23
2025-11-10,9:33:30.837948234,T,KO,F I,11,70.24
2025-11-10,9:33:31.161720332,T,KO,F I,25,70.23
2025-11-10,9:33:31.324702504,T,KO,I,6,70.225
2025-11-10,9:33:32.170662424,T,KO,F I,5,70.23
2025-11-10,9:33:32.170665494,T,KO,F I,23,70.23
2025-11-10,9:33:32.170668385,T,KO,F I,2,70.23
2025-11-10,9:33:32.170668385,T,KO,F I,65,70.23
2025-11-10,9:33:32.179674930,T,KO,F I,5,70.23
2025-11-10,9:33:32.189815185,T,KO,F I,8,70.24
2025-11-10,9:33:32.201687326,T,KO,F I,1,70.24
2025-11-10,9:33:33.426589013,T,KO,F I,5,70.23
2025-11-10,9:33:33.426591691,T,KO,F,100,70.23
2025-11-10,9:33:33.429021486,T,KO,I,5,70.23
2025-11-10,9:33:33.562966467,T,KO,F I,25,70.22
2025-11-10,9:33:33.567092370,T,KO,I,21,70.23
2025-11-10,9:33:33.578182707,T,KO,I,1,70.23
2025-11-10,9:33:34.005573172,T,KO,F I,25,70.23
2025-11-10,9:33:34.005573172,T,KO,F I,11,70.23
2025-11-10,9:33:34.005575716,T,KO,F,100,70.23
2025-11-10,9:33:35.444325349,T,KO,F I,25,70.22
2025-11-10,9:33:35.444325349,T,KO,F I,25,70.22
2025-11-10,9:33:35.444328586,T,KO,F I,1,70.22
2025-11-10,9:33:35.473341553,T,KO,F I,17,70.23
2025-11-10,9:33:35.485622759,T,KO,F I,1,70.23
2025-11-10,9:33:35.779804384,T,KO,F I,76,70.23
2025-11-10,9:33:35.780090539,T,KO,I,5,70.23
2025-11-10,9:33:35.780090539,T,KO,I,25,70.23
2025-11-10,9:33:35.787057692,T,KO,F I,14,70.23
2025-11-10,9:33:35.805536673,T,KO,F I,1,70.23
2025-11-10,9:33:37.101641608,T,KO,F I,25,70.22
2025-11-10,9:33:37.506760558,T,KO,I,8,70.22
2025-11-10,9:33:37.521700085,T,KO,F I,1,70.22
2025-11-10,9:33:37.804860470,T,KO,F I,7,70.22
2025-11-10,9:33:37.823402610,T,KO,F I,1,70.22
2025-11-10,9:33:38.774315470,T,KO,I,4,70.22
2025-11-10,9:33:38.775046315,T,KO,I,9,70.22
2025-11-10,9:33:38.775049475,T,KO,I,31,70.22
2025-11-10,9:33:38.777509133,T,KO,F I,57,70.22
2025-11-10,9:33:38.777533211,T,KO,F,112,70.22
2025-11-10,9:33:38.778378526,T,KO,F I,25,70.23
2025-11-10,9:33:38.778381195,T,KO,F I,3,70.23
2025-11-10,9:33:38.784828615,T,KO,F I,13,70.225
2025-11-10,9:33:38.787047975,T,KO,F I,2,70.23
2025-11-10,9:33:38.980161727,T,KO,F I,6,70.22
2025-11-10,9:33:38.980651991,T,KO,F,100,70.22
2025-11-10,9:33:38.980651991,T,KO,F I,5,70.22
2025-11-10,9:33:38.984299636,T,KO,F I,6,70.23
2025-11-10,9:33:38.997050008,T,KO,I,21,70.235
2025-11-10,9:33:39.007427706,T,KO,I,1,70.235
2025-11-10,9:33:39.030155818,T,KO,,224,70.23
2025-11-10,9:33:39.030667023,T,KO,I,9,70.22
2025-11-10,9:33:39.030685264,T,KO,I,16,70.22
2025-11-10,9:33:39.036633672,T,KO,F I,5,70.22
2025-11-10,9:33:39.036633672,T,KO,F,100,70.22
2025-11-10,9:33:39.036672354,T,KO,I,28,70.22
2025-11-10,9:33:39.058110480,T,KO,F I,24,70.23
2025-11-10,9:33:39.069321375,T,KO,F I,1,70.23
2025-11-10,9:33:40.021578093,T,KO,F I,5,70.22
2025-11-10,9:33:40.513298202,T,KO,F,100,70.22
2025-11-10,9:33:40.513298202,T,KO,F,100,70.22
2025-11-10,9:33:40.513300376,T,KO,F I,6,70.22
2025-11-10,9:33:40.513303309,T,KO,F I,28,70.22
2025-11-10,9:33:40.513339375,T,KO,,100,70.22
2025-11-10,9:33:40.513339375,T,KO,I,12,70.22
2025-11-10,9:33:40.513357838,T,KO,I,1,70.22
2025-11-10,9:33:40.513658124,T,KO,,100,70.22
2025-11-10,9:33:40.540767675,T,KO,F I,9,70.225
2025-11-10,9:33:41.794823532,T,KO,F I,50,70.22
2025-11-10,9:33:41.812508697,T,KO,F I,3,70.23
2025-11-10,9:33:42.885097272,T,KO,,200,70.22
2025-11-10,9:33:42.885100264,T,KO,I,50,70.22
2025-11-10,9:33:42.892100899,T,KO,F I,9,70.23
2025-11-10,9:33:42.902259072,T,KO,F I,3,70.225
2025-11-10,9:33:43.292336106,T,KO,F I,84,70.22
2025-11-10,9:33:43.295259116,T,KO,F I,7,70.22
2025-11-10,9:33:43.305814189,T,KO,F I,1,70.22
2025-11-10,9:33:47.567408353,T,KO,F I,30,70.21
2025-11-10,9:33:47.567408353,T,KO,F I,20,70.21
2025-11-10,9:33:47.567411630,T,KO,F I,9,70.21
2025-11-10,9:33:47.578739173,T,KO,F I,36,70.2
2025-11-10,9:33:47.590686571,T,KO,F I,2,70.2
2025-11-10,9:33:47.687354830,T,KO,I,2,70.21
2025-11-10,9:33:47.689880867,T,KO,,140,70.22
2025-11-10,9:33:47.692130857,T,KO,,100,70.22
2025-11-10,9:33:47.692133229,T,KO,I,63,70.23
2025-11-10,9:33:47.692139196,T,KO,I,25,70.23
2025-11-10,9:33:47.692139196,T,KO,,200,70.23
2025-11-10,9:33:47.692142471,T,KO,,190,70.23
2025-11-10,9:33:47.692163529,T,KO,F,100,70.22
2025-11-10,9:33:47.692169368,T,KO,F,100,70.22
2025-11-10,9:33:47.692169368,T,KO,F,100,70.22
2025-11-10,9:33:47.692184930,T,KO,F I,49,70.22
2025-11-10,9:33:47.692187514,T,KO,F I,51,70.22
2025-11-10,9:33:47.692190357,T,KO,I,1,70.22
2025-11-10,9:33:47.692193358,T,KO,F I,11,70.22
2025-11-10,9:33:47.692196593,T,KO,F I,18,70.22
2025-11-10,9:33:47.692205358,T,KO,F I,25,70.22
2025-11-10,9:33:47.692205358,T,KO,F I,46,70.22
2025-11-10,9:33:47.692209054,T,KO,F,100,70.22
2025-11-10,9:33:47.692397860,T,KO,,100,70.22
2025-11-10,9:33:47.692617452,T,KO,F,100,70.21
2025-11-10,9:33:47.692621045,T,KO,F I,49,70.21
2025-11-10,9:33:47.693372131,T,KO,I,2,70.21
2025-11-10,9:33:47.693868681,T,KO,F I,98,70.21
2025-11-10,9:33:47.693868681,T,KO,F,100,70.21
2025-11-10,9:33:47.693871505,T,KO,F,100,70.21
2025-11-10,9:33:47.693874751,T,KO,F I,19,70.21
2025-11-10,9:33:47.693874751,T,KO,F,100,70.21
2025-11-10,9:33:47.693877398,T,KO,F,291,70.21
2025-11-10,9:33:47.700117305,T,KO,F,100,70.205
2025-11-10,9:33:47.700120369,T,KO,F I,9,70.21
2025-11-10,9:33:47.700123252,T,KO,F,110,70.21
2025-11-10,9:33:47.700138400,T,KO,I,1,70.21
2025-11-10,9:33:47.700604361,T,KO,F,191,70.21
2025-11-10,9:33:47.700607450,T,KO,F,100,70.21
2025-11-10,9:33:47.700658563,T,KO,F,100,70.21
2025-11-10,9:33:47.700664520,T,KO,F I,5,70.21
2025-11-10,9:33:47.700688607,T,KO,I,25,70.21
2025-11-10,9:33:47.700691649,T,KO,F I,25,70.21
2025-11-10,9:33:47.711854169,T,KO,F I,41,70.21
2025-11-10,9:33:47.721137314,T,KO,F I,2,70.21
2025-11-10,9:33:47.879082461,T,KO,I,57,70.21
2025-11-10,9:33:47.879082461,T,KO,I,29,70.21
2025-11-10,9:33:47.895558824,T,KO,F I,4,70.21
2025-11-10,9:33:47.895609934,T,KO,,100,70.21
2025-11-10,9:33:47.895630935,T,KO,I,5,70.21
2025-11-10,9:33:47.906507858,T,KO,F I,16,70.21
2025-11-10,9:33:49.291528783,T,KO,F,200,70.19
2025-11-10,9:33:49.291585826,T,KO,I,7,70.18
2025-11-10,9:33:49.311745797,T,KO,F I,11,70.19
2025-11-10,9:33:49.311767532,T,KO,F I,10,70.19
2025-11-10,9:33:49.311790880,T,KO,F I,5,70.19
2025-11-10,9:33:49.311793893,T,KO,F I,62,70.19
2025-11-10,9:33:49.312458786,T,KO,F I,50,70.19
2025-11-10,9:33:49.312458786,T,KO,F I,18,70.19
2025-11-10,9:33:49.312885551,T,KO,F,100,70.19
2025-11-10,9:33:49.312891544,T,KO,F I,5,70.19
2025-11-10,9:33:49.320454552,T,KO,F I,5,70.19
2025-11-10,9:33:49.320457529,T,KO,F I,23,70.19
2025-11-10,9:33:49.332212545,T,KO,F I,1,70.19
2025-11-10,9:33:49.649462102,T,KO,F I,1,70.18
2025-11-10,9:33:49.896088515,T,KO,,100,70.17
2025-11-10,9:33:49.896088515,T,KO,I,9,70.17
2025-11-10,9:33:49.896091598,T,KO,I,14,70.17
2025-11-10,9:33:49.896091598,T,KO,I,50,70.17
2025-11-10,9:33:49.896110151,T,KO,I,1,70.17
2025-11-10,9:33:49.917577881,T,KO,F I,25,70.18
2025-11-10,9:33:49.917580744,T,KO,F I,26,70.18
2025-11-10,9:33:49.920356275,T,KO,F I,25,70.18
2025-11-10,9:33:49.929092086,T,KO,F I,21,70.18
2025-11-10,9:33:49.935013210,T,KO,I,4,70.18
2025-11-10,9:33:49.939499940,T,KO,F I,1,70.19
2025-11-10,9:33:50.022205927,T,KO,F I,23,70.19
2025-11-10,9:33:50.034448043,T,KO,F I,10,70.195
2025-11-10,9:33:50.699478951,T,KO,F I,51,70.19
2025-11-10,9:33:50.714779424,T,KO,I,4,70.19
2025-11-10,9:33:50.944662504,T,KO,F,200,70.17
2025-11-10,9:33:50.944665062,T,KO,F I,25,70.17
2025-11-10,9:33:50.944665062,T,KO,F I,54,70.17
2025-11-10,9:33:50.962494489,T,KO,I,25,70.17
2025-11-10,9:33:50.962498233,T,KO,I,2,70.17
2025-11-10,9:33:50.962498233,T,KO,I,17,70.17
2025-11-10,9:33:50.975001091,T,KO,I,2,70.17
2025-11-10,9:33:51.116642039,T,KO,F I,25,70.16
2025-11-10,9:33:51.116645022,T,KO,F,100,70.16
2025-11-10,9:33:51.142039997,T,KO,F I,2,70.16
2025-11-10,9:33:51.142039997,T,KO,F I,8,70.16
2025-11-10,9:33:51.142322798,T,KO,I,17,70.16
2025-11-10,9:33:51.153671691,T,KO,F I,1,70.17
2025-11-10,9:33:51.574551927,T,KO,F,200,70.16
2025-11-10,9:33:51.574554072,T,KO,F I,25,70.16
2025-11-10,9:33:51.593724776,T,KO,I,23,70.16
2025-11-10,9:33:51.604078414,T,KO,I,1,70.16
2025-11-10,9:33:51.651450256,T,KO,I,76,70.16
2025-11-10,9:33:51.651453325,T,KO,I,24,70.16
2025-11-10,9:33:51.657227000,T,KO,I,20,70.16
2025-11-10,9:33:51.666323653,T,KO,I,1,70.16
2025-11-10,9:33:52.099424276,T,KO,F I,9,70.16
2025-11-10,9:33:52.099484431,T,KO,I,62,70.16
2025-11-10,9:33:52.114421008,T,KO,I,13,70.17
2025-11-10,9:33:53.218476566,T,KO,I,61,70.14
2025-11-10,9:33:53.218476566,T,KO,I,50,70.14
2025-11-10,9:33:53.218479501,T,KO,I,25,70.14
2025-11-10,9:33:53.218536646,T,KO,F,100,70.14
2025-11-10,9:33:53.218554713,T,KO,I,1,70.14
2025-11-10,9:33:53.218623927,T,KO,I,1,70.14
2025-11-10,9:33:53.218626950,T,KO,I,15,70.14
2025-11-10,9:33:53.240513041,T,KO,F I,35,70.15
2025-11-10,9:33:53.250569018,T,KO,F I,2,70.15
2025-11-10,9:33:55.366528573,T,KO,I,50,70.13
2025-11-10,9:33:55.382316148,T,KO,F I,3,70.14
2025-11-10,9:33:56.578357866,T,KO,F,100,70.13
2025-11-10,9:33:56.578360960,T,KO,F I,12,70.13
2025-11-10,9:33:56.578372985,T,KO,I,1,70.13
2025-11-10,9:33:56.578774071,T,KO,F I,48,70.13
2025-11-10,9:33:56.578776044,T,KO,F I,12,70.13
2025-11-10,9:33:56.578778933,T,KO,F I,1,70.13
2025-11-10,9:33:56.600123778,T,KO,F I,5,70.14
2025-11-10,9:33:56.600123778,T,KO,F I,1,70.14
2025-11-10,9:33:56.611226181,T,KO,F I,1,70.14
2025-11-10,9:33:56.620936721,T,KO,F I,49,70.13
2025-11-10,9:33:56.620939337,T,KO,F I,25,70.13
2025-11-10,9:33:56.620961065,T,KO,I,73,70.13
2025-11-10,9:33:56.621035803,T,KO,I,49,70.13
2025-11-10,9:33:56.621035803,T,KO,I,5,70.13
2025-11-10,9:33:56.621038886,T,KO,I,61,70.13
2025-11-10,9:33:56.621038886,T,KO,I,38,70.13
2025-11-10,9:33:56.621041517,T,KO,I,11,70.13
2025-11-10,9:33:56.627212665,T,KO,F I,42,70.13
2025-11-10,9:33:56.627553058,T,KO,F I,7,70.13
2025-11-10,9:33:56.627553058,T,KO,F I,5,70.13
2025-11-10,9:33:56.627558060,T,KO,F I,38,70.13
2025-11-10,9:33:56.627558060,T,KO,F I,19,70.13
2025-11-10,9:33:56.631010350,T,KO,F I,45,70.13
2025-11-10,9:33:56.645126502,T,KO,F I,4,70.13
2025-11-10,9:33:56.645128945,T,KO,F I,9,70.13
2025-11-10,9:33:56.645132093,T,KO,F I,8,70.13
2025-11-10,9:33:56.645132093,T,KO,F I,7,70.13
2025-11-10,9:33:56.677350774,T,KO,F I,1,70.13
2025-11-10,9:33:56.732354693,T,KO,I,50,70.13
2025-11-10,9:33:56.741042494,T,KO,F I,22,70.13
2025-11-10,9:33:56.751245687,T,KO,F I,1,70.13
2025-11-10,9:33:57.185419709,T,KO,F I,1,70.13
2025-11-10,9:33:57.805325203,T,KO,F I,50,70.12
2025-11-10,9:33:57.805328388,T,KO,F I,4,70.12
2025-11-10,9:33:57.806022835,T,KO,F I,5,70.12
2025-11-10,9:33:57.806028784,T,KO,F I,48,70.12
2025-11-10,9:33:57.806049820,T,KO,F I,50,70.12
2025-11-10,9:33:57.819744431,T,KO,F I,14,70.13
2025-11-10,9:33:57.835366632,T,KO,F I,1,70.13
2025-11-10,9:33:57.870306911,T,KO,F I,3,70.13
2025-11-10,9:33:57.870306911,T,KO,F I,7,70.13
2025-11-10,9:33:57.873061501,T,KO,F I,1,70.14
2025-11-10,9:33:58.070953787,T,KO,F I,64,70.14
2025-11-10,9:33:58.083337305,T,KO,F I,3,70.14
2025-11-10,9:33:58.502382273,T,KO,F I,29,70.14
2025-11-10,9:33:58.524905911,T,KO,F I,1,70.14
2025-11-10,9:33:58.677203680,T,KO,F I,3,70.14
2025-11-10,9:33:58.677209654,T,KO,F,100,70.14
2025-11-10,9:33:58.677212674,T,KO,F I,97,70.14
2025-11-10,9:33:58.677224725,T,KO,I,1,70.14
2025-11-10,9:33:58.677227935,T,KO,I,99,70.14
2025-11-10,9:33:58.700548261,T,KO,F I,15,70.15
2025-11-10,9:33:58.724437173,T,KO,F I,1,70.15
2025-11-10,9:33:59.163531081,T,KO,F,100,70.14
2025-11-10,9:33:59.163531081,T,KO,F I,15,70.14
2025-11-10,9:33:59.163534122,T,KO,F I,48,70.14
2025-11-10,9:33:59.163537058,T,KO,F I,8,70.14
2025-11-10,9:33:59.179237466,T,KO,F I,15,70.14
2025-11-10,9:34:00.081076335,T,KO,F I,1,70.15
2025-11-10,9:34:00.126310062,T,KO,F I,83,70.15
2025-11-10,9:34:00.126313671,T,KO,F I,5,70.15
2025-11-10,9:34:00.126313671,T,KO,F,100,70.15
2025-11-10,9:34:00.126346220,T,KO,F I,16,70.15
2025-11-10,9:34:00.154063210,T,KO,I,20,70.16
2025-11-10,9:34:00.166353454,T,KO,I,1,70.16
2025-11-10,9:34:00.907749021,T,KO,F I,15,70.15
2025-11-10,9:34:00.907749021,T,KO,F I,25,70.15
2025-11-10,9:34:00.908385813,T,KO,F I,48,70.15
2025-11-10,9:34:00.908388961,T,KO,F,100,70.15
2025-11-10,9:34:00.908391804,T,KO,F I,5,70.15
2025-11-10,9:34:00.908394896,T,KO,F I,25,70.15
2025-11-10,9:34:00.921455126,T,KO,F I,25,70.16
2025-11-10,9:34:00.934256477,T,KO,F,100,70.17
2025-11-10,9:34:00.934277452,T,KO,I,74,70.17
2025-11-10,9:34:00.934301541,T,KO,F I,25,70.17
2025-11-10,9:34:00.934319551,T,KO,F I,1,70.17
2025-11-10,9:34:00.936704360,T,KO,I,25,70.18
2025-11-10,9:34:00.936704360,T,KO,I,38,70.18
2025-11-10,9:34:00.937059185,T,KO,I,62,70.18
2025-11-10,9:34:00.937062157,T,KO,I,2,70.18
2025-11-10,9:34:00.937083223,T,KO,F I,53,70.18
2025-11-10,9:34:00.948814166,T,KO,F I,10,70.18
2025-11-10,9:34:00.957655121,T,KO,F I,1,70.18
2025-11-10,9:34:00.973061135,T,KO,I,36,70.18
2025-11-10,9:34:00.973061135,T,KO,I,60,70.18
2025-11-10,9:34:00.981111045,T,KO,F I,5,70.18
2025-11-10,9:34:00.993016357,T,KO,I,5,70.18
2025-11-10,9:34:01.099912003,T,KO,F I,30,70.18
2025-11-10,9:34:01.099918029,T,KO,F,100,70.18
2025-11-10,9:34:01.099918029,T,KO,F I,56,70.18
2025-11-10,9:34:01.100552466,T,KO,F I,44,70.18
2025-11-10,9:34:01.100555538,T,KO,F I,2,70.18
2025-11-10,9:34:01.116298012,T,KO,I,14,70.19
2025-11-10,9:34:01.126940335,T,KO,I,1,70.19
2025-11-10,9:34:01.580627862,T,KO,I,1,70.19
2025-11-10,9:34:04.293897095,T,KO,F I,48,70.18
2025-11-10,9:34:04.293897095,T,KO,F I,1,70.18
2025-11-10,9:34:04.294850568,T,KO,F,100,70.175
2025-11-10,9:34:04.294854623,T,KO,F I,28,70.18
2025-11-10,9:34:04.294859383,T,KO,F,100,70.18
2025-11-10,9:34:04.294859383,T,KO,F I,47,70.18
2025-11-10,9:34:04.294862298,T,KO,F,100,70.18
2025-11-10,9:34:04.294865390,T,KO,F,200,70.18
2025-11-10,9:34:04.315978582,T,KO,F,100,70.19
2025-11-10,9:34:04.315996878,T,KO,I,1,70.19
2025-11-10,9:34:04.326133782,T,KO,F I,6,70.19
2025-11-10,9:34:04.336126585,T,KO,F I,1,70.19
2025-11-10,9:34:05.211779111,T,KO,F I,42,70.19
2025-11-10,9:34:05.216488343,T,KO,I,6,70.19
2025-11-10,9:34:05.569354802,T,KO,F I,44,70.19
2025-11-10,9:34:05.569369943,T,KO,I,44,70.19
2025-11-10,9:34:05.569466089,T,KO,I,56,70.19
2025-11-10,9:34:05.569469045,T,KO,,100,70.19
2025-11-10,9:34:05.569472014,T,KO,I,34,70.19
2025-11-10,9:34:05.569493058,T,KO,F I,74,70.19
2025-11-10,9:34:06.622294740,T,KO,F,100,70.21
2025-11-10,9:34:06.622298594,T,KO,F,200,70.21
2025-11-10,9:34:06.622298594,T,KO,F I,25,70.21
2025-11-10,9:34:06.622316382,T,KO,F I,89,70.21
2025-11-10,9:34:06.622354832,T,KO,F I,11,70.21
2025-11-10,9:34:06.622354832,T,KO,F I,89,70.21
2025-11-10,9:34:06.622412005,T,KO,F I,11,70.21
2025-11-10,9:34:06.622412005,T,KO,F,100,70.21
2025-11-10,9:34:06.622414990,T,KO,F,214,70.21
2025-11-10,9:34:06.622414990,T,KO,F,111,70.21
2025-11-10,9:34:06.622445069,T,KO,F,100,70.21
2025-11-10,9:34:06.622448178,T,KO,F I,11,70.21
2025-11-10,9:34:06.622535704,T,KO,,100,70.21
2025-11-10,9:34:06.622535704,T,KO,,225,70.21
2025-11-10,9:34:06.643919215,T,KO,F,100,70.21
2025-11-10,9:34:06.643934223,T,KO,F I,2,70.21
2025-11-10,9:34:06.643943251,T,KO,F I,2,70.21
2025-11-10,9:34:06.644250313,T,KO,I,98,70.21
2025-11-10,9:34:06.644250313,T,KO,,100,70.21
2025-11-10,9:34:06.644252983,T,KO,,239,70.21
2025-11-10,9:34:06.653978227,T,KO,F I,37,70.22
2025-11-10,9:34:06.664915238,T,KO,F I,2,70.22
2025-11-10,9:34:07.002348813,T,KO,I,1,70.22
2025-11-10,9:34:08.933806875,T,KO,I,1,70.22
2025-11-10,9:34:08.950394399,T,KO,F I,11,70.23
2025-11-10,9:34:08.961671235,T,KO,F I,1,70.23
2025-11-10,9:34:09.525658554,T,KO,,200,70.225
2025-11-10,9:34:09.525706709,T,KO,I,47,70.22
2025-11-10,9:34:09.526010406,T,KO,I,18,70.22
2025-11-10,9:34:09.526554755,T,KO,,120,70.21
2025-11-10,9:34:09.526572684,T,KO,I,1,70.21
2025-11-10,9:34:09.526945578,T,KO,F I,36,70.22
2025-11-10,9:34:09.537482771,T,KO,F I,28,70.22
2025-11-10,9:34:09.545824564,T,KO,F I,1,70.22
2025-11-10,9:34:11.703752126,T,KO,F,100,70.21
2025-11-10,9:34:11.716800141,T,KO,F I,2,70.21
2025-11-10,9:34:12.652241102,T,KO,F,100,70.22
2025-11-10,9:34:12.665198895,T,KO,F I,20,70.23
2025-11-10,9:34:12.675943577,T,KO,F I,1,70.23
2025-11-10,9:34:13.048323478,T,KO,I,25,70.22
2025-11-10,9:34:13.048323478,T,KO,I,31,70.22
2025-11-10,9:34:13.048717321,T,KO,F I,31,70.21
2025-11-10,9:34:13.048720440,T,KO,F I,25,70.21
2025-11-10,9:34:13.048723405,T,KO,F,200,70.21
2025-11-10,9:34:13.071087590,T,KO,F I,44,70.21
2025-11-10,9:34:13.071126805,T,KO,I,44,70.21
2025-11-10,9:34:13.071126805,T,KO,I,1,70.21
2025-11-10,9:34:13.071141756,T,KO,F I,44,70.21
2025-11-10,9:34:13.071153782,T,KO,F I,55,70.21
2025-11-10,9:34:13.072383683,T,KO,F I,30,70.2
2025-11-10,9:34:13.072383683,T,KO,F I,25,70.2
2025-11-10,9:34:13.077285546,T,KO,F,100,70.2
2025-11-10,9:34:13.077288721,T,KO,F I,44,70.2
2025-11-10,9:34:13.077288721,T,KO,F I,15,70.2
2025-11-10,9:34:13.077291384,T,KO,F I,18,70.2
2025-11-10,9:34:13.077294400,T,KO,F I,10,70.2
2025-11-10,9:34:13.077309402,T,KO,I,1,70.2
2025-11-10,9:34:13.077381659,T,KO,I,1,70.2
2025-11-10,9:34:13.077384684,T,KO,I,44,70.2
2025-11-10,9:34:13.077384684,T,KO,I,55,70.2
2025-11-10,9:34:13.085687418,T,KO,F I,44,70.2
2025-11-10,9:34:13.096113216,T,KO,I,53,70.205
2025-11-10,9:34:13.108839546,T,KO,I,3,70.205
2025-11-10,9:34:13.245298512,T,KO,F I,16,70.2
2025-11-10,9:34:13.245298512,T,KO,F I,80,70.2
2025-11-10,9:34:13.245304739,T,KO,F I,44,70.2
2025-11-10,9:34:13.263055936,T,KO,F I,7,70.2
2025-11-10,9:34:14.748621018,T,KO,F,100,70.2
2025-11-10,9:34:14.748623971,T,KO,F I,55,70.2
2025-11-10,9:34:14.781290858,T,KO,I,1,70.22
2025-11-10,9:34:14.839398188,T,KO,F I,7,70.21
2025-11-10,9:34:14.870832088,T,KO,I,6,70.21
2025-11-10,9:34:14.870835141,T,KO,I,5,70.21
2025-11-10,9:34:17.526237521,T,KO,I,4,70.2
2025-11-10,9:34:19.514708436,T,KO,F I,33,70.19
2025-11-10,9:34:19.600250230,T,KO,I,4,70.19
2025-11-10,9:34:19.603110013,T,KO,,125,70.18
2025-11-10,9:34:19.611503110,T,KO,I,6,70.19
2025-11-10,9:34:19.621354447,T,KO,I,1,70.18
2025-11-10,9:34:21.059683196,T,KO,I,6,70.17
2025-11-10,9:34:21.059686180,T,KO,,130,70.17
2025-11-10,9:34:21.059701243,T,KO,I,1,70.17
2025-11-10,9:34:21.059923759,T,KO,F I,69,70.17
2025-11-10,9:34:21.095026334,T,KO,I,30,70.17
2025-11-10,9:34:21.107894060,T,KO,I,1,70.17
2025-11-10,9:34:21.259954174,T,KO,F I,25,70.16
2025-11-10,9:34:23.834755681,T,KO,I,4,70.16
2025-11-10,9:34:24.153316413,T,KO,I,30,70.16
2025-11-10,9:34:24.153316413,T,KO,I,1,70.16
2025-11-10,9:34:24.226246103,T,KO,I,6,70.15
2025-11-10,9:34:24.240782733,T,KO,I,1,70.15
2025-11-10,9:34:24.240812777,T,KO,,118,70.15
2025-11-10,9:34:24.240833866,T,KO,I,1,70.15
2025-11-10,9:34:24.241242818,T,KO,F I,44,70.15
2025-11-10,9:34:24.241242818,T,KO,F,100,70.15
2025-11-10,9:34:24.241248845,T,KO,F,100,70.15
2025-11-10,9:34:24.241660742,T,KO,F I,6,70.14
2025-11-10,9:34:24.241709569,T,KO,I,44,70.15
2025-11-10,9:34:24.241712602,T,KO,,100,70.15
2025-11-10,9:34:24.241712602,T,KO,,100,70.15
2025-11-10,9:34:24.241714960,T,KO,,200,70.15
2025-11-10,9:34:24.251969400,T,KO,F I,95,70.16
2025-11-10,9:34:25.472339277,T,KO,F I,6,70.15
2025-11-10,9:34:25.472341928,T,KO,F I,25,70.15
2025-11-10,9:34:25.591873633,T,KO,I,7,70.16
2025-11-10,9:34:26.836495937,T,KO,I,2,70.16
2025-11-10,9:34:26.836727524,T,KO,F,124,70.15
2025-11-10,9:34:26.851787418,T,KO,F I,6,70.15
2025-11-10,9:34:26.865993174,T,KO,F I,4,70.15
2025-11-10,9:34:26.990886679,T,KO,F I,39,70.15
2025-11-10,9:34:26.990890026,T,KO,F,124,70.15
2025-11-10,9:34:26.990890026,T,KO,F,100,70.15
2025-11-10,9:34:27.760814385,T,KO,F I,4,70.15
2025-11-10,9:34:27.760814385,T,KO,F I,35,70.15
2025-11-10,9:34:27.760816571,T,KO,F I,4,70.15
2025-11-10,9:34:27.760819393,T,KO,F I,25,70.15
2025-11-10,9:34:27.780450162,T,KO,I,10,70.16
2025-11-10,9:34:27.780492455,T,KO,,124,70.15
2025-11-10,9:34:27.780513275,T,KO,F I,10,70.15
2025-11-10,9:34:27.790437107,T,KO,I,7,70.15
2025-11-10,9:34:27.790461368,T,KO,F I,36,70.15
2025-11-10,9:34:27.790461368,T,KO,F,124,70.15
2025-11-10,9:34:27.790464020,T,KO,F I,25,70.15
2025-11-10,9:34:27.804417270,T,KO,I,10,70.16
2025-11-10,9:34:28.760824104,T,KO,F I,43,70.15
2025-11-10,9:34:28.760827208,T,KO,F I,10,70.15
2025-11-10,9:34:28.773114464,T,KO,F I,3,70.15
2025-11-10,9:34:31.461962515,T,KO,F,100,70.16
2025-11-10,9:34:31.461965541,T,KO,F,200,70.16
2025-11-10,9:34:31.485692001,T,KO,I,20,70.18
2025-11-10,9:34:31.498078605,T,KO,I,1,70.18
2025-11-10,9:34:31.498096633,T,KO,F I,24,70.18
2025-11-10,9:34:31.515307223,T,KO,I,25,70.19
2025-11-10,9:34:31.529638681,T,KO,F I,25,70.2
2025-11-10,9:34:31.530264928,T,KO,F I,43,70.2
2025-11-10,9:34:31.530267201,T,KO,F I,3,70.2
2025-11-10,9:34:31.544118271,T,KO,I,43,70.19
2025-11-10,9:34:31.544121262,T,KO,I,51,70.19
2025-11-10,9:34:31.544467022,T,KO,F I,43,70.18
2025-11-10,9:34:31.551212735,T,KO,I,43,70.18
2025-11-10,9:34:31.551212735,T,KO,I,6,70.18
2025-11-10,9:34:31.565992292,T,KO,F I,2,70.18
2025-11-10,9:34:31.579789139,T,KO,F I,1,70.18
2025-11-10,9:34:34.478218422,T,KO,I,7,70.16
2025-11-10,9:34:34.478218422,T,KO,I,3,70.16
2025-11-10,9:34:34.478576260,T,KO,,116,70.15
2025-11-10,9:34:34.493759471,T,KO,F I,7,70.15
2025-11-10,9:34:35.955961999,T,KO,I,50,70.14
2025-11-10,9:34:35.979577339,T,KO,F I,13,70.14
2025-11-10,9:34:35.979601340,T,KO,F I,40,70.14
2025-11-10,9:34:35.979604299,T,KO,F,123,70.14
2025-11-10,9:34:35.979604299,T,KO,F,128,70.14
2025-11-10,9:34:35.989140011,T,KO,F I,15,70.15
2025-11-10,9:34:35.999959792,T,KO,F I,1,70.15
2025-11-10,9:34:36.100898201,T,KO,F I,4,70.15
2025-11-10,9:34:37.572321025,T,KO,I,25,70.14
