DATE,TIME_M,EX,SYM_ROOT,TR_SCOND,SIZE,PRICE
2025-11-17,9:30:01.293723187,T,KO,,300,71.21
2025-11-17,9:30:01.293747152,T,KO,Q,300,71.21
2025-11-17,9:30:01.295737947,T,KO,,300,71.2
2025-11-17,9:30:01.295761945,T,KO,I,1,71.2
2025-11-17,9:30:01.298775162,T,KO,F I,50,71.24
2025-11-17,9:30:01.298778137,T,KO,F,300,71.24
2025-11-17,9:30:01.413814475,T,KO,,300,71.2
2025-11-17,9:30:01.413814475,T,KO,I,20,71.2
2025-11-17,9:30:01.584130851,T,KO,I,50,71.2
2025-11-17,9:30:01.605725272,T,KO,I,2,71.19
2025-11-17,9:30:01.605731296,T,KO,I,50,71.19
2025-11-17,9:30:01.686094689,T,KO,I,50,71.185
2025-11-17,9:30:01.686166922,T,KO,,197,71.185
2025-11-17,9:30:01.686181860,T,KO,I,50,71.185
2025-11-17,9:30:01.686181860,T,KO,I,50,71.185
2025-11-17,9:30:01.686455649,T,KO,I,2,71.2
2025-11-17,9:30:01.686470650,T,KO,I,50,71.2
2025-11-17,9:30:01.686473798,T,KO,,300,71.2
2025-11-17,9:30:01.686521742,T,KO,F,100,71.19
2025-11-17,9:30:01.686572841,T,KO,,100,71.195
2025-11-17,9:30:01.926282765,T,KO,,192,71.2
2025-11-17,9:30:01.927199980,T,KO,,100,71.2
2025-11-17,9:30:01.927711149,T,KO,,200,71.2
2025-11-17,9:30:01.928210271,T,KO,,100,71.2
2025-11-17,9:30:02.023017137,T,KO,,100,71.21
2025-11-17,9:30:02.242783532,T,KO,F I,44,71.23
2025-11-17,9:30:02.242933975,T,KO,F,300,71.24
2025-11-17,9:30:02.242933975,T,KO,F I,46,71.24
2025-11-17,9:30:02.243042165,T,KO,F,300,71.25
2025-11-17,9:30:02.813849652,T,KO,I,1,71.26
2025-11-17,9:30:03.050663832,T,KO,F,300,71.28
2025-11-17,9:30:03.050967444,T,KO,F,198,71.28
2025-11-17,9:30:03.050979522,T,KO,,100,71.28
2025-11-17,9:30:03.051156933,T,KO,,100,71.28
2025-11-17,9:30:03.361956275,T,KO,,200,71.27
2025-11-17,9:30:03.430555529,T,KO,,100,71.29
2025-11-17,9:30:03.430562350,T,KO,,100,71.29
2025-11-17,9:30:03.430562350,T,KO,,300,71.29
2025-11-17,9:30:03.430564625,T,KO,,600,71.29
2025-11-17,9:30:03.430979483,T,KO,,100,71.29
2025-11-17,9:30:03.571480054,T,KO,F I,1,71.29
2025-11-17,9:30:03.763571600,T,KO,F I,99,71.29
2025-11-17,9:30:03.763574540,T,KO,F,100,71.29
2025-11-17,9:30:03.886964449,T,KO,I,60,71.285
2025-11-17,9:30:04.036450932,T,KO,F,300,71.27
2025-11-17,9:30:04.036450932,T,KO,F I,50,71.27
2025-11-17,9:30:04.202310460,T,KO,,100,71.26
2025-11-17,9:30:04.202313477,T,KO,,250,71.24
2025-11-17,9:30:04.202334457,T,KO,I,1,71.24
2025-11-17,9:30:04.442098514,T,KO,I,2,71.25
2025-11-17,9:30:04.491761721,T,KO,I,5,71.24
2025-11-17,9:30:04.656791894,T,KO,F I,50,71.24
2025-11-17,9:30:04.656797834,T,KO,F I,22,71.24
2025-11-17,9:30:04.656800797,T,KO,F I,72,71.24
2025-11-17,9:30:05.587706879,T,KO,F,100,71.25
2025-11-17,9:30:05.833082243,T,KO,,100,71.25
2025-11-17,9:30:06.330058050,T,KO,F I,61,71.25
2025-11-17,9:30:06.330064212,T,KO,F I,1,71.25
2025-11-17,9:30:06.330064212,T,KO,F,138,71.25
2025-11-17,9:30:06.353044643,T,KO,F I,49,71.25
2025-11-17,9:30:06.365846231,T,KO,F,169,71.25
2025-11-17,9:30:06.373833588,T,KO,F I,44,71.25
2025-11-17,9:30:06.373839142,T,KO,F I,47,71.25
2025-11-17,9:30:06.534752365,T,KO,I,1,71.25
2025-11-17,9:30:06.548546244,T,KO,I,52,71.255
2025-11-17,9:30:06.548552234,T,KO,I,48,71.255
2025-11-17,9:30:06.611774838,T,KO,I,1,71.255
2025-11-17,9:30:06.876528458,T,KO,I,2,71.255
2025-11-17,9:30:07.413740010,T,KO,I,8,71.255
2025-11-17,9:30:07.419841473,T,KO,,100,71.255
2025-11-17,9:30:08.074843513,T,KO,I,3,71.255
2025-11-17,9:30:08.455020913,T,KO,I,1,71.255
2025-11-17,9:30:08.468586277,T,KO,I,1,71.255
2025-11-17,9:30:08.598850815,T,KO,F,136,71.255
2025-11-17,9:30:08.598853450,T,KO,F I,64,71.25
2025-11-17,9:30:08.598880558,T,KO,F I,10,71.25
2025-11-17,9:30:08.599057905,T,KO,,200,71.25
2025-11-17,9:30:08.627190362,T,KO,F I,26,71.25
2025-11-17,9:30:08.627193163,T,KO,F,100,71.24
2025-11-17,9:30:08.627193163,T,KO,F I,74,71.24
2025-11-17,9:30:08.627211324,T,KO,F I,10,71.24
2025-11-17,9:30:08.627213951,T,KO,F I,16,71.24
2025-11-17,9:30:08.627216944,T,KO,F I,10,71.24
2025-11-17,9:30:08.627216944,T,KO,F,100,71.24
2025-11-17,9:30:08.627223044,T,KO,F I,31,71.24
2025-11-17,9:30:08.627223044,T,KO,I,1,71.24
2025-11-17,9:30:08.627232360,T,KO,F I,68,71.24
2025-11-17,9:30:08.627232360,T,KO,F,100,71.24
2025-11-17,9:30:08.627232360,T,KO,F I,68,71.24
2025-11-17,9:30:08.627265747,T,KO,I,32,71.24
2025-11-17,9:30:08.627265747,T,KO,F,100,71.24
2025-11-17,9:30:08.627268652,T,KO,F I,32,71.24
2025-11-17,9:30:08.627268652,T,KO,I,18,71.24
2025-11-17,9:30:08.627271289,T,KO,I,50,71.24
2025-11-17,9:30:08.627289531,T,KO,F,100,71.24
2025-11-17,9:30:08.627292613,T,KO,F I,50,71.24
2025-11-17,9:30:08.627295357,T,KO,I,9,71.25
2025-11-17,9:30:08.627301820,T,KO,I,91,71.25
2025-11-17,9:30:08.627547735,T,KO,,100,71.24
2025-11-17,9:30:08.627547735,T,KO,I,9,71.24
2025-11-17,9:30:08.627550799,T,KO,,109,71.24
2025-11-17,9:30:08.936611994,T,KO,F I,22,71.22
2025-11-17,9:30:08.936615452,T,KO,F,300,71.22
2025-11-17,9:30:08.936615452,T,KO,F I,50,71.22
2025-11-17,9:30:08.997458709,T,KO,I,5,71.2
2025-11-17,9:30:09.103518400,T,KO,F I,95,71.2
2025-11-17,9:30:09.103521311,T,KO,F I,5,71.2
2025-11-17,9:30:09.103542424,T,KO,I,95,71.2
2025-11-17,9:30:09.103542424,T,KO,I,5,71.19
2025-11-17,9:30:09.103569464,T,KO,F I,95,71.19
2025-11-17,9:30:09.506340020,T,KO,F,100,71.17
2025-11-17,9:30:09.510603918,T,KO,,300,71.17
2025-11-17,9:30:09.510612939,T,KO,I,50,71.17
2025-11-17,9:30:09.510661133,T,KO,,300,71.17
2025-11-17,9:30:10.020492275,T,KO,F,300,71.18
2025-11-17,9:30:10.020513341,T,KO,F I,50,71.17
2025-11-17,9:30:10.060271389,T,KO,F,250,71.17
2025-11-17,9:30:10.060271389,T,KO,F I,50,71.17
2025-11-17,9:30:10.066979923,T,KO,F I,50,71.16
2025-11-17,9:30:10.101426967,T,KO,F I,5,71.15
2025-11-17,9:30:10.101430029,T,KO,F I,50,71.15
2025-11-17,9:30:10.101869208,T,KO,I,9,71.16
2025-11-17,9:30:10.101872086,T,KO,,300,71.16
2025-11-17,9:30:10.101875132,T,KO,,100,71.16
2025-11-17,9:30:10.101887065,T,KO,,200,71.16
2025-11-17,9:30:10.102431462,T,KO,F I,39,71.16
2025-11-17,9:30:10.105213039,T,KO,F I,9,71.16
2025-11-17,9:30:10.105213039,T,KO,F I,50,71.16
2025-11-17,9:30:10.180398142,T,KO,F I,50,71.16
2025-11-17,9:30:10.180398142,T,KO,F,250,71.16
2025-11-17,9:30:10.180413109,T,KO,I,1,71.16
2025-11-17,9:30:10.181023616,T,KO,I,50,71.16
2025-11-17,9:30:10.181128796,T,KO,,300,71.17
2025-11-17,9:30:10.240129381,T,KO,F,100,71.16
2025-11-17,9:30:10.240129381,T,KO,F I,50,71.16
2025-11-17,9:30:10.240132335,T,KO,F,250,71.16
2025-11-17,9:30:10.240162432,T,KO,I,50,71.16
2025-11-17,9:30:10.240180495,T,KO,I,9,71.17
2025-11-17,9:30:10.240202017,T,KO,,100,71.16
2025-11-17,9:30:10.240384917,T,KO,,300,71.18
2025-11-17,9:30:10.240397132,T,KO,I,50,71.18
2025-11-17,9:30:10.240430023,T,KO,F,100,71.17
2025-11-17,9:30:10.240493190,T,KO,F,111,71.18
2025-11-17,9:30:10.240565341,T,KO,F I,50,71.17
2025-11-17,9:30:10.278684129,T,KO,F,100,71.175
2025-11-17,9:30:10.278684129,T,KO,F I,9,71.17
2025-11-17,9:30:10.278687136,T,KO,F I,50,71.17
2025-11-17,9:30:10.278690210,T,KO,F,141,71.17
2025-11-17,9:30:10.278696181,T,KO,F I,59,71.17
2025-11-17,9:30:10.279312733,T,KO,F I,50,71.17
2025-11-17,9:30:10.279312733,T,KO,F I,50,71.17
2025-11-17,9:30:10.334554257,T,KO,F I,1,71.17
2025-11-17,9:30:10.334554257,T,KO,F I,50,71.17
2025-11-17,9:30:10.334590284,T,KO,I,50,71.17
2025-11-17,9:30:10.334590284,T,KO,I,50,71.16
2025-11-17,9:30:10.334593326,T,KO,,211,71.16
2025-11-17,9:30:10.334596370,T,KO,I,89,71.16
2025-11-17,9:30:10.437318003,T,KO,F I,50,71.16
2025-11-17,9:30:11.739752985,T,KO,F,300,71.14
2025-11-17,9:30:11.739786546,T,KO,I,1,71.14
2025-11-17,9:30:11.739789044,T,KO,I,49,71.14
2025-11-17,9:30:11.740958837,T,KO,I,50,71.14
2025-11-17,9:30:11.803892744,T,KO,F,100,71.14
2025-11-17,9:30:11.803895697,T,KO,F,100,71.14
2025-11-17,9:30:11.803898800,T,KO,F I,50,71.14
2025-11-17,9:30:11.803898800,T,KO,F,250,71.14
2025-11-17,9:30:11.804319703,T,KO,F I,50,71.14
2025-11-17,9:30:11.851285588,T,KO,F,100,71.145
2025-11-17,9:30:11.851285588,T,KO,F,300,71.13
2025-11-17,9:30:11.851297639,T,KO,F I,3,71.13
2025-11-17,9:30:11.851315659,T,KO,I,9,71.14
2025-11-17,9:30:11.851363812,T,KO,F,100,71.14
2025-11-17,9:30:11.852031635,T,KO,I,35,71.16
2025-11-17,9:30:11.852031635,T,KO,,300,71.16
2025-11-17,9:30:11.852031635,T,KO,I,50,71.16
2025-11-17,9:30:11.868191938,T,KO,,100,71.16
2025-11-17,9:30:11.868195405,T,KO,I,9,71.16
2025-11-17,9:30:11.868195405,T,KO,I,50,71.16
2025-11-17,9:30:11.868197873,T,KO,,100,71.16
2025-11-17,9:30:11.868200852,T,KO,,200,71.16
2025-11-17,9:30:11.999108671,T,KO,F,100,71.16
2025-11-17,9:30:11.999451492,T,KO,F I,9,71.17
2025-11-17,9:30:12.044146945,T,KO,F,200,71.175
2025-11-17,9:30:12.044146945,T,KO,F,100,71.16
2025-11-17,9:30:12.044149949,T,KO,F I,9,71.16
2025-11-17,9:30:12.044149949,T,KO,F I,50,71.16
2025-11-17,9:30:12.044149949,T,KO,F I,41,71.16
2025-11-17,9:30:12.044152993,T,KO,F I,59,71.16
2025-11-17,9:30:12.044176989,T,KO,I,7,71.16
2025-11-17,9:30:12.044219092,T,KO,F I,9,71.17
2025-11-17,9:30:12.168415800,T,KO,,300,71.2
2025-11-17,9:30:12.202702584,T,KO,I,9,71.19
2025-11-17,9:30:14.974376825,T,KO,I,1,71.19
2025-11-17,9:30:15.080631955,T,KO,F,300,71.17
2025-11-17,9:30:15.080637935,T,KO,,100,71.19
2025-11-17,9:30:15.080824957,T,KO,F,100,71.16
2025-11-17,9:30:15.081025806,T,KO,F,100,71.14
2025-11-17,9:30:15.081028905,T,KO,F,100,71.14
2025-11-17,9:30:15.081167230,T,KO,I,75,71.16
2025-11-17,9:30:15.081443835,T,KO,F,100,71.15
2025-11-17,9:30:15.081501029,T,KO,F I,75,71.15
2025-11-17,9:30:15.081504434,T,KO,F I,15,71.15
2025-11-17,9:30:15.081525653,T,KO,F I,35,71.15
2025-11-17,9:30:15.081528067,T,KO,F,300,71.15
2025-11-17,9:30:15.081591636,T,KO,I,22,71.16
2025-11-17,9:30:15.081594244,T,KO,I,78,71.16
2025-11-17,9:30:15.081615780,T,KO,I,1,71.16
2025-11-17,9:30:15.081618902,T,KO,,221,71.16
2025-11-17,9:30:15.081621304,T,KO,I,4,71.16
2025-11-17,9:30:15.081621304,T,KO,I,50,71.16
2025-11-17,9:30:15.082297861,T,KO,F,100,71.17
2025-11-17,9:30:15.414763740,T,KO,F,300,71.2
2025-11-17,9:30:15.416916847,T,KO,I,50,71.21
2025-11-17,9:30:15.416932226,T,KO,,100,71.2
2025-11-17,9:30:15.416932226,T,KO,,300,71.2
2025-11-17,9:30:15.416949897,T,KO,I,1,71.21
2025-11-17,9:30:15.416958897,T,KO,F I,99,71.21
2025-11-17,9:30:15.417367945,T,KO,,300,71.21
2025-11-17,9:30:15.417425084,T,KO,F,100,71.21
2025-11-17,9:30:15.417626509,T,KO,,100,71.21
2025-11-17,9:30:15.417641603,T,KO,F I,22,71.21
2025-11-17,9:30:15.417692714,T,KO,F I,22,71.21
2025-11-17,9:30:15.417692714,T,KO,F I,22,71.21
2025-11-17,9:30:15.417698733,T,KO,F I,56,71.21
2025-11-17,9:30:17.297593252,T,KO,,300,71.19
2025-11-17,9:30:17.297596294,T,KO,I,50,71.19
2025-11-17,9:30:17.297598961,T,KO,F,100,71.19
2025-11-17,9:30:17.297632065,T,KO,I,88,71.18
2025-11-17,9:30:18.223404953,T,KO,,100,71.18
2025-11-17,9:30:26.492688816,T,KO,,200,71.175
2025-11-17,9:30:27.557936880,T,KO,F,282,71.18
2025-11-17,9:30:27.558255648,T,KO,F,100,71.18
2025-11-17,9:30:30.763454429,T,KO,,100,71.195
2025-11-17,9:30:30.774559896,T,KO,I,1,71.21
2025-11-17,9:30:30.774562867,T,KO,I,30,71.21
2025-11-17,9:30:32.688540413,T,KO,I,1,71.2
2025-11-17,9:30:33.959105444,T,KO,,200,71.19
2025-11-17,9:30:33.959138931,T,KO,,100,71.19
2025-11-17,9:30:33.959138931,T,KO,,100,71.17
2025-11-17,9:30:33.959141523,T,KO,,300,71.17
2025-11-17,9:30:33.959144533,T,KO,I,50,71.17
2025-11-17,9:30:33.959361084,T,KO,,100,71.19
2025-11-17,9:30:33.959382132,T,KO,I,1,71.19
2025-11-17,9:30:33.959388359,T,KO,I,99,71.19
2025-11-17,9:30:33.959388359,T,KO,I,61,71.19
2025-11-17,9:30:33.959743739,T,KO,F I,50,71.17
2025-11-17,9:30:33.959746610,T,KO,F,100,71.17
2025-11-17,9:30:33.959748899,T,KO,F,243,71.17
2025-11-17,9:30:33.959787992,T,KO,F I,61,71.17
2025-11-17,9:30:33.959791409,T,KO,F I,1,71.17
2025-11-17,9:30:33.959791409,T,KO,F I,99,71.17
2025-11-17,9:30:33.961018015,T,KO,I,2,71.16
2025-11-17,9:30:33.962022359,T,KO,I,58,71.15
2025-11-17,9:30:33.967423585,T,KO,,242,71.15
2025-11-17,9:30:33.967423585,T,KO,I,50,71.15
2025-11-17,9:30:33.967441240,T,KO,F,123,71.15
2025-11-17,9:30:33.967447259,T,KO,I,1,71.15
2025-11-17,9:30:33.972138498,T,KO,F I,1,71.16
2025-11-17,9:30:39.461643719,T,KO,F I,83,71.16
2025-11-17,9:30:39.461920377,T,KO,I,26,71.14
2025-11-17,9:30:39.618064204,T,KO,,300,71.17
2025-11-17,9:30:39.618464180,T,KO,F,100,71.17
2025-11-17,9:30:39.618533291,T,KO,I,36,71.17
2025-11-17,9:30:40.310911690,T,KO,I,32,71.19
2025-11-17,9:30:40.310914779,T,KO,I,50,71.19
2025-11-17,9:30:40.311109807,T,KO,F,300,71.2
2025-11-17,9:30:40.311434602,T,KO,F,100,71.2
2025-11-17,9:30:40.311593950,T,KO,I,41,71.2
2025-11-17,9:30:40.312222583,T,KO,F,300,71.22
2025-11-17,9:30:40.312225598,T,KO,F I,50,71.22
2025-11-17,9:30:40.312285689,T,KO,F,100,71.22
2025-11-17,9:30:40.312363862,T,KO,F,100,71.22
2025-11-17,9:30:40.313254396,T,KO,F,300,71.23
2025-11-17,9:30:40.313257570,T,KO,F I,6,71.23
2025-11-17,9:30:40.313259978,T,KO,F I,6,71.23
2025-11-17,9:30:40.313801195,T,KO,F,100,71.24
2025-11-17,9:30:46.304507109,T,KO,F I,8,71.22
2025-11-17,9:30:46.304525160,T,KO,F I,92,71.22
2025-11-17,9:30:46.304531156,T,KO,F,100,71.22
2025-11-17,9:30:46.304531156,T,KO,F I,1,71.22
2025-11-17,9:30:46.304717708,T,KO,F,100,71.22
2025-11-17,9:30:46.305926563,T,KO,,100,71.21
2025-11-17,9:30:46.907103288,T,KO,F,100,71.19
2025-11-17,9:30:46.907118394,T,KO,I,1,71.19
2025-11-17,9:30:46.907136375,T,KO,,199,71.19
2025-11-17,9:30:48.857341137,T,KO,I,85,71.21
2025-11-17,9:30:58.527237618,T,KO,I,68,71.2
2025-11-17,9:30:58.527568401,T,KO,I,13,71.22
2025-11-17,9:31:02.986994308,T,KO,F,100,71.21
2025-11-17,9:31:02.986994308,T,KO,F I,39,71.22
2025-11-17,9:31:06.459583797,T,KO,I,16,71.22
2025-11-17,9:31:06.459583797,T,KO,I,21,71.22
2025-11-17,9:31:06.459611248,T,KO,F I,3,71.22
2025-11-17,9:31:06.459613910,T,KO,I,1,71.22
2025-11-17,9:31:06.459617761,T,KO,F I,3,71.22
2025-11-17,9:31:06.459959685,T,KO,,100,71.21
2025-11-17,9:31:06.459959685,T,KO,,289,71.21
2025-11-17,9:31:06.459972673,T,KO,I,11,71.21
2025-11-17,9:31:06.459972673,T,KO,I,50,71.21
2025-11-17,9:31:06.459978364,T,KO,,173,71.21
2025-11-17,9:31:06.459978364,T,KO,I,1,71.21
2025-11-17,9:31:07.316949789,T,KO,I,1,71.215
2025-11-17,9:31:07.689200346,T,KO,F,100,71.2
2025-11-17,9:31:07.689203350,T,KO,F I,54,71.2
2025-11-17,9:31:07.689209413,T,KO,F,100,71.2
2025-11-17,9:31:07.689209413,T,KO,F,200,71.2
2025-11-17,9:31:07.689215443,T,KO,I,1,71.2
2025-11-17,9:31:07.689227386,T,KO,F,100,71.2
2025-11-17,9:31:07.689233408,T,KO,F I,18,71.2
2025-11-17,9:31:07.689239675,T,KO,F I,68,71.2
2025-11-17,9:31:07.689239675,T,KO,F I,27,71.2
2025-11-17,9:31:07.689245420,T,KO,F I,50,71.19
2025-11-17,9:31:07.689245420,T,KO,F,200,71.19
2025-11-17,9:31:10.019510382,T,KO,F I,1,71.15
2025-11-17,9:31:10.019529135,T,KO,F,299,71.15
2025-11-17,9:31:10.019531505,T,KO,F I,50,71.15
2025-11-17,9:31:10.019597569,T,KO,F,100,71.14
2025-11-17,9:31:10.019985486,T,KO,F I,2,71.13
2025-11-17,9:31:10.020544966,T,KO,I,4,71.11
2025-11-17,9:31:10.020547819,T,KO,I,10,71.11
2025-11-17,9:31:10.020550862,T,KO,I,10,71.11
2025-11-17,9:31:10.020554041,T,KO,I,4,71.11
2025-11-17,9:31:10.021272555,T,KO,,100,71.12
2025-11-17,9:31:10.026033260,T,KO,F,151,71.11
2025-11-17,9:31:10.026036640,T,KO,F,300,71.11
2025-11-17,9:31:10.026039084,T,KO,F I,50,71.11
2025-11-17,9:31:10.026039084,T,KO,F I,50,71.11
2025-11-17,9:31:10.026321608,T,KO,F I,88,71.12
2025-11-17,9:31:10.026333709,T,KO,I,97,71.11
2025-11-17,9:31:10.026688602,T,KO,,100,71.12
2025-11-17,9:31:10.026960116,T,KO,F,300,71.12
2025-11-17,9:31:10.026980168,T,KO,I,1,71.12
2025-11-17,9:31:10.027551503,T,KO,F,200,71.12
2025-11-17,9:31:10.027551503,T,KO,F I,14,71.12
2025-11-17,9:31:10.027707872,T,KO,,100,71.13
2025-11-17,9:31:10.027710928,T,KO,,100,71.13
2025-11-17,9:31:10.032982810,T,KO,,100,71.12
2025-11-17,9:31:10.032985845,T,KO,,100,71.12
2025-11-17,9:31:10.032985845,T,KO,,100,71.12
2025-11-17,9:31:10.048941527,T,KO,,300,71.11
2025-11-17,9:31:10.048944829,T,KO,I,50,71.11
2025-11-17,9:31:10.048944829,T,KO,I,20,71.11
2025-11-17,9:31:10.059033835,T,KO,I,50,71.13
2025-11-17,9:31:10.059033835,T,KO,,300,71.13
2025-11-17,9:31:10.059632294,T,KO,F,100,71.13
2025-11-17,9:31:10.059632294,T,KO,F I,2,71.13
2025-11-17,9:31:13.496054344,T,KO,F,200,71.13
2025-11-17,9:31:18.010204591,T,KO,,100,71.12
2025-11-17,9:31:18.010554703,T,KO,,100,71.11
2025-11-17,9:31:18.010557607,T,KO,I,46,71.11
2025-11-17,9:31:18.010562522,T,KO,I,2,71.11
2025-11-17,9:31:18.010562522,T,KO,,300,71.11
2025-11-17,9:31:18.010568980,T,KO,I,35,71.12
2025-11-17,9:31:18.010568980,T,KO,I,49,71.12
2025-11-17,9:31:18.010571853,T,KO,,100,71.12
2025-11-17,9:31:18.010574492,T,KO,I,17,71.12
2025-11-17,9:31:18.010590386,T,KO,I,1,71.12
2025-11-17,9:31:18.144682059,T,KO,F,100,71.11
2025-11-17,9:31:18.144684924,T,KO,F,100,71.11
2025-11-17,9:31:18.144687957,T,KO,F I,25,71.11
2025-11-17,9:31:18.144895351,T,KO,,200,71.11
2025-11-17,9:31:18.144926116,T,KO,F I,25,71.11
2025-11-17,9:31:18.170775077,T,KO,,100,71.11
2025-11-17,9:31:18.170778110,T,KO,,100,71.11
2025-11-17,9:31:18.170778110,T,KO,I,2,71.11
2025-11-17,9:31:18.619672121,T,KO,,272,71.12
2025-11-17,9:31:18.619705202,T,KO,F I,28,71.12
2025-11-17,9:31:18.619708217,T,KO,I,1,71.12
2025-11-17,9:31:18.673695893,T,KO,F I,2,71.11
2025-11-17,9:31:25.059864713,T,KO,F I,28,71.14
2025-11-17,9:31:25.778329980,T,KO,F,100,71.16
2025-11-17,9:31:25.778329980,T,KO,F,255,71.17
2025-11-17,9:31:25.778351633,T,KO,F I,45,71.17
2025-11-17,9:31:25.778351633,T,KO,F I,5,71.17
2025-11-17,9:31:25.778357080,T,KO,F I,50,71.17
2025-11-17,9:31:28.805276097,T,KO,,100,71.19
2025-11-17,9:31:28.805339279,T,KO,,100,71.19
2025-11-17,9:31:28.805817436,T,KO,,100,71.19
2025-11-17,9:31:28.806364715,T,KO,,100,71.19
2025-11-17,9:31:29.104010721,T,KO,F I,10,71.18
2025-11-17,9:31:32.992367690,T,KO,F,100,71.16
2025-11-17,9:31:32.992385674,T,KO,F I,21,71.16
2025-11-17,9:31:32.992389041,T,KO,I,1,71.16
2025-11-17,9:31:32.992406764,T,KO,F I,5,71.16
2025-11-17,9:31:32.992406764,T,KO,F I,1,71.16
2025-11-17,9:31:38.848971942,T,KO,F I,50,71.11
2025-11-17,9:31:38.848971942,T,KO,F,300,71.11
2025-11-17,9:31:38.848974992,T,KO,F I,20,71.11
2025-11-17,9:31:38.849684758,T,KO,,1000,71.1
2025-11-17,9:31:38.849687634,T,KO,I,1,71.1
2025-11-17,9:31:38.851477013,T,KO,,300,71.08
2025-11-17,9:31:38.851477013,T,KO,I,50,71.08
2025-11-17,9:31:38.851480145,T,KO,I,20,71.08
2025-11-17,9:31:38.851543457,T,KO,,100,71.09
2025-11-17,9:31:38.851546091,T,KO,,100,71.09
2025-11-17,9:31:38.851549013,T,KO,,100,71.09
2025-11-17,9:31:38.851564726,T,KO,I,1,71.09
2025-11-17,9:31:38.851618232,T,KO,,100,71.08
2025-11-17,9:31:38.851666610,T,KO,,100,71.08
2025-11-17,9:31:38.851673319,T,KO,,100,71.08
2025-11-17,9:31:38.851673319,T,KO,,100,71.08
2025-11-17,9:31:38.851675709,T,KO,I,1,71.08
2025-11-17,9:31:38.851675709,T,KO,I,79,71.08
2025-11-17,9:31:38.851726528,T,KO,,100,71.08
2025-11-17,9:31:38.851732622,T,KO,,100,71.08
2025-11-17,9:31:38.851732622,T,KO,,100,71.08
2025-11-17,9:31:38.851736113,T,KO,,221,71.08
2025-11-17,9:31:38.861659148,T,KO,F,200,71.085
2025-11-17,9:31:38.861662135,T,KO,F,100,71.09
2025-11-17,9:31:38.861662135,T,KO,F,182,71.09
2025-11-17,9:31:38.878757824,T,KO,,213,71.07
2025-11-17,9:31:38.878763840,T,KO,I,9,71.07
2025-11-17,9:31:38.878767305,T,KO,I,50,71.07
2025-11-17,9:31:38.878767305,T,KO,I,40,71.07
2025-11-17,9:31:38.878830004,T,KO,,100,71.08
2025-11-17,9:31:38.878878186,T,KO,F,100,71.07
2025-11-17,9:31:38.878908184,T,KO,,100,71.07
2025-11-17,9:31:38.878911255,T,KO,,100,71.07
2025-11-17,9:31:38.879076601,T,KO,F,100,71.07
2025-11-17,9:31:38.880168205,T,KO,,100,71.06
2025-11-17,9:31:38.880276470,T,KO,,100,71.06
2025-11-17,9:31:38.886221673,T,KO,F,200,71.06
2025-11-17,9:31:38.916924762,T,KO,I,1,71.05
2025-11-17,9:31:38.916951777,T,KO,I,40,71.05
2025-11-17,9:31:38.916993934,T,KO,,100,71.06
2025-11-17,9:31:38.917021499,T,KO,I,1,71.05
2025-11-17,9:31:38.917057092,T,KO,F I,99,71.05
2025-11-17,9:31:38.917060101,T,KO,,100,71.05
2025-11-17,9:31:38.917078279,T,KO,I,1,71.05
2025-11-17,9:31:38.917098026,T,KO,,100,71.06
2025-11-17,9:31:38.917098026,T,KO,I,99,71.05
2025-11-17,9:31:38.917102297,T,KO,,100,71.05
2025-11-17,9:31:38.917102297,T,KO,I,5,71.05
2025-11-17,9:31:38.917105288,T,KO,I,1,71.05
2025-11-17,9:31:38.917108263,T,KO,I,99,71.06
2025-11-17,9:31:38.917237515,T,KO,I,99,71.05
2025-11-17,9:31:38.917896110,T,KO,,300,71.04
2025-11-17,9:31:38.919679417,T,KO,,100,71.04
2025-11-17,9:31:38.936156028,T,KO,,300,71.03
2025-11-17,9:31:38.936158656,T,KO,I,1,71.03
2025-11-17,9:31:38.936158656,T,KO,I,40,71.03
2025-11-17,9:31:38.936246028,T,KO,F,100,71.04
2025-11-17,9:31:38.936246028,T,KO,F,100,71.04
2025-11-17,9:31:38.936249908,T,KO,F,136,71.04
2025-11-17,9:31:38.936281929,T,KO,F,200,71.04
2025-11-17,9:31:38.936285317,T,KO,F,200,71.04
2025-11-17,9:31:39.862187091,T,KO,,100,71.06
2025-11-17,9:31:39.862187091,T,KO,I,40,71.05
2025-11-17,9:31:40.950993237,T,KO,,100,71.065
2025-11-17,9:31:40.968413727,T,KO,,100,71.065
2025-11-17,9:31:41.347989813,T,KO,I,82,71.065
2025-11-17,9:31:41.998336709,T,KO,,100,71.065
2025-11-17,9:31:43.536157292,T,KO,,200,71.065
2025-11-17,9:31:49.129229221,T,KO,,100,71.085
2025-11-17,9:31:49.619099018,T,KO,,100,71.085
2025-11-17,9:31:49.619525932,T,KO,,100,71.085
2025-11-17,9:31:54.095924375,T,KO,F,100,71.09
2025-11-17,9:31:54.095927394,T,KO,F I,30,71.08
2025-11-17,9:31:54.095954424,T,KO,I,31,71.08
2025-11-17,9:31:54.096216087,T,KO,I,39,71.08
2025-11-17,9:31:54.096216087,T,KO,,200,71.08
2025-11-17,9:31:54.096219090,T,KO,,100,71.08
2025-11-17,9:31:54.096219090,T,KO,I,53,71.08
2025-11-17,9:31:54.096234134,T,KO,I,1,71.08
2025-11-17,9:31:54.096267546,T,KO,,146,71.08
2025-11-17,9:31:54.096271127,T,KO,,100,71.08
2025-11-17,9:31:54.096271127,T,KO,,100,71.08
2025-11-17,9:31:54.096273995,T,KO,I,84,71.08
2025-11-17,9:31:54.096276244,T,KO,I,2,71.08
2025-11-17,9:31:54.106254480,T,KO,F,300,71.09
2025-11-17,9:31:54.106257077,T,KO,F I,40,71.09
2025-11-17,9:31:54.106599787,T,KO,,100,71.09
2025-11-17,9:31:54.107207300,T,KO,,100,71.08
2025-11-17,9:31:54.107210935,T,KO,,100,71.08
2025-11-17,9:31:54.159024026,T,KO,I,2,71.05
2025-11-17,9:31:54.159026641,T,KO,,100,71.05
2025-11-17,9:31:54.172098849,T,KO,F,100,71.05
2025-11-17,9:31:57.993461979,T,KO,,100,71.07
2025-11-17,9:31:57.994518171,T,KO,F,100,71.06
2025-11-17,9:31:57.994518171,T,KO,F,100,71.06
2025-11-17,9:31:57.994523459,T,KO,F I,2,71.06
2025-11-17,9:31:57.994523459,T,KO,F I,17,71.06
2025-11-17,9:31:57.995302362,T,KO,F,100,71.05
2025-11-17,9:31:57.995305293,T,KO,F I,10,71.05
2025-11-17,9:31:57.995335450,T,KO,F,100,71.05
2025-11-17,9:31:58.689090657,T,KO,,100,71.04
2025-11-17,9:31:58.689105921,T,KO,I,1,71.04
2025-11-17,9:31:58.689129836,T,KO,I,80,71.03
2025-11-17,9:31:58.699835334,T,KO,F I,20,71.03
2025-11-17,9:31:58.699850338,T,KO,F I,33,71.03
2025-11-17,9:31:58.712462336,T,KO,F I,2,71.03
2025-11-17,9:31:58.723847434,T,KO,F I,1,71.03
2025-11-17,9:31:59.846436196,T,KO,F I,64,71.03
2025-11-17,9:31:59.846439125,T,KO,F,100,71.03
2025-11-17,9:31:59.846442156,T,KO,F,194,71.03
2025-11-17,9:31:59.870595767,T,KO,F I,47,71.02
2025-11-17,9:31:59.870628805,T,KO,I,53,71.02
2025-11-17,9:31:59.870628805,T,KO,I,53,71.02
2025-11-17,9:31:59.870647513,T,KO,I,1,71.02
2025-11-17,9:31:59.870649829,T,KO,F I,46,71.02
2025-11-17,9:31:59.884115957,T,KO,,100,71.01
2025-11-17,9:31:59.886527708,T,KO,,100,71.01
2025-11-17,9:31:59.886560706,T,KO,,200,71.01
2025-11-17,9:31:59.904546560,T,KO,F I,37,71.01
2025-11-17,9:31:59.904568175,T,KO,F I,63,71.01
2025-11-17,9:31:59.904573792,T,KO,F,100,71.01
2025-11-17,9:31:59.904573792,T,KO,F I,2,71.01
2025-11-17,9:32:00.553744804,T,KO,F,100,71.01
2025-11-17,9:32:00.553744804,T,KO,F I,8,71.01
2025-11-17,9:32:00.553768814,T,KO,F,150,71.01
2025-11-17,9:32:00.605170214,T,KO,,100,71.02
2025-11-17,9:32:04.214426440,T,KO,F I,2,71.01
2025-11-17,9:32:04.214426440,T,KO,F I,1,71.01
2025-11-17,9:32:04.230571845,T,KO,F I,20,71.0
2025-11-17,9:32:04.230571845,T,KO,F I,1,71.0
2025-11-17,9:32:04.230576422,T,KO,F I,5,71.0
2025-11-17,9:32:04.230581400,T,KO,F I,5,71.0
2025-11-17,9:32:04.230586912,T,KO,F I,1,71.0
2025-11-17,9:32:04.230590742,T,KO,F I,50,71.0
2025-11-17,9:32:04.230595983,T,KO,F I,35,71.0
2025-11-17,9:32:04.230606280,T,KO,F I,5,71.0
2025-11-17,9:32:04.231600310,T,KO,,100,71.0
2025-11-17,9:32:06.175835781,T,KO,F I,50,71.02
2025-11-17,9:32:07.464008252,T,KO,I,5,71.05
2025-11-17,9:32:07.464026238,T,KO,F I,95,71.05
2025-11-17,9:32:07.464031897,T,KO,F I,50,71.05
2025-11-17,9:32:07.464031897,T,KO,F,300,71.05
2025-11-17,9:32:07.464034895,T,KO,F I,50,71.05
2025-11-17,9:32:07.464921984,T,KO,F I,50,71.07
2025-11-17,9:32:07.464924911,T,KO,F,100,71.07
2025-11-17,9:32:07.464924911,T,KO,F I,14,71.07
2025-11-17,9:32:07.464928020,T,KO,F I,14,71.07
2025-11-17,9:32:07.465436121,T,KO,F I,40,71.08
2025-11-17,9:32:07.465436121,T,KO,F I,28,71.08
2025-11-17,9:32:07.466203441,T,KO,I,40,71.1
2025-11-17,9:32:07.466206004,T,KO,I,30,71.1
2025-11-17,9:32:07.467042032,T,KO,,100,71.1
2025-11-17,9:32:07.467063020,T,KO,F,200,71.1
2025-11-17,9:32:07.467135811,T,KO,F,300,71.1
2025-11-17,9:32:19.306200096,T,KO,F I,50,71.09
2025-11-17,9:32:22.505092839,T,KO,F I,50,71.08
2025-11-17,9:32:22.505110974,T,KO,F,200,71.08
2025-11-17,9:32:22.505131860,T,KO,F,100,71.07
2025-11-17,9:32:22.505152915,T,KO,I,1,71.07
2025-11-17,9:32:23.129145138,T,KO,,100,71.08
2025-11-17,9:32:25.080838355,T,KO,,100,71.095
2025-11-17,9:32:25.927020784,T,KO,,100,71.095
2025-11-17,9:32:25.932499869,T,KO,,144,71.095
2025-11-17,9:32:26.629881660,T,KO,F,100,71.11
2025-11-17,9:32:26.629896877,T,KO,F I,13,71.11
2025-11-17,9:32:26.629902917,T,KO,I,87,71.11
2025-11-17,9:32:26.629906652,T,KO,I,13,71.11
2025-11-17,9:32:26.629906652,T,KO,I,1,71.11
2025-11-17,9:32:26.629909455,T,KO,F,100,71.11
2025-11-17,9:32:26.629921432,T,KO,F I,86,71.11
2025-11-17,9:32:26.748417969,T,KO,F I,50,71.12
2025-11-17,9:32:26.748424062,T,KO,F,200,71.12
2025-11-17,9:32:26.748637566,T,KO,F I,50,71.12
2025-11-17,9:32:26.854114305,T,KO,F I,50,71.12
2025-11-17,9:32:26.858233562,T,KO,F I,50,71.11
2025-11-17,9:32:26.858236546,T,KO,F,100,71.11
2025-11-17,9:32:26.858257688,T,KO,I,1,71.11
2025-11-17,9:32:27.072178103,T,KO,F,300,71.12
2025-11-17,9:32:27.072181107,T,KO,F I,50,71.12
2025-11-17,9:32:27.413436928,T,KO,,100,71.13
2025-11-17,9:32:27.413845888,T,KO,,100,71.13
2025-11-17,9:32:27.931032660,T,KO,,200,71.12
2025-11-17,9:32:27.935699729,T,KO,F I,50,71.12
2025-11-17,9:32:30.127416351,T,KO,,100,71.09
2025-11-17,9:32:30.127418640,T,KO,I,1,71.09
2025-11-17,9:32:30.127421724,T,KO,,100,71.08
2025-11-17,9:32:30.127436719,T,KO,F I,13,71.08
2025-11-17,9:32:30.127439705,T,KO,I,37,71.08
2025-11-17,9:32:30.127449331,T,KO,I,99,71.09
2025-11-17,9:32:30.128368946,T,KO,F I,60,71.07
2025-11-17,9:32:30.128372037,T,KO,F,300,71.07
2025-11-17,9:32:30.128372037,T,KO,F I,50,71.07
2025-11-17,9:32:30.128411064,T,KO,F,100,71.07
2025-11-17,9:32:30.814016985,T,KO,,100,71.07
2025-11-17,9:32:30.814052978,T,KO,I,23,71.07
2025-11-17,9:32:31.155516333,T,KO,,200,71.075
2025-11-17,9:32:31.316606944,T,KO,F I,50,71.07
2025-11-17,9:32:31.316745246,T,KO,,200,71.07
2025-11-17,9:32:31.517211763,T,KO,,100,71.07
2025-11-17,9:32:32.564699543,T,KO,F I,50,71.09
2025-11-17,9:32:35.036201783,T,KO,F I,25,71.09
2025-11-17,9:32:35.719101227,T,KO,,136,71.1
2025-11-17,9:32:35.719119337,T,KO,I,1,71.1
2025-11-17,9:32:38.058829771,T,KO,F,100,71.07
2025-11-17,9:32:44.047773522,T,KO,F I,50,71.02
2025-11-17,9:32:44.047773522,T,KO,F I,50,71.02
2025-11-17,9:32:44.047806513,T,KO,F I,13,71.02
2025-11-17,9:32:44.047815569,T,KO,I,1,71.02
2025-11-17,9:32:44.047815569,T,KO,F I,16,71.02
2025-11-17,9:32:44.047875725,T,KO,F,170,71.02
2025-11-17,9:32:44.154275088,T,KO,F I,50,71.0
2025-11-17,9:32:44.154278389,T,KO,F,300,71.0
2025-11-17,9:32:44.154278389,T,KO,F I,5,71.0
2025-11-17,9:32:44.154900621,T,KO,,100,70.99
2025-11-17,9:32:44.155300559,T,KO,F,100,70.99
2025-11-17,9:32:44.158187725,T,KO,F I,1,70.97
2025-11-17,9:32:44.158191404,T,KO,F I,39,70.97
2025-11-17,9:32:44.158193415,T,KO,F,100,70.97
2025-11-17,9:32:44.158196460,T,KO,F,100,70.97
2025-11-17,9:32:44.161943402,T,KO,I,82,70.98
2025-11-17,9:32:44.769188704,T,KO,F I,60,70.96
2025-11-17,9:32:44.928529176,T,KO,F I,50,70.96
2025-11-17,9:32:44.929106566,T,KO,F,100,70.96
2025-11-17,9:32:44.929106566,T,KO,F I,90,70.97
2025-11-17,9:32:44.929127561,T,KO,I,1,70.97
2025-11-17,9:32:44.929155303,T,KO,F I,5,70.97
2025-11-17,9:32:44.929155303,T,KO,F,125,70.97
2025-11-17,9:32:44.929160636,T,KO,F,300,70.97
2025-11-17,9:32:44.929160636,T,KO,F,100,70.97
2025-11-17,9:32:44.929467493,T,KO,,150,70.97
2025-11-17,9:32:44.929467493,T,KO,I,50,70.97
2025-11-17,9:32:44.929488411,T,KO,F I,50,70.97
2025-11-17,9:32:47.784755699,T,KO,F,200,70.98
2025-11-17,9:32:48.390377125,T,KO,I,90,70.98
2025-11-17,9:32:48.576153563,T,KO,I,50,70.98
2025-11-17,9:32:48.881139921,T,KO,F I,50,70.98
2025-11-17,9:32:50.373098359,T,KO,F,100,70.98
2025-11-17,9:32:50.650012785,T,KO,F,100,70.98
2025-11-17,9:32:50.650578210,T,KO,F,100,70.99
2025-11-17,9:32:50.651447975,T,KO,I,50,70.99
2025-11-17,9:32:50.785506489,T,KO,F I,91,70.98
2025-11-17,9:32:50.785509660,T,KO,F,100,70.98
2025-11-17,9:32:50.785509660,T,KO,F I,96,70.98
2025-11-17,9:32:50.785996702,T,KO,,600,70.98
2025-11-17,9:32:50.785996702,T,KO,,100,70.985
2025-11-17,9:32:50.786000112,T,KO,I,91,70.99
2025-11-17,9:32:50.786005724,T,KO,,100,70.99
2025-11-17,9:32:50.786005724,T,KO,,100,70.99
2025-11-17,9:32:50.786005724,T,KO,,100,70.99
2025-11-17,9:32:50.786008854,T,KO,,117,70.99
2025-11-17,9:32:50.786008854,T,KO,I,41,70.99
2025-11-17,9:32:50.786020810,T,KO,I,1,70.99
2025-11-17,9:32:50.786029954,T,KO,I,50,70.99
2025-11-17,9:32:50.786029954,T,KO,I,50,70.99
2025-11-17,9:32:50.786032746,T,KO,I,1,70.99
2025-11-17,9:32:50.787238629,T,KO,F,100,70.99
2025-11-17,9:32:50.787620580,T,KO,F,100,70.99
2025-11-17,9:32:50.787624283,T,KO,F,118,70.99
2025-11-17,9:32:50.787626581,T,KO,F,114,70.99
2025-11-17,9:32:50.787626581,T,KO,F,100,70.99
2025-11-17,9:32:50.788321230,T,KO,F,100,70.99
2025-11-17,9:32:51.086905414,T,KO,,100,71.0
2025-11-17,9:32:51.219470028,T,KO,F,107,70.99
2025-11-17,9:32:51.219488119,T,KO,F,193,70.99
2025-11-17,9:32:51.219491182,T,KO,F I,28,70.99
2025-11-17,9:32:51.836708252,T,KO,,100,70.995
2025-11-17,9:32:51.836708252,T,KO,,200,70.995
2025-11-17,9:32:52.576310632,T,KO,F,100,70.995
2025-11-17,9:32:52.576373811,T,KO,I,43,71.01
2025-11-17,9:32:52.577690851,T,KO,I,85,71.01
2025-11-17,9:32:52.577712974,T,KO,I,1,71.01
2025-11-17,9:32:52.577718148,T,KO,F I,14,71.01
2025-11-17,9:32:52.577721018,T,KO,F I,36,71.01
2025-11-17,9:32:52.577721018,T,KO,F I,15,71.01
2025-11-17,9:32:52.577727014,T,KO,F I,49,71.01
2025-11-17,9:32:52.577730577,T,KO,F I,51,71.01
2025-11-17,9:32:52.577748074,T,KO,F I,49,71.01
2025-11-17,9:32:52.844134711,T,KO,F,100,71.0
2025-11-17,9:32:52.844134711,T,KO,F I,23,71.0
2025-11-17,9:32:52.844152481,T,KO,I,1,71.0
2025-11-17,9:32:52.844158565,T,KO,F I,21,71.0
2025-11-17,9:32:52.844185619,T,KO,I,37,71.0
2025-11-17,9:32:54.290260699,T,KO,I,50,70.99
2025-11-17,9:32:55.524637667,T,KO,I,31,70.99
2025-11-17,9:32:55.524664630,T,KO,F I,19,70.99
2025-11-17,9:32:57.641667808,T,KO,F I,50,70.99
2025-11-17,9:32:58.187657108,T,KO,F,100,70.98
2025-11-17,9:32:58.187660244,T,KO,F,100,70.98
2025-11-17,9:32:58.187675286,T,KO,F I,1,70.98
2025-11-17,9:32:58.187675286,T,KO,F,100,70.98
2025-11-17,9:32:58.189861303,T,KO,F,463,70.98
2025-11-17,9:32:58.637197749,T,KO,F,247,70.96
2025-11-17,9:32:58.637215764,T,KO,I,1,70.96
2025-11-17,9:32:58.637663777,T,KO,I,50,70.96
2025-11-17,9:32:58.781911409,T,KO,,100,70.96
2025-11-17,9:32:58.812163387,T,KO,,100,70.96
2025-11-17,9:32:58.819407742,T,KO,,200,70.96
2025-11-17,9:33:02.381917411,T,KO,F,100,70.96
2025-11-17,9:33:02.466493906,T,KO,F,100,70.95
2025-11-17,9:33:02.466512225,T,KO,I,1,70.95
2025-11-17,9:33:04.938387085,T,KO,,100,70.955
2025-11-17,9:33:04.940717622,T,KO,,100,70.96
2025-11-17,9:33:06.581335075,T,KO,,100,70.965
2025-11-17,9:33:10.645156783,T,KO,F,100,70.94
2025-11-17,9:33:13.627620964,T,KO,F,100,70.95
2025-11-17,9:33:13.627684197,T,KO,,100,70.95
2025-11-17,9:33:14.491350192,T,KO,,200,70.965
2025-11-17,9:33:15.817860632,T,KO,F I,50,70.95
2025-11-17,9:33:15.817860632,T,KO,F,138,70.95
2025-11-17,9:33:15.817878537,T,KO,F I,62,70.95
2025-11-17,9:33:15.817878537,T,KO,F I,2,70.95
2025-11-17,9:33:15.817881650,T,KO,F,100,70.95
2025-11-17,9:33:15.817884619,T,KO,F I,50,70.95
2025-11-17,9:33:15.817884619,T,KO,F I,20,70.95
2025-11-17,9:33:28.894396611,T,KO,F,100,70.99
2025-11-17,9:33:28.894411592,T,KO,F I,25,70.99
2025-11-17,9:33:28.894416140,T,KO,I,48,70.99
2025-11-17,9:33:28.894420661,T,KO,I,1,70.99
2025-11-17,9:33:28.894420661,T,KO,F,126,70.99
2025-11-17,9:33:30.226626598,T,KO,I,50,70.97
2025-11-17,9:33:30.226653737,T,KO,F I,50,70.97
2025-11-17,9:33:34.641338999,T,KO,,100,70.96
2025-11-17,9:33:36.242661834,T,KO,I,37,70.97
2025-11-17,9:33:43.243732052,T,KO,F I,50,70.96
2025-11-17,9:33:43.243734982,T,KO,F,100,70.96
2025-11-17,9:33:43.245031230,T,KO,,300,70.95
2025-11-17,9:33:43.245034136,T,KO,I,50,70.95
2025-11-17,9:33:43.245265806,T,KO,,100,70.95
2025-11-17,9:33:43.245265806,T,KO,,270,70.96
2025-11-17,9:33:43.245308017,T,KO,F I,70,70.96
2025-11-17,9:33:43.245310750,T,KO,F I,30,70.96
2025-11-17,9:33:43.246633990,T,KO,F I,10,70.955
2025-11-17,9:33:44.914733782,T,KO,,100,70.945
2025-11-17,9:33:44.944444535,T,KO,F,100,70.945
2025-11-17,9:33:44.944447578,T,KO,F I,34,70.95
2025-11-17,9:33:44.944504732,T,KO,,100,70.95
2025-11-17,9:33:44.944522745,T,KO,I,1,70.95
2025-11-17,9:33:44.944547269,T,KO,F I,99,70.95
2025-11-17,9:33:44.944592025,T,KO,,100,70.95
2025-11-17,9:33:44.945404518,T,KO,F,100,70.95
2025-11-17,9:33:45.122348201,T,KO,I,89,70.96
2025-11-17,9:33:45.122351294,T,KO,I,11,70.96
2025-11-17,9:33:45.937256066,T,KO,F I,89,70.94
2025-11-17,9:33:45.937259096,T,KO,F,100,70.94
2025-11-17,9:33:45.944629902,T,KO,,100,70.94
2025-11-17,9:33:45.969327461,T,KO,F,100,70.94
2025-11-17,9:33:45.969327461,T,KO,F,100,70.94
2025-11-17,9:33:45.975934207,T,KO,,300,70.93
2025-11-17,9:33:45.986474312,T,KO,,100,70.93
2025-11-17,9:33:45.986477313,T,KO,,300,70.93
2025-11-17,9:33:45.986661035,T,KO,F,100,70.93
2025-11-17,9:33:45.986661035,T,KO,F,250,70.92
2025-11-17,9:33:45.986678764,T,KO,I,1,70.92
2025-11-17,9:33:45.987160033,T,KO,F I,21,70.92
2025-11-17,9:33:45.987388570,T,KO,F,100,70.93
2025-11-17,9:33:45.987388570,T,KO,F I,50,70.93
2025-11-17,9:33:45.987905747,T,KO,F,100,70.93
2025-11-17,9:33:45.987908885,T,KO,F,100,70.93
2025-11-17,9:33:46.000642344,T,KO,I,28,70.92
2025-11-17,9:33:46.000644266,T,KO,,100,70.92
2025-11-17,9:33:46.000647799,T,KO,I,88,70.92
2025-11-17,9:33:46.000647799,T,KO,I,50,70.92
2025-11-17,9:33:46.000650011,T,KO,,100,70.92
2025-11-17,9:33:46.000653086,T,KO,I,50,70.92
2025-11-17,9:33:46.000653086,T,KO,I,84,70.92
2025-11-17,9:33:46.000809483,T,KO,F I,90,70.92
2025-11-17,9:33:46.007085971,T,KO,F I,60,70.92
2025-11-17,9:33:46.007088418,T,KO,F,100,70.92
2025-11-17,9:33:46.007419185,T,KO,F,100,70.93
2025-11-17,9:33:46.007419185,T,KO,F I,88,70.93
2025-11-17,9:33:46.007758980,T,KO,,100,70.93
2025-11-17,9:33:46.091012223,T,KO,F,400,70.93
2025-11-17,9:33:52.973374866,T,KO,,100,70.945
2025-11-17,9:33:52.973398955,T,KO,,100,70.945
2025-11-17,9:33:53.095477732,T,KO,,100,70.945
2025-11-17,9:33:56.452534979,T,KO,,100,70.945
2025-11-17,9:33:56.642220861,T,KO,,100,70.945
2025-11-17,9:33:56.642220861,T,KO,,100,70.945
2025-11-17,9:33:56.644376911,T,KO,,100,70.945
2025-11-17,9:33:58.680568487,T,KO,F I,50,70.94
2025-11-17,9:33:58.931922033,T,KO,I,83,70.93
2025-11-17,9:33:58.931946165,T,KO,I,1,70.93
2025-11-17,9:33:59.924508208,T,KO,I,9,70.95
2025-11-17,9:33:59.929536135,T,KO,,100,70.95
2025-11-17,9:33:59.935345965,T,KO,,100,70.95
2025-11-17,9:33:59.940876172,T,KO,,100,70.95
2025-11-17,9:33:59.944060715,T,KO,,100,70.95
2025-11-17,9:34:00.228906536,T,KO,F,300,70.94
2025-11-17,9:34:00.228908541,T,KO,F I,50,70.94
2025-11-17,9:34:00.228956158,T,KO,I,1,70.94
2025-11-17,9:34:00.229148799,T,KO,F I,27,70.94
2025-11-17,9:34:00.229148799,T,KO,F,100,70.94
2025-11-17,9:34:00.234420199,T,KO,F I,16,70.93
2025-11-17,9:34:00.234423630,T,KO,F I,50,70.93
2025-11-17,9:34:00.234423630,T,KO,F I,5,70.93
2025-11-17,9:34:00.234426278,T,KO,F,100,70.93
2025-11-17,9:34:00.501083434,T,KO,F I,50,70.93
2025-11-17,9:34:02.296232728,T,KO,F I,50,70.91
2025-11-17,9:34:02.296236183,T,KO,F,100,70.91
2025-11-17,9:34:02.740036159,T,KO,F I,2,70.9
2025-11-17,9:34:02.740036159,T,KO,F I,1,70.9
2025-11-17,9:34:06.653640741,T,KO,I,74,70.88
2025-11-17,9:34:15.922051151,T,KO,F,100,70.9
2025-11-17,9:34:15.922051151,T,KO,F I,50,70.9
2025-11-17,9:34:15.950793592,T,KO,F,100,70.905
2025-11-17,9:34:15.951130449,T,KO,F,100,70.91
2025-11-17,9:34:15.951151468,T,KO,I,1,70.91
2025-11-17,9:34:15.952871518,T,KO,F,100,70.9
2025-11-17,9:34:15.989050728,T,KO,F I,17,70.88
2025-11-17,9:34:15.989053809,T,KO,F,100,70.88
2025-11-17,9:34:15.989077759,T,KO,I,1,70.88
2025-11-17,9:34:15.989267215,T,KO,,100,70.88
2025-11-17,9:34:15.989309351,T,KO,,100,70.88
2025-11-17,9:34:18.362579630,T,KO,F I,1,70.88
2025-11-17,9:34:20.607104443,T,KO,,200,70.89
2025-11-17,9:34:25.375323738,T,KO,,100,70.925
2025-11-17,9:34:25.375531300,T,KO,,100,70.925
2025-11-17,9:34:28.123704622,T,KO,F,100,70.91
2025-11-17,9:34:28.123722651,T,KO,I,1,70.91
2025-11-17,9:34:28.123728621,T,KO,F I,15,70.91
2025-11-17,9:34:28.124438337,T,KO,I,50,70.9
2025-11-17,9:34:30.291252074,T,KO,,100,70.885
2025-11-17,9:34:30.293546474,T,KO,,195,70.885
2025-11-17,9:34:30.296716060,T,KO,,100,70.885
2025-11-17,9:34:31.415229936,T,KO,,100,70.9
2025-11-17,9:34:31.415233329,T,KO,I,30,70.91
2025-11-17,9:34:31.415233329,T,KO,I,50,70.91
2025-11-17,9:34:31.416132229,T,KO,F,100,70.91
2025-11-17,9:34:33.468517719,T,KO,I,1,70.91
2025-11-17,9:34:33.469031421,T,KO,I,19,70.91
2025-11-17,9:34:33.469891454,T,KO,I,85,70.91
2025-11-17,9:34:33.469909665,T,KO,I,1,70.91
2025-11-17,9:34:33.469918502,T,KO,I,94,70.91
2025-11-17,9:34:36.759149311,T,KO,,100,70.91
2025-11-17,9:34:39.672731513,T,KO,,100,70.905
2025-11-17,9:34:41.877820445,T,KO,F,300,70.93
2025-11-17,9:34:41.877823395,T,KO,F I,50,70.93
2025-11-17,9:34:42.856020050,T,KO,I,2,70.925
2025-11-17,9:34:42.856047154,T,KO,F I,98,70.925
2025-11-17,9:34:44.378843985,T,KO,I,10,70.95
2025-11-17,9:34:52.365012352,T,KO,,200,70.94
2025-11-17,9:34:52.365021416,T,KO,F,200,70.94
2025-11-17,9:34:58.274521945,T,KO,F I,24,70.97
2025-11-17,9:34:58.278181567,T,KO,F I,50,70.97
2025-11-17,9:34:58.278188011,T,KO,I,64,70.98
2025-11-17,9:34:58.278188011,T,KO,I,14,70.98
2025-11-17,9:34:58.278203185,T,KO,I,1,70.98
2025-11-17,9:34:58.278208697,T,KO,I,1,70.98
2025-11-17,9:34:58.278229747,T,KO,F I,14,70.97
2025-11-17,9:34:58.278232705,T,KO,F,286,70.97
2025-11-17,9:34:58.278250742,T,KO,I,1,70.97
2025-11-17,9:34:58.278271858,T,KO,F I,1,70.97
2025-11-17,9:34:58.278948396,T,KO,F I,24,70.97
2025-11-17,9:34:58.278951395,T,KO,F I,23,70.97
2025-11-17,9:34:58.278999600,T,KO,,100,70.97
2025-11-17,9:34:58.279158951,T,KO,I,52,70.97
2025-11-17,9:34:59.098057251,T,KO,I,52,70.98
2025-11-17,9:35:00.407384754,T,KO,,110,70.99
2025-11-17,9:35:03.202547966,T,KO,F,100,71.0
2025-11-17,9:35:03.202547966,T,KO,F,100,71.0
2025-11-17,9:35:03.983534904,T,KO,F I,11,71.0
2025-11-17,9:35:03.983577018,T,KO,,200,71.0
2025-11-17,9:35:06.521306135,T,KO,,100,71.0
2025-11-17,9:35:08.214587939,T,KO,F I,2,71.0
2025-11-17,9:35:08.738152846,T,KO,F I,8,71.0
2025-11-17,9:35:09.277595678,T,KO,F,100,71.01
2025-11-17,9:35:10.654668387,T,KO,,210,71.005
2025-11-17,9:35:12.344774611,T,KO,I,90,71.01
2025-11-17,9:35:13.267525722,T,KO,F I,29,71.02
2025-11-17,9:35:13.267525722,T,KO,F I,5,71.02
2025-11-17,9:35:13.304399210,T,KO,I,1,71.02
2025-11-17,9:35:14.295770324,T,KO,I,40,71.015
2025-11-17,9:35:14.295887698,T,KO,F,100,71.02
2025-11-17,9:35:14.295891226,T,KO,F,300,71.02
2025-11-17,9:35:14.944454270,T,KO,F,648,71.02
2025-11-17,9:35:14.944469268,T,KO,F,112,71.02
2025-11-17,9:35:14.944472305,T,KO,F,100,71.02
2025-11-17,9:35:14.944472305,T,KO,F I,1,71.02
2025-11-17,9:35:14.944514411,T,KO,F,100,71.02
2025-11-17,9:35:21.885700107,T,KO,I,10,71.05
2025-11-17,9:35:21.885700107,T,KO,I,2,71.05
2025-11-17,9:35:21.885721088,T,KO,F I,5,71.05
2025-11-17,9:35:21.887765928,T,KO,F I,2,71.05
2025-11-17,9:35:21.910079070,T,KO,F I,93,71.05
2025-11-17,9:35:22.025367720,T,KO,I,58,71.06
2025-11-17,9:35:22.377789046,T,KO,F I,42,71.06
2025-11-17,9:35:24.366936501,T,KO,F I,60,71.07
2025-11-17,9:35:26.177052615,T,KO,I,42,71.07
2025-11-17,9:35:26.177073738,T,KO,F I,8,71.07
2025-11-17,9:35:27.254227132,T,KO,F,100,71.06
2025-11-17,9:35:27.254233136,T,KO,F,600,71.06
2025-11-17,9:35:27.254242171,T,KO,F I,13,71.06
2025-11-17,9:35:27.254245135,T,KO,I,92,71.06
2025-11-17,9:35:27.254248222,T,KO,I,1,71.06
2025-11-17,9:35:27.254296463,T,KO,F,300,71.06
2025-11-17,9:35:27.254374455,T,KO,,187,71.06
2025-11-17,9:35:27.254530824,T,KO,F,300,71.06
2025-11-17,9:35:27.254621157,T,KO,F I,7,71.06
2025-11-17,9:35:29.887075924,T,KO,F,100,71.05
2025-11-17,9:35:29.887078782,T,KO,F,100,71.05
2025-11-17,9:35:29.887078782,T,KO,F I,50,71.05
2025-11-17,9:35:29.887448670,T,KO,F,300,71.04
2025-11-17,9:35:29.887448670,T,KO,F,100,71.04
2025-11-17,9:35:29.887833615,T,KO,I,84,71.05
2025-11-17,9:35:29.887899954,T,KO,,100,71.05
2025-11-17,9:35:29.888068050,T,KO,,100,71.05
2025-11-17,9:35:29.888068050,T,KO,,100,71.05
2025-11-17,9:35:29.888071108,T,KO,,112,71.045
2025-11-17,9:35:33.333602229,T,KO,,101,71.03
2025-11-17,9:35:35.067513862,T,KO,I,1,71.04
2025-11-17,9:35:35.067529115,T,KO,F I,17,71.04
2025-11-17,9:35:35.067531932,T,KO,F I,2,71.04
2025-11-17,9:35:35.068232509,T,KO,,100,71.04
2025-11-17,9:35:35.484038869,T,KO,F I,83,71.02
2025-11-17,9:35:35.484053948,T,KO,F I,20,71.02
2025-11-17,9:35:35.484083945,T,KO,I,80,71.02
2025-11-17,9:35:36.146231016,T,KO,F,230,71.03
2025-11-17,9:35:36.668117886,T,KO,F I,29,71.03
2025-11-17,9:35:41.005374839,T,KO,F,110,71.02
2025-11-17,9:35:42.909786638,T,KO,F,300,71.05
2025-11-17,9:35:42.909789750,T,KO,F I,50,71.05
2025-11-17,9:35:42.909793072,T,KO,F I,90,71.05
2025-11-17,9:35:42.909793072,T,KO,F I,50,71.05
2025-11-17,9:35:43.341127817,T,KO,I,50,71.07
2025-11-17,9:35:49.028438264,T,KO,F I,11,71.05
2025-11-17,9:35:49.028441455,T,KO,F,100,71.05
2025-11-17,9:35:49.028444144,T,KO,F,100,71.05
2025-11-17,9:35:59.590255865,T,KO,I,2,71.04
2025-11-17,9:35:59.591248235,T,KO,I,2,71.04
2025-11-17,9:36:04.012408670,T,KO,F,300,71.04
2025-11-17,9:36:04.012408670,T,KO,F I,50,71.04
2025-11-17,9:36:04.012410918,T,KO,F I,50,71.04
2025-11-17,9:36:06.998643165,T,KO,,110,71.025
2025-11-17,9:36:07.048709402,T,KO,F I,90,71.03
2025-11-17,9:36:07.048995080,T,KO,F I,50,71.03
2025-11-17,9:36:18.107451682,T,KO,F I,59,71.02
2025-11-17,9:36:18.152339784,T,KO,F I,2,71.03
2025-11-17,9:36:18.152342656,T,KO,F I,50,71.03
2025-11-17,9:36:23.063053846,T,KO,F I,2,71.04
2025-11-17,9:36:23.063056561,T,KO,F I,2,71.04
2025-11-17,9:36:23.063056561,T,KO,F I,43,71.04
2025-11-17,9:36:37.476318270,T,KO,,100,71.04
2025-11-17,9:36:40.473649872,T,KO,F I,50,71.03
2025-11-17,9:36:40.473652890,T,KO,F I,12,71.03
2025-11-17,9:36:41.334783920,T,KO,F I,88,71.03
2025-11-17,9:36:42.731198663,T,KO,I,10,71.025
2025-11-17,9:36:48.583996172,T,KO,F,100,71.03
2025-11-17,9:36:48.584002075,T,KO,F I,16,71.03
2025-11-17,9:36:48.584002075,T,KO,F,100,71.03
2025-11-17,9:36:57.866627253,T,KO,,200,71.03
2025-11-17,9:37:07.535642635,T,KO,F,100,71.03
2025-11-17,9:37:07.535642635,T,KO,F,100,71.03
2025-11-17,9:37:07.535646089,T,KO,F I,75,71.03
2025-11-17,9:37:07.535646089,T,KO,F,400,71.03
2025-11-17,9:37:07.535649393,T,KO,F I,18,71.03
2025-11-17,9:37:07.535649393,T,KO,F I,36,71.03
2025-11-17,9:37:07.536055027,T,KO,F,100,71.02
2025-11-17,9:37:07.735844534,T,KO,F,200,71.01
2025-11-17,9:37:07.735844534,T,KO,F I,1,71.01
2025-11-17,9:37:12.740267317,T,KO,,100,70.99
2025-11-17,9:37:12.740270741,T,KO,,100,70.99
2025-11-17,9:37:12.740270741,T,KO,,100,70.99
2025-11-17,9:37:12.740273397,T,KO,I,50,70.99
2025-11-17,9:37:12.800927881,T,KO,,100,70.985
2025-11-17,9:37:13.174612922,T,KO,,100,70.99
2025-11-17,9:37:15.619468730,T,KO,F I,50,71.01
2025-11-17,9:37:15.619472962,T,KO,F,100,71.01
2025-11-17,9:37:16.931183806,T,KO,,119,71.02
2025-11-17,9:37:30.018389729,T,KO,F I,90,71.01
2025-11-17,9:37:33.975546886,T,KO,I,1,70.99
2025-11-17,9:37:33.975573994,T,KO,I,99,70.99
2025-11-17,9:37:33.975573994,T,KO,I,50,70.99
2025-11-17,9:37:33.975577013,T,KO,I,1,70.99
2025-11-17,9:37:33.976512867,T,KO,F I,83,70.98
2025-11-17,9:37:33.976518289,T,KO,F,100,70.98
2025-11-17,9:37:33.976518289,T,KO,F I,98,70.98
2025-11-17,9:37:33.976518289,T,KO,F,300,70.98
2025-11-17,9:37:33.976521212,T,KO,F I,50,70.98
2025-11-17,9:37:33.976524230,T,KO,F I,50,70.98
2025-11-17,9:37:38.491880309,T,KO,F,106,70.95
2025-11-17,9:37:38.491880309,T,KO,F,261,70.95
2025-11-17,9:37:39.435629973,T,KO,F,110,70.95
2025-11-17,9:37:42.913187717,T,KO,I,2,70.95
2025-11-17,9:37:42.913227393,T,KO,,108,70.95
2025-11-17,9:37:42.913229702,T,KO,,200,70.95
2025-11-17,9:37:42.913232553,T,KO,I,77,70.96
2025-11-17,9:37:42.913235535,T,KO,I,50,70.96
2025-11-17,9:37:42.913268870,T,KO,I,80,70.95
2025-11-17,9:37:42.913271973,T,KO,,100,70.95
2025-11-17,9:37:42.913271973,T,KO,I,2,70.95
2025-11-17,9:37:42.913283654,T,KO,I,1,70.95
2025-11-17,9:37:42.913299422,T,KO,F I,97,70.95
2025-11-17,9:37:42.913302578,T,KO,F,103,70.95
2025-11-17,9:37:42.913302578,T,KO,F I,1,70.95
2025-11-17,9:37:43.174191131,T,KO,,190,70.95
2025-11-17,9:37:49.545778124,T,KO,F,110,70.96
2025-11-17,9:37:49.545782451,T,KO,F I,80,70.96
2025-11-17,9:37:49.545788147,T,KO,F I,53,70.96
2025-11-17,9:37:49.545788147,T,KO,F,103,70.96
2025-11-17,9:37:49.545793784,T,KO,F,103,70.96
2025-11-17,9:37:49.545793784,T,KO,F,100,70.96
2025-11-17,9:37:49.545793784,T,KO,F,110,70.96
2025-11-17,9:37:49.545796116,T,KO,F I,21,70.96
2025-11-17,9:37:49.545800093,T,KO,F,110,70.96
2025-11-17,9:37:49.545800093,T,KO,F I,10,70.96
2025-11-17,9:37:49.545805915,T,KO,F I,10,70.96
2025-11-17,9:37:49.545811950,T,KO,F,110,70.96
2025-11-17,9:37:49.545811950,T,KO,F I,80,70.96
2025-11-17,9:37:49.545811950,T,KO,F,110,70.96
2025-11-17,9:37:49.545811950,T,KO,F,110,70.96
2025-11-17,9:37:49.545815173,T,KO,F I,57,70.96
2025-11-17,9:37:49.545815173,T,KO,F I,53,70.96
2025-11-17,9:37:49.545820242,T,KO,F I,8,70.96
2025-11-17,9:37:49.545820242,T,KO,F,110,70.96
2025-11-17,9:37:49.545820242,T,KO,F,110,70.96
2025-11-17,9:37:49.545823701,T,KO,F,110,70.96
2025-11-17,9:37:49.545823701,T,KO,F,110,70.96
2025-11-17,9:37:49.545826227,T,KO,F,100,70.96
2025-11-17,9:37:49.545826227,T,KO,F,120,70.96
2025-11-17,9:37:49.545826227,T,KO,F,220,70.96
2025-11-17,9:37:49.545832766,T,KO,F,180,70.96
2025-11-17,9:37:49.545832766,T,KO,F,106,70.96
2025-11-17,9:37:49.545832766,T,KO,F I,4,70.96
2025-11-17,9:37:49.545835256,T,KO,F I,50,70.96
2025-11-17,9:37:52.913568043,T,KO,I,1,70.99
2025-11-17,9:37:52.913604127,T,KO,,110,71.0
2025-11-17,9:37:52.913622157,T,KO,I,1,71.0
2025-11-17,9:37:56.155533114,T,KO,F I,56,70.99
2025-11-17,9:37:56.155535473,T,KO,F,100,70.99
2025-11-17,9:37:56.155550915,T,KO,F,100,70.99
2025-11-17,9:37:58.430745145,T,KO,I,47,70.98
2025-11-17,9:38:04.287966121,T,KO,I,11,70.99
2025-11-17,9:38:04.287966121,T,KO,I,2,70.99
2025-11-17,9:38:05.280585248,T,KO,F I,50,70.98
2025-11-17,9:38:05.280588178,T,KO,F,300,70.98
2025-11-17,9:38:05.280615207,T,KO,I,1,70.98
2025-11-17,9:38:09.423838077,T,KO,F I,2,71.0
2025-11-17,9:38:11.898693743,T,KO,F I,4,71.01
2025-11-17,9:38:11.898696417,T,KO,F I,1,71.01
2025-11-17,9:38:12.541011178,T,KO,I,1,71.03
2025-11-17,9:38:14.410020145,T,KO,F I,30,71.03
2025-11-17,9:38:16.646969387,T,KO,F,100,71.04
2025-11-17,9:38:24.566207322,T,KO,F,100,71.09
2025-11-17,9:38:24.566210350,T,KO,F,100,71.09
2025-11-17,9:38:24.566225608,T,KO,I,1,71.09
2025-11-17,9:38:24.566229106,T,KO,I,99,71.09
2025-11-17,9:38:24.566234416,T,KO,I,1,71.09
2025-11-17,9:38:24.566234416,T,KO,F I,99,71.09
2025-11-17,9:38:24.566261459,T,KO,I,50,71.09
2025-11-17,9:38:24.566312551,T,KO,F I,64,71.09
2025-11-17,9:38:24.566348638,T,KO,I,36,71.09
2025-11-17,9:38:24.566348638,T,KO,I,89,71.09
2025-11-17,9:38:24.566354745,T,KO,I,40,71.09
2025-11-17,9:38:24.566853878,T,KO,F I,89,71.09
2025-11-17,9:38:24.944294780,T,KO,F I,7,71.09
2025-11-17,9:38:26.805956661,T,KO,,100,71.1
2025-11-17,9:38:26.906335708,T,KO,,100,71.1
2025-11-17,9:38:26.926889660,T,KO,,100,71.1
2025-11-17,9:38:27.273152347,T,KO,,100,71.1
2025-11-17,9:38:28.267437461,T,KO,,100,71.1
2025-11-17,9:38:30.468611994,T,KO,I,50,71.11
2025-11-17,9:38:30.468617038,T,KO,I,51,71.1
2025-11-17,9:38:30.468617038,T,KO,,100,71.1
2025-11-17,9:38:30.468628992,T,KO,I,1,71.1
2025-11-17,9:38:30.468657538,T,KO,F I,99,71.1
2025-11-17,9:38:30.468680178,T,KO,,100,71.1
2025-11-17,9:38:30.468803486,T,KO,I,57,71.11
2025-11-17,9:38:30.468833483,T,KO,I,1,71.11
2025-11-17,9:38:30.469053047,T,KO,F,100,71.11
2025-11-17,9:38:30.469053047,T,KO,F,100,71.11
2025-11-17,9:38:30.469104210,T,KO,F I,90,71.11
2025-11-17,9:38:30.959024995,T,KO,,100,71.105
2025-11-17,9:38:31.114934383,T,KO,,110,71.105
2025-11-17,9:38:31.120945940,T,KO,I,90,71.11
2025-11-17,9:38:31.120948663,T,KO,I,3,71.11
2025-11-17,9:38:31.120970606,T,KO,I,1,71.11
2025-11-17,9:38:31.121369665,T,KO,I,60,71.11
2025-11-17,9:38:32.075202376,T,KO,F I,50,71.11
2025-11-17,9:38:32.217056268,T,KO,,100,71.1
2025-11-17,9:38:34.086260111,T,KO,F I,48,71.1
2025-11-17,9:38:34.086263092,T,KO,F I,2,71.1
2025-11-17,9:38:35.331703293,T,KO,F I,60,71.09
2025-11-17,9:38:40.131630151,T,KO,F I,1,71.08
2025-11-17,9:38:53.534776735,T,KO,,110,71.075
2025-11-17,9:38:54.936426976,T,KO,,110,71.075
2025-11-17,9:38:54.936430282,T,KO,I,40,71.075
2025-11-17,9:39:01.730845449,T,KO,,110,71.075
2025-11-17,9:39:01.741821195,T,KO,F,175,71.075
2025-11-17,9:39:01.742136993,T,KO,F,100,71.08
2025-11-17,9:39:01.742506866,T,KO,F,100,71.08
2025-11-17,9:39:01.742515843,T,KO,F I,86,71.08
2025-11-17,9:39:01.742515843,T,KO,F I,50,71.08
2025-11-17,9:39:01.742527952,T,KO,F I,50,71.08
2025-11-17,9:39:02.752624659,T,KO,F I,50,71.07
2025-11-17,9:39:02.752627625,T,KO,F I,46,71.07
2025-11-17,9:39:02.752636641,T,KO,F I,23,71.07
2025-11-17,9:39:03.524863982,T,KO,,100,71.065
2025-11-17,9:39:05.923559728,T,KO,F I,86,71.07
2025-11-17,9:39:05.923562817,T,KO,F,100,71.07
2025-11-17,9:39:05.923562817,T,KO,F I,42,71.07
2025-11-17,9:39:17.031610588,T,KO,F I,6,71.06
2025-11-17,9:39:18.885922955,T,KO,,100,71.07
2025-11-17,9:39:19.915244588,T,KO,I,10,71.075
2025-11-17,9:39:21.512733248,T,KO,I,2,71.07
2025-11-17,9:39:21.539863828,T,KO,I,1,71.07
2025-11-17,9:39:23.627559084,T,KO,F I,50,71.06
2025-11-17,9:39:26.798891182,T,KO,,100,71.05
2025-11-17,9:39:39.174776578,T,KO,I,1,71.06
2025-11-17,9:39:46.329197069,T,KO,F,100,71.07
2025-11-17,9:39:57.703829750,T,KO,F I,12,71.08
2025-11-17,9:39:57.797027804,T,KO,,100,71.08
2025-11-17,9:39:58.390605583,T,KO,I,40,71.08
2025-11-17,9:39:58.390623447,T,KO,I,6,71.08
2025-11-17,9:39:59.160462958,T,KO,,100,71.08
2025-11-17,9:40:11.561313808,T,KO,F,100,71.09
2025-11-17,9:40:11.561313808,T,KO,F I,54,71.09
2025-11-17,9:40:11.561316842,T,KO,F I,14,71.09
2025-11-17,9:40:11.561335478,T,KO,F I,81,71.09
2025-11-17,9:40:11.561335478,T,KO,I,1,71.09
2025-11-17,9:40:11.561340861,T,KO,,104,71.09
2025-11-17,9:40:11.576391725,T,KO,F,100,71.08
2025-11-17,9:40:11.579275835,T,KO,I,82,71.08
2025-11-17,9:40:11.579275835,T,KO,I,98,71.08
2025-11-17,9:40:11.579302822,T,KO,I,1,71.08
2025-11-17,9:40:11.594939922,T,KO,F I,61,71.08
2025-11-17,9:40:11.594963924,T,KO,F I,21,71.08
2025-11-17,9:40:11.594990972,T,KO,F,110,71.08
2025-11-17,9:40:13.056450680,T,KO,,200,71.09
2025-11-17,9:40:15.833805601,T,KO,F I,1,71.09
2025-11-17,9:40:15.833805601,T,KO,F I,99,71.09
2025-11-17,9:40:15.833808729,T,KO,F I,50,71.09
2025-11-17,9:40:15.833808729,T,KO,F I,1,71.09
2025-11-17,9:40:15.833820694,T,KO,F I,99,71.09
2025-11-17,9:40:19.877121490,T,KO,F,100,71.095
2025-11-17,9:40:19.877121490,T,KO,F,220,71.095
2025-11-17,9:40:19.877125180,T,KO,F I,9,71.1
2025-11-17,9:40:19.877127474,T,KO,F I,64,71.1
2025-11-17,9:40:21.167690152,T,KO,I,50,71.075
2025-11-17,9:40:21.167693129,T,KO,I,59,71.07
2025-11-17,9:40:21.167693129,T,KO,,140,71.07
2025-11-17,9:40:21.167705164,T,KO,I,1,71.07
2025-11-17,9:40:21.167720783,T,KO,I,1,71.07
2025-11-17,9:40:21.167774321,T,KO,F,300,71.08
2025-11-17,9:40:21.167795376,T,KO,I,1,71.08
2025-11-17,9:40:22.688649427,T,KO,F,100,71.07
2025-11-17,9:40:22.756518114,T,KO,F I,78,71.065
2025-11-17,9:40:27.034479821,T,KO,F I,50,71.08
2025-11-17,9:40:27.034864748,T,KO,F I,50,71.08
2025-11-17,9:40:27.084840710,T,KO,F I,78,71.08
2025-11-17,9:40:27.084840710,T,KO,F I,1,71.08
2025-11-17,9:40:27.285153762,T,KO,F I,78,71.08
2025-11-17,9:40:34.445116579,T,KO,I,1,71.08
2025-11-17,9:40:34.445119594,T,KO,I,29,71.08
2025-11-17,9:40:34.445134570,T,KO,I,11,71.08
2025-11-17,9:40:40.890473171,T,KO,I,2,71.08
2025-11-17,9:40:40.890479095,T,KO,,110,71.085
2025-11-17,9:40:40.890479095,T,KO,I,27,71.09
2025-11-17,9:40:40.890481333,T,KO,I,50,71.09
2025-11-17,9:40:40.890484385,T,KO,,188,71.09
2025-11-17,9:40:40.890504000,T,KO,I,1,71.09
2025-11-17,9:40:41.059399639,T,KO,,200,71.08
2025-11-17,9:40:44.647353140,T,KO,F I,75,71.05
2025-11-17,9:40:44.647371448,T,KO,I,25,71.05
2025-11-17,9:40:44.647371448,T,KO,I,50,71.05
2025-11-17,9:40:44.864364951,T,KO,,110,71.04
2025-11-17,9:40:56.422617918,T,KO,F I,7,71.04
2025-11-17,9:40:56.422620903,T,KO,F,100,71.04
2025-11-17,9:40:56.423715570,T,KO,F I,7,71.05
2025-11-17,9:40:56.990872370,T,KO,F I,17,71.07
2025-11-17,9:40:56.991073766,T,KO,I,67,71.07
2025-11-17,9:40:56.991437754,T,KO,I,70,71.07
2025-11-17,9:40:57.233426969,T,KO,F,100,71.065
2025-11-17,9:40:57.233652532,T,KO,I,10,71.065
2025-11-17,9:40:57.233655550,T,KO,I,50,71.06
2025-11-17,9:40:57.238232504,T,KO,F,100,71.06
2025-11-17,9:40:57.325383070,T,KO,I,67,71.06
2025-11-17,9:41:03.816576931,T,KO,F I,50,71.06
2025-11-17,9:41:04.200173764,T,KO,I,1,71.06
2025-11-17,9:41:04.200173764,T,KO,I,2,71.06
2025-11-17,9:41:04.201553724,T,KO,I,74,71.06
2025-11-17,9:41:04.201556788,T,KO,,100,71.06
2025-11-17,9:41:04.201559801,T,KO,I,50,71.06
2025-11-17,9:41:05.836686067,T,KO,I,1,71.06
2025-11-17,9:41:05.836704108,T,KO,I,73,71.06
2025-11-17,9:41:05.836704108,T,KO,I,10,71.06
2025-11-17,9:41:07.156800158,T,KO,,110,71.065
2025-11-17,9:41:14.206914242,T,KO,F I,50,71.06
2025-11-17,9:41:14.206917240,T,KO,F,100,71.06
2025-11-17,9:41:15.074098598,T,KO,I,1,71.03
2025-11-17,9:41:15.074131814,T,KO,,999,71.03
2025-11-17,9:41:15.138758649,T,KO,,225,71.025
2025-11-17,9:41:15.138824974,T,KO,I,5,71.025
2025-11-17,9:41:15.138824974,T,KO,,100,71.03
2025-11-17,9:41:15.138830821,T,KO,I,70,71.03
2025-11-17,9:41:15.138842825,T,KO,I,1,71.03
2025-11-17,9:41:15.430655786,T,KO,F I,13,71.02
2025-11-17,9:41:15.430657944,T,KO,F I,57,71.02
2025-11-17,9:41:15.430660864,T,KO,F I,24,71.02
2025-11-17,9:41:21.861335630,T,KO,F I,50,70.99
2025-11-17,9:41:21.861339016,T,KO,F I,77,70.99
2025-11-17,9:41:21.861341877,T,KO,F,100,70.99
2025-11-17,9:41:24.322965596,T,KO,F I,4,70.98
2025-11-17,9:41:26.416052640,T,KO,,100,70.975
2025-11-17,9:41:27.636873232,T,KO,,110,70.97
2025-11-17,9:41:31.658330086,T,KO,F I,50,70.98
2025-11-17,9:41:33.605987799,T,KO,I,21,70.98
2025-11-17,9:41:33.605987799,T,KO,I,50,70.98
2025-11-17,9:41:38.884883394,T,KO,I,18,70.975
2025-11-17,9:41:38.886035159,T,KO,I,1,70.975
2025-11-17,9:41:43.144284953,T,KO,F I,70,70.96
2025-11-17,9:41:43.146465089,T,KO,I,50,70.95
2025-11-17,9:41:45.172721350,T,KO,F,200,70.96
2025-11-17,9:41:45.181971678,T,KO,F,200,70.98
2025-11-17,9:41:45.181974320,T,KO,F,100,70.98
2025-11-17,9:41:48.219240849,T,KO,F I,35,70.99
2025-11-17,9:41:48.219240849,T,KO,F I,21,70.99
2025-11-17,9:41:49.069822597,T,KO,,120,70.995
2025-11-17,9:41:50.606305051,T,KO,F I,7,71.01
2025-11-17,9:41:50.606305051,T,KO,F,165,71.01
2025-11-17,9:41:51.705858856,T,KO,I,50,71.015
2025-11-17,9:41:52.570036074,T,KO,F I,21,71.02
2025-11-17,9:41:52.570036074,T,KO,F,100,71.02
2025-11-17,9:41:52.571127652,T,KO,I,11,71.02
2025-11-17,9:41:52.571470490,T,KO,I,64,71.02
2025-11-17,9:41:53.854003974,T,KO,F,120,71.015
2025-11-17,9:41:53.854003974,T,KO,F I,11,71.02
2025-11-17,9:41:53.854007670,T,KO,F I,53,71.02
2025-11-17,9:41:53.854010043,T,KO,F I,11,71.02
2025-11-17,9:41:53.854709378,T,KO,F I,73,71.02
2025-11-17,9:41:53.854709378,T,KO,F,100,71.02
2025-11-17,9:41:57.905312906,T,KO,I,1,71.01
2025-11-17,9:41:57.905312906,T,KO,I,50,71.01
2025-11-17,9:41:58.716125040,T,KO,F I,73,71.01
2025-11-17,9:42:02.171645998,T,KO,F I,45,71.03
2025-11-17,9:42:02.371736525,T,KO,I,51,71.035
2025-11-17,9:42:03.177229043,T,KO,F I,1,71.03
2025-11-17,9:42:06.924378532,T,KO,I,6,71.02
2025-11-17,9:42:06.924390609,T,KO,I,94,71.02
2025-11-17,9:42:17.196855989,T,KO,I,35,71.025
2025-11-17,9:42:19.355162412,T,KO,,230,71.035
2025-11-17,9:42:19.359757490,T,KO,,100,71.02
2025-11-17,9:42:19.359757490,T,KO,I,50,71.02
2025-11-17,9:42:19.359760319,T,KO,I,50,71.02
2025-11-17,9:42:19.359760319,T,KO,,100,71.02
2025-11-17,9:42:19.359805501,T,KO,I,12,71.02
2025-11-17,9:42:19.360040015,T,KO,F I,12,71.02
2025-11-17,9:42:19.959611075,T,KO,,230,71.015
2025-11-17,9:42:28.272805620,T,KO,I,60,71.01
2025-11-17,9:42:34.090578594,T,KO,F,100,71.01
2025-11-17,9:42:34.090581815,T,KO,F I,60,71.01
2025-11-17,9:42:34.090581815,T,KO,F I,50,71.01
2025-11-17,9:42:34.090584593,T,KO,F,150,71.01
2025-11-17,9:42:34.091757505,T,KO,I,50,71.005
2025-11-17,9:42:45.321231460,T,KO,F,100,71.03
2025-11-17,9:42:47.487157935,T,KO,,100,71.035
2025-11-17,9:42:51.800237352,T,KO,I,10,71.025
2025-11-17,9:42:54.653180389,T,KO,,100,71.01
2025-11-17,9:42:54.653180389,T,KO,I,50,71.01
2025-11-17,9:42:54.653835785,T,KO,,100,71.01
2025-11-17,9:42:54.653841777,T,KO,I,73,71.01
2025-11-17,9:42:54.653844681,T,KO,,100,71.01
2025-11-17,9:42:55.152811087,T,KO,F I,16,71.02
2025-11-17,9:42:55.737292113,T,KO,F I,20,71.03
2025-11-17,9:43:01.185229466,T,KO,F I,73,71.03
2025-11-17,9:43:01.185229466,T,KO,F,100,71.03
2025-11-17,9:43:02.025141840,T,KO,,100,71.02
2025-11-17,9:43:06.701263767,T,KO,F,100,71.04
2025-11-17,9:43:06.701273599,T,KO,I,1,71.04
2025-11-17,9:43:06.701278879,T,KO,F I,10,71.04
2025-11-17,9:43:21.321658683,T,KO,F I,11,71.04
2025-11-17,9:43:29.633535866,T,KO,F,100,71.02
2025-11-17,9:43:29.633535866,T,KO,F I,1,71.02
2025-11-17,9:43:32.726582626,T,KO,,100,71.015
2025-11-17,9:43:37.484216804,T,KO,F I,97,71.01
2025-11-17,9:43:37.484216804,T,KO,F I,4,71.01
2025-11-17,9:43:37.484974976,T,KO,I,60,71.01
2025-11-17,9:43:37.484977572,T,KO,,100,71.01
2025-11-17,9:43:37.484980581,T,KO,I,50,71.01
2025-11-17,9:43:37.484984145,T,KO,,300,71.01
2025-11-17,9:43:37.484986573,T,KO,I,3,71.01
2025-11-17,9:43:39.402512581,T,KO,I,35,71.02
2025-11-17,9:43:39.402527656,T,KO,I,25,71.02
2025-11-17,9:43:44.754491395,T,KO,I,25,71.01
2025-11-17,9:43:44.754491395,T,KO,I,15,71.01
2025-11-17,9:43:44.754494302,T,KO,F I,5,71.01
2025-11-17,9:43:47.540515707,T,KO,F,100,71.01
2025-11-17,9:43:47.540518730,T,KO,F I,50,71.01
2025-11-17,9:43:49.044069693,T,KO,I,1,71.01
2025-11-17,9:43:52.603370803,T,KO,I,9,71.01
2025-11-17,9:43:55.252536372,T,KO,F I,50,71.01
2025-11-17,9:43:59.086806259,T,KO,I,50,71.01
2025-11-17,9:43:59.087437755,T,KO,F,100,71.01
2025-11-17,9:43:59.087437755,T,KO,F I,61,71.01
2025-11-17,9:43:59.087440817,T,KO,F I,39,71.01
2025-11-17,9:43:59.087455847,T,KO,I,1,71.01
2025-11-17,9:44:03.522358375,T,KO,F I,1,71.02
2025-11-17,9:44:03.568406969,T,KO,I,62,71.02
2025-11-17,9:44:03.568406969,T,KO,I,61,71.02
2025-11-17,9:44:03.568410406,T,KO,I,1,71.02
2025-11-17,9:44:03.568410406,T,KO,I,50,71.02
2025-11-17,9:44:06.573710770,T,KO,F I,1,71.02
2025-11-17,9:44:06.573710770,T,KO,F I,61,71.02
2025-11-17,9:44:11.679303660,T,KO,I,9,71.03
2025-11-17,9:44:11.679321638,T,KO,F I,7,71.03
2025-11-17,9:44:11.680653881,T,KO,F I,13,71.04
2025-11-17,9:44:11.882599811,T,KO,I,50,71.05
2025-11-17,9:44:19.641568254,T,KO,I,50,71.04
2025-11-17,9:44:19.641574242,T,KO,,100,71.04
2025-11-17,9:44:19.641574242,T,KO,I,50,71.04
2025-11-17,9:44:19.641577327,T,KO,,100,71.04
2025-11-17,9:44:19.642034329,T,KO,F,183,71.03
2025-11-17,9:44:24.297845967,T,KO,,120,71.025
2025-11-17,9:44:25.378821552,T,KO,,100,71.025
2025-11-17,9:44:25.383906599,T,KO,,100,71.025
2025-11-17,9:44:27.944601415,T,KO,,100,71.015
2025-11-17,9:44:42.029517220,T,KO,F I,16,71.02
2025-11-17,9:44:45.657444898,T,KO,F I,16,71.03
2025-11-17,9:44:45.658067218,T,KO,F I,10,71.03
2025-11-17,9:44:47.347184107,T,KO,I,14,71.05
2025-11-17,9:44:47.347184107,T,KO,I,20,71.05
2025-11-17,9:44:47.347214185,T,KO,F I,53,71.05
2025-11-17,9:44:47.347866745,T,KO,I,48,71.05
2025-11-17,9:44:47.348158449,T,KO,I,23,71.05
2025-11-17,9:44:47.348161521,T,KO,,100,71.05
2025-11-17,9:44:47.348161521,T,KO,I,83,71.05
2025-11-17,9:44:47.348179554,T,KO,I,1,71.05
2025-11-17,9:44:47.348227679,T,KO,F I,49,71.05
2025-11-17,9:44:47.349418427,T,KO,,200,71.05
2025-11-17,9:44:47.349439560,T,KO,I,1,71.05
2025-11-17,9:44:48.129142764,T,KO,I,71,71.05
2025-11-17,9:44:48.129145499,T,KO,I,9,71.05
2025-11-17,9:44:48.129148467,T,KO,F I,71,71.05
2025-11-17,9:44:49.086406475,T,KO,I,16,71.05
2025-11-17,9:44:49.086424470,T,KO,I,34,71.05
2025-11-17,9:44:49.088598690,T,KO,F I,67,71.05
2025-11-17,9:44:49.088733984,T,KO,I,4,71.05
2025-11-17,9:44:49.100690706,T,KO,F I,20,71.05
2025-11-17,9:44:49.100693781,T,KO,F I,83,71.05
2025-11-17,9:44:49.100697440,T,KO,F,100,71.055
2025-11-17,9:44:49.100700432,T,KO,F,240,71.055
2025-11-17,9:44:49.100700432,T,KO,F,100,71.06
2025-11-17,9:44:49.100702474,T,KO,F I,68,71.06
2025-11-17,9:44:49.100705576,T,KO,F I,89,71.06
2025-11-17,9:44:49.100708558,T,KO,F I,11,71.06
2025-11-17,9:44:49.100711992,T,KO,F I,25,71.06
2025-11-17,9:44:49.100717521,T,KO,I,1,71.06
2025-11-17,9:44:49.969480664,T,KO,F I,67,71.05
2025-11-17,9:44:49.969480664,T,KO,F I,4,71.05
2025-11-17,9:44:55.721919995,T,KO,I,10,71.04
2025-11-17,9:44:55.721938427,T,KO,I,90,71.04
2025-11-17,9:44:55.721941556,T,KO,F I,90,71.04
2025-11-17,9:44:55.721947080,T,KO,I,10,71.04
2025-11-17,9:44:55.725594917,T,KO,I,13,71.035
2025-11-17,9:44:55.800930589,T,KO,F I,18,71.04
2025-11-17,9:44:55.800930589,T,KO,F I,69,71.04
2025-11-17,9:44:55.800933307,T,KO,F I,17,71.04
2025-11-17,9:44:55.800936171,T,KO,F I,50,71.04
2025-11-17,9:44:56.486681144,T,KO,,100,71.045
2025-11-17,9:44:56.598986053,T,KO,I,69,71.04
2025-11-17,9:44:56.598986053,T,KO,I,31,71.04
2025-11-17,9:44:56.599007093,T,KO,F I,19,71.04
2025-11-17,9:44:57.546678039,T,KO,I,10,71.045
2025-11-17,9:44:57.558992409,T,KO,I,10,71.045
2025-11-17,9:44:57.571216463,T,KO,I,10,71.045
2025-11-17,9:44:59.660192843,T,KO,F I,10,71.05
2025-11-17,9:44:59.660192843,T,KO,F I,50,71.05
2025-11-17,9:45:00.655142429,T,KO,F,100,71.06
2025-11-17,9:45:00.655169466,T,KO,F,200,71.06
2025-11-17,9:45:00.655190484,T,KO,I,50,71.06
2025-11-17,9:45:00.655193589,T,KO,I,2,71.06
2025-11-17,9:45:00.698863475,T,KO,I,50,71.05
2025-11-17,9:45:02.768230084,T,KO,F I,94,71.04
2025-11-17,9:45:02.768230084,T,KO,F I,1,71.04
2025-11-17,9:45:16.986095394,T,KO,F I,50,70.99
2025-11-17,9:45:29.535256914,T,KO,I,10,70.995
2025-11-17,9:45:29.535256914,T,KO,I,61,70.995
2025-11-17,9:45:29.535262665,T,KO,I,59,70.995
2025-11-17,9:45:29.535262665,T,KO,I,12,70.995
2025-11-17,9:45:30.962943320,T,KO,F I,1,70.99
2025-11-17,9:45:30.962945963,T,KO,F I,20,70.99
2025-11-17,9:45:30.962948972,T,KO,F I,2,70.99
2025-11-17,9:45:30.962951983,T,KO,F,100,70.99
2025-11-17,9:45:37.058972032,T,KO,F I,50,70.99
2025-11-17,9:45:37.058986864,T,KO,F I,6,70.99
2025-11-17,9:45:37.058993363,T,KO,I,44,70.99
2025-11-17,9:45:38.139745783,T,KO,I,10,71.0
2025-11-17,9:45:39.555403408,T,KO,,120,71.005
2025-11-17,9:45:40.376301475,T,KO,I,8,71.02
2025-11-17,9:45:40.376304536,T,KO,I,50,71.02
2025-11-17,9:45:46.047691910,T,KO,,100,71.04
2025-11-17,9:45:46.047713018,T,KO,F I,34,71.04
2025-11-17,9:45:46.047803608,T,KO,,120,71.04
2025-11-17,9:45:46.055730152,T,KO,F I,65,71.04
2025-11-17,9:45:46.055730152,T,KO,F I,50,71.04
2025-11-17,9:45:46.279664419,T,KO,,120,71.025
2025-11-17,9:45:46.282407060,T,KO,,110,71.01
2025-11-17,9:45:46.283291514,T,KO,F I,63,71.01
2025-11-17,9:45:46.283291514,T,KO,F,100,71.01
2025-11-17,9:45:46.283294100,T,KO,F I,65,71.01
2025-11-17,9:45:46.892181690,T,KO,,240,71.015
2025-11-17,9:45:53.130443181,T,KO,I,2,71.02
2025-11-17,9:45:53.130443181,T,KO,I,18,71.02
2025-11-17,9:45:53.130445791,T,KO,I,63,71.02
2025-11-17,9:45:53.470970807,T,KO,,100,71.01
2025-11-17,9:45:53.470973780,T,KO,I,50,71.01
2025-11-17,9:46:01.177190507,T,KO,F I,12,71.01
2025-11-17,9:46:01.177193529,T,KO,F I,10,71.01
2025-11-17,9:46:05.034946369,T,KO,F I,1,71.02
2025-11-17,9:46:05.034946369,T,KO,F I,99,71.02
2025-11-17,9:46:05.034964484,T,KO,I,1,71.02
2025-11-17,9:46:19.351125065,T,KO,,100,71.02
2025-11-17,9:46:19.351127962,T,KO,F I,3,71.02
2025-11-17,9:46:19.351612180,T,KO,F I,1,71.01
2025-11-17,9:46:19.351666163,T,KO,F I,90,71.01
2025-11-17,9:46:20.618721913,T,KO,I,1,71.01
2025-11-17,9:46:20.618739963,T,KO,I,1,71.01
2025-11-17,9:46:20.618860292,T,KO,I,66,71.01
2025-11-17,9:46:23.544200463,T,KO,F I,66,71.0
2025-11-17,9:46:24.847591731,T,KO,,120,71.015
2025-11-17,9:46:28.181214420,T,KO,F,100,71.01
2025-11-17,9:46:29.717062271,T,KO,F I,15,71.0
2025-11-17,9:46:31.577503269,T,KO,I,40,70.99
2025-11-17,9:46:31.696641080,T,KO,,100,70.985
2025-11-17,9:46:36.423562933,T,KO,I,10,70.99
2025-11-17,9:46:36.423566053,T,KO,I,1,70.99
2025-11-17,9:46:37.045693783,T,KO,I,35,70.99
2025-11-17,9:46:37.045693783,T,KO,I,18,70.99
2025-11-17,9:46:37.855901452,T,KO,I,1,71.0
2025-11-17,9:46:37.856391605,T,KO,F I,2,71.0
2025-11-17,9:46:38.425000866,T,KO,F I,10,70.99
2025-11-17,9:46:45.683198572,T,KO,I,6,71.01
2025-11-17,9:46:46.881868528,T,KO,F I,18,71.01
2025-11-17,9:46:46.881874709,T,KO,F I,25,71.01
2025-11-17,9:46:46.881874709,T,KO,F I,7,71.01
2025-11-17,9:46:55.283879214,T,KO,,120,71.015
2025-11-17,9:46:57.233467967,T,KO,I,29,71.01
2025-11-17,9:46:57.233488592,T,KO,F,271,71.01
2025-11-17,9:46:58.300595039,T,KO,I,19,71.0
2025-11-17,9:46:58.300622847,T,KO,F I,81,71.0
2025-11-17,9:47:04.300316519,T,KO,F,200,71.0
2025-11-17,9:47:04.300316519,T,KO,F,100,71.0
2025-11-17,9:47:04.951770023,T,KO,F I,1,71.0
2025-11-17,9:47:12.492033476,T,KO,I,98,70.995
2025-11-17,9:47:13.104249626,T,KO,F I,10,70.985
2025-11-17,9:47:13.854822280,T,KO,F I,10,70.985
2025-11-17,9:47:13.854993679,T,KO,F I,10,70.985
2025-11-17,9:47:15.913507338,T,KO,F I,10,70.99
2025-11-17,9:47:15.913511184,T,KO,F I,1,70.99
2025-11-17,9:47:17.107107131,T,KO,,120,71.005
2025-11-17,9:47:22.029058669,T,KO,F I,50,71.0
2025-11-17,9:47:22.029061604,T,KO,F I,13,71.0
2025-11-17,9:47:22.031843236,T,KO,I,99,71.0
2025-11-17,9:47:22.031870681,T,KO,I,1,71.0
2025-11-17,9:47:22.031870681,T,KO,I,68,71.0
2025-11-17,9:47:22.031874508,T,KO,I,25,71.0
2025-11-17,9:47:22.031874508,T,KO,I,7,71.0
2025-11-17,9:47:22.031894401,T,KO,F I,93,71.0
2025-11-17,9:47:24.462372951,T,KO,F I,25,71.01
2025-11-17,9:47:33.630323050,T,KO,I,50,71.03
2025-11-17,9:47:37.285390626,T,KO,F I,68,71.02
2025-11-17,9:47:37.285390626,T,KO,F I,1,71.02
2025-11-17,9:47:37.285393277,T,KO,F I,25,71.02
2025-11-17,9:47:39.894678204,T,KO,F I,23,71.01
2025-11-17,9:47:39.894678204,T,KO,F I,77,71.01
2025-11-17,9:47:39.894680952,T,KO,F I,90,71.01
2025-11-17,9:47:41.814206457,T,KO,,100,71.005
2025-11-17,9:47:43.262618111,T,KO,I,16,71.0
2025-11-17,9:47:43.262618111,T,KO,I,10,71.0
2025-11-17,9:47:45.851898962,T,KO,,100,71.005
2025-11-17,9:47:56.381985180,T,KO,F,100,71.0
2025-11-17,9:47:56.382165594,T,KO,F I,15,71.0
2025-11-17,9:47:57.893327761,T,KO,,120,70.995
2025-11-17,9:48:00.740072751,T,KO,I,3,71.0
2025-11-17,9:48:00.936127696,T,KO,I,20,71.005
2025-11-17,9:48:09.096275544,T,KO,I,1,71.0
2025-11-17,9:48:09.096275544,T,KO,F I,5,71.0
2025-11-17,9:48:09.598047529,T,KO,I,10,70.995
2025-11-17,9:48:10.590952560,T,KO,F I,35,70.99
2025-11-17,9:48:10.714462432,T,KO,,100,70.975
2025-11-17,9:48:11.162457617,T,KO,,100,70.975
2025-11-17,9:48:12.227031934,T,KO,,250,70.975
2025-11-17,9:48:14.954687342,T,KO,F I,1,70.98
2025-11-17,9:48:14.954690328,T,KO,F I,10,70.98
2025-11-17,9:48:14.954690328,T,KO,F,100,70.98
2025-11-17,9:48:17.095239478,T,KO,I,40,71.005
2025-11-17,9:48:20.212403480,T,KO,F I,27,71.01
2025-11-17,9:48:20.212403480,T,KO,F I,30,71.01
2025-11-17,9:48:20.212412509,T,KO,F I,57,71.01
2025-11-17,9:48:20.212422329,T,KO,F I,43,71.01
2025-11-17,9:48:23.573791292,T,KO,I,10,71.01
2025-11-17,9:48:27.646829892,T,KO,F I,8,71.0
2025-11-17,9:48:27.646829892,T,KO,F I,2,71.0
2025-11-17,9:48:27.646835938,T,KO,I,8,71.0
2025-11-17,9:48:27.646914121,T,KO,,100,71.0
2025-11-17,9:48:27.646914121,T,KO,I,71,71.0
2025-11-17,9:48:27.646918012,T,KO,,100,71.005
2025-11-17,9:48:27.646918012,T,KO,,120,71.005
2025-11-17,9:48:27.646950134,T,KO,I,26,71.0
2025-11-17,9:48:28.626226446,T,KO,I,71,71.0
2025-11-17,9:48:30.906296192,T,KO,F I,50,70.99
2025-11-17,9:48:30.906296192,T,KO,F,100,70.99
2025-11-17,9:48:30.906298881,T,KO,F I,67,70.99
2025-11-17,9:48:30.928124886,T,KO,,100,70.985
2025-11-17,9:48:34.934227113,T,KO,,100,70.97
2025-11-17,9:48:34.934227113,T,KO,I,1,70.97
2025-11-17,9:48:36.296363888,T,KO,F I,50,70.97
2025-11-17,9:48:49.187796564,T,KO,I,50,70.97
2025-11-17,9:48:50.155062589,T,KO,F I,53,70.98
2025-11-17,9:48:50.155062589,T,KO,F I,10,70.98
2025-11-17,9:48:50.155065245,T,KO,F I,15,70.98
2025-11-17,9:48:50.155068292,T,KO,F I,63,70.98
2025-11-17,9:48:50.155068292,T,KO,F I,22,70.98
2025-11-17,9:48:57.199029714,T,KO,F I,3,70.98
2025-11-17,9:48:57.406466739,T,KO,I,83,70.98
2025-11-17,9:49:01.482825399,T,KO,F I,1,70.98
2025-11-17,9:49:01.482825399,T,KO,F I,25,70.98
2025-11-17,9:49:06.870959073,T,KO,I,1,70.97
2025-11-17,9:49:06.871455536,T,KO,I,90,70.97
2025-11-17,9:49:11.758746614,T,KO,I,61,70.965
2025-11-17,9:49:12.164797405,T,KO,,100,70.96
2025-11-17,9:49:12.921456446,T,KO,F I,99,70.94
2025-11-17,9:49:12.921474485,T,KO,I,1,70.94
2025-11-17,9:49:14.539775682,T,KO,F I,1,70.93
2025-11-17,9:49:17.005570426,T,KO,F I,8,70.93
2025-11-17,9:49:19.959039665,T,KO,F I,28,70.92
2025-11-17,9:49:20.354481880,T,KO,,130,70.915
2025-11-17,9:49:20.354481880,T,KO,I,10,70.92
2025-11-17,9:49:20.354485116,T,KO,I,25,70.92
2025-11-17,9:49:20.354485116,T,KO,I,50,70.92
2025-11-17,9:49:20.354487459,T,KO,,108,70.92
2025-11-17,9:49:23.846401245,T,KO,I,1,70.91
2025-11-17,9:49:23.846401245,T,KO,I,19,70.91
2025-11-17,9:49:31.774748012,T,KO,F I,3,70.91
2025-11-17,9:49:36.692399122,T,KO,F I,10,70.92
2025-11-17,9:49:36.692402116,T,KO,F I,50,70.92
2025-11-17,9:49:36.692402116,T,KO,F I,2,70.92
2025-11-17,9:49:36.724458459,T,KO,I,55,70.92
2025-11-17,9:49:36.724458459,T,KO,I,28,70.92
2025-11-17,9:49:38.799782295,T,KO,,130,70.915
2025-11-17,9:49:39.722298347,T,KO,F I,55,70.92
2025-11-17,9:49:39.722301583,T,KO,F,100,70.92
2025-11-17,9:49:41.911226641,T,KO,I,50,70.93
2025-11-17,9:49:42.500419961,T,KO,F I,1,70.94
2025-11-17,9:49:42.566018111,T,KO,F I,78,70.94
2025-11-17,9:49:42.566054185,T,KO,I,54,70.94
2025-11-17,9:49:45.146611254,T,KO,F I,23,70.93
2025-11-17,9:49:45.146611254,T,KO,F I,25,70.93
2025-11-17,9:49:47.847869929,T,KO,I,54,70.93
2025-11-17,9:49:47.847872874,T,KO,I,7,70.93
2025-11-17,9:49:47.847876143,T,KO,I,10,70.93
2025-11-17,9:49:51.454193911,T,KO,F I,90,70.94
2025-11-17,9:49:51.454209782,T,KO,,100,70.94
2025-11-17,9:49:51.454212981,T,KO,I,1,70.94
2025-11-17,9:49:51.454242033,T,KO,F,100,70.94
2025-11-17,9:49:51.454247962,T,KO,F I,9,70.94
2025-11-17,9:49:51.454263072,T,KO,,108,70.94
2025-11-17,9:49:51.454275140,T,KO,I,9,70.94
2025-11-17,9:49:51.454293106,T,KO,F I,83,70.94
2025-11-17,9:49:51.455733545,T,KO,I,54,70.94
2025-11-17,9:49:51.455733545,T,KO,I,29,70.94
2025-11-17,9:49:52.394575700,T,KO,,100,70.935
2025-11-17,9:49:54.760944421,T,KO,,130,70.935
2025-11-17,9:50:02.391891976,T,KO,F I,54,70.94
2025-11-17,9:50:02.391897947,T,KO,F I,22,70.94
2025-11-17,9:50:02.393203073,T,KO,F I,14,70.94
2025-11-17,9:50:03.401715110,T,KO,I,68,70.94
2025-11-17,9:50:03.401715110,T,KO,I,25,70.94
2025-11-17,9:50:05.350780219,T,KO,I,55,70.93
2025-11-17,9:50:05.350786144,T,KO,,104,70.93
2025-11-17,9:50:05.350786144,T,KO,,100,70.93
2025-11-17,9:50:05.381498792,T,KO,F I,50,70.93
2025-11-17,9:50:05.381501486,T,KO,F I,18,70.93
2025-11-17,9:50:05.381504642,T,KO,F I,17,70.93
2025-11-17,9:50:05.381504642,T,KO,F I,15,70.93
2025-11-17,9:50:05.381522259,T,KO,F I,10,70.93
2025-11-17,9:50:05.381522259,T,KO,F I,50,70.93
2025-11-17,9:50:10.526178220,T,KO,F I,5,70.95
2025-11-17,9:50:12.805237170,T,KO,F I,50,70.97
2025-11-17,9:50:12.805237170,T,KO,F I,16,70.97
2025-11-17,9:50:12.805730392,T,KO,I,36,70.97
2025-11-17,9:50:12.805730392,T,KO,I,20,70.97
2025-11-17,9:50:20.941177322,T,KO,F I,1,70.97
2025-11-17,9:50:20.941181284,T,KO,F I,1,70.97
2025-11-17,9:50:20.941183321,T,KO,F I,1,70.97
2025-11-17,9:50:20.941186462,T,KO,F I,1,70.97
2025-11-17,9:50:20.941267563,T,KO,F I,6,70.97
2025-11-17,9:50:20.941277044,T,KO,F I,6,70.97
2025-11-17,9:50:20.941277044,T,KO,I,6,70.97
2025-11-17,9:50:20.941288661,T,KO,I,6,70.97
2025-11-17,9:50:20.941460070,T,KO,F I,10,70.97
2025-11-17,9:50:20.941601380,T,KO,F I,1,70.97
2025-11-17,9:50:20.942052730,T,KO,I,48,70.97
2025-11-17,9:50:20.942052730,T,KO,I,25,70.97
2025-11-17,9:50:20.942058484,T,KO,,100,70.97
2025-11-17,9:50:24.241336275,T,KO,F I,26,70.96
2025-11-17,9:50:24.241354399,T,KO,F I,74,70.96
2025-11-17,9:50:24.241357384,T,KO,F I,17,70.96
2025-11-17,9:50:24.241360327,T,KO,F I,25,70.96
2025-11-17,9:50:24.241360327,T,KO,F I,16,70.96
2025-11-17,9:50:24.241378382,T,KO,I,1,70.96
2025-11-17,9:50:24.242313611,T,KO,I,46,70.96
2025-11-17,9:50:24.242313611,T,KO,I,48,70.96
2025-11-17,9:50:31.461508329,T,KO,I,33,70.96
2025-11-17,9:50:31.461523388,T,KO,F I,13,70.96
2025-11-17,9:50:31.461530127,T,KO,F I,57,70.96
2025-11-17,9:50:31.461532708,T,KO,F I,29,70.96
2025-11-17,9:50:31.461532708,T,KO,I,54,70.96
2025-11-17,9:50:31.461535983,T,KO,I,16,70.96
2025-11-17,9:50:31.461535983,T,KO,I,70,70.96
2025-11-17,9:50:31.461539082,T,KO,F I,4,70.96
2025-11-17,9:50:31.461539082,T,KO,F I,66,70.96
2025-11-17,9:50:31.461541430,T,KO,I,34,70.96
2025-11-17,9:50:33.035847996,T,KO,I,1,70.96
2025-11-17,9:50:39.944201339,T,KO,I,40,70.95
2025-11-17,9:50:39.944204415,T,KO,,130,70.95
2025-11-17,9:50:41.957310757,T,KO,I,33,70.94
2025-11-17,9:50:52.913664412,T,KO,I,50,70.94
2025-11-17,9:50:52.914371106,T,KO,I,47,70.94
2025-11-17,9:50:52.914374084,T,KO,,136,70.94
2025-11-17,9:50:52.915372815,T,KO,,100,70.935
2025-11-17,9:50:52.915372815,T,KO,I,47,70.94
2025-11-17,9:50:52.915375494,T,KO,I,48,70.94
2025-11-17,9:50:52.915390903,T,KO,I,1,70.94
2025-11-17,9:50:54.016649442,T,KO,I,1,70.945
2025-11-17,9:50:57.870306541,T,KO,F I,43,70.93
2025-11-17,9:51:00.854641340,T,KO,I,50,70.93
2025-11-17,9:51:01.028678410,T,KO,F I,4,70.94
2025-11-17,9:51:01.028680747,T,KO,F I,52,70.94
2025-11-17,9:51:01.028683811,T,KO,F I,10,70.94
2025-11-17,9:51:03.164734161,T,KO,I,7,70.95
2025-11-17,9:51:03.198842102,T,KO,I,45,70.95
2025-11-17,9:51:03.198844455,T,KO,I,14,70.95
2025-11-17,9:51:03.415624975,T,KO,F,116,70.955
2025-11-17,9:51:03.415624975,T,KO,F I,56,70.96
2025-11-17,9:51:03.415627659,T,KO,F I,25,70.96
2025-11-17,9:51:03.415627659,T,KO,F,300,70.96
2025-11-17,9:51:03.415630681,T,KO,F,100,70.96
2025-11-17,9:51:03.415630681,T,KO,F I,3,70.96
2025-11-17,9:51:03.415636735,T,KO,F I,41,70.96
2025-11-17,9:51:03.415642701,T,KO,I,1,70.96
2025-11-17,9:51:03.415646321,T,KO,I,1,70.96
2025-11-17,9:51:03.415646321,T,KO,I,4,70.96
2025-11-17,9:51:03.415648717,T,KO,I,96,70.96
2025-11-17,9:51:03.415669811,T,KO,I,14,70.96
2025-11-17,9:51:07.468485286,T,KO,I,10,70.96
2025-11-17,9:51:07.468837360,T,KO,I,15,70.96
2025-11-17,9:51:07.468840560,T,KO,I,27,70.96
2025-11-17,9:51:08.271340407,T,KO,F,100,70.96
2025-11-17,9:51:08.271343347,T,KO,F I,45,70.96
2025-11-17,9:51:15.120359385,T,KO,I,40,70.955
2025-11-17,9:51:18.537415721,T,KO,I,48,70.955
2025-11-17,9:51:22.323805698,T,KO,F I,50,70.97
2025-11-17,9:51:22.323860546,T,KO,F I,50,70.97
2025-11-17,9:51:22.323860546,T,KO,F I,6,70.97
2025-11-17,9:51:22.323883990,T,KO,F I,22,70.97
2025-11-17,9:51:22.323883990,T,KO,F I,28,70.97
2025-11-17,9:51:22.323965067,T,KO,F I,50,70.97
2025-11-17,9:51:22.332228777,T,KO,I,22,70.97
2025-11-17,9:51:22.822176677,T,KO,,130,70.975
2025-11-17,9:51:22.849084685,T,KO,F I,50,70.97
2025-11-17,9:51:23.044228449,T,KO,I,1,70.965
2025-11-17,9:51:27.328769857,T,KO,I,53,70.97
2025-11-17,9:51:28.127781771,T,KO,,100,70.965
2025-11-17,9:51:30.212130233,T,KO,F,100,70.95
2025-11-17,9:51:30.882360324,T,KO,I,78,70.945
2025-11-17,9:51:36.046322215,T,KO,F I,99,70.94
2025-11-17,9:51:36.046340255,T,KO,I,1,70.94
2025-11-17,9:51:42.665076940,T,KO,F I,3,70.935
2025-11-17,9:51:45.490498127,T,KO,F I,3,70.93
2025-11-17,9:51:45.563073392,T,KO,F I,51,70.93
2025-11-17,9:51:45.563079495,T,KO,F I,25,70.93
2025-11-17,9:51:45.563079495,T,KO,F I,10,70.93
2025-11-17,9:51:45.563094542,T,KO,,100,70.93
2025-11-17,9:51:45.563094542,T,KO,I,1,70.93
2025-11-17,9:51:46.929515371,T,KO,I,5,70.935
2025-11-17,9:51:50.247714264,T,KO,I,30,70.93
2025-11-17,9:51:50.247726365,T,KO,I,7,70.93
2025-11-17,9:51:50.247732423,T,KO,F I,14,70.93
2025-11-17,9:51:50.247735368,T,KO,F I,36,70.93
2025-11-17,9:51:50.248451607,T,KO,I,49,70.93
2025-11-17,9:51:50.248451607,T,KO,,100,70.93
2025-11-17,9:51:50.248454179,T,KO,,130,70.935
2025-11-17,9:51:50.248457764,T,KO,,100,70.935
2025-11-17,9:51:50.248457764,T,KO,I,9,70.94
2025-11-17,9:51:50.248460590,T,KO,I,23,70.94
2025-11-17,9:51:50.248463423,T,KO,I,25,70.94
2025-11-17,9:51:50.248463423,T,KO,,194,70.94
2025-11-17,9:51:50.248490143,T,KO,,106,70.94
2025-11-17,9:51:50.248490143,T,KO,I,50,70.94
2025-11-17,9:51:50.248517205,T,KO,I,49,70.94
2025-11-17,9:51:50.248520665,T,KO,I,51,70.94
2025-11-17,9:51:50.248533108,T,KO,I,49,70.94
2025-11-17,9:51:50.248535263,T,KO,I,49,70.94
2025-11-17,9:51:51.918743130,T,KO,F I,49,70.93
2025-11-17,9:51:51.918747141,T,KO,F I,7,70.93
2025-11-17,9:51:51.918750248,T,KO,F,100,70.93
2025-11-17,9:51:51.918750248,T,KO,F,100,70.93
2025-11-17,9:51:51.918752665,T,KO,F I,44,70.93
2025-11-17,9:51:51.918758237,T,KO,F I,56,70.93
2025-11-17,9:52:02.982272889,T,KO,I,19,70.95
2025-11-17,9:52:03.050634765,T,KO,I,1,70.945
2025-11-17,9:52:03.161701252,T,KO,,100,70.94
2025-11-17,9:52:08.892898151,T,KO,I,8,70.93
2025-11-17,9:52:09.563047245,T,KO,F I,1,70.92
2025-11-17,9:52:09.563047245,T,KO,F I,4,70.92
2025-11-17,9:52:09.563068161,T,KO,F I,6,70.92
2025-11-17,9:52:09.574312033,T,KO,F I,52,70.92
2025-11-17,9:52:10.441291867,T,KO,F I,52,70.92
2025-11-17,9:52:14.519680448,T,KO,F I,9,70.91
2025-11-17,9:52:16.418095673,T,KO,,130,70.91
2025-11-17,9:52:16.418095673,T,KO,,100,70.91
2025-11-17,9:52:17.104414253,T,KO,I,11,70.915
2025-11-17,9:52:19.795671557,T,KO,I,25,70.91
2025-11-17,9:52:24.690022940,T,KO,I,4,70.91
2025-11-17,9:52:26.587490949,T,KO,,100,70.905
2025-11-17,9:52:30.103645687,T,KO,F I,50,70.9
2025-11-17,9:52:30.103648716,T,KO,F,200,70.9
2025-11-17,9:52:30.103651199,T,KO,F I,9,70.9
2025-11-17,9:52:30.103651199,T,KO,F I,25,70.9
2025-11-17,9:52:30.103657289,T,KO,F I,3,70.9
2025-11-17,9:52:30.103657289,T,KO,F,100,70.9
2025-11-17,9:52:31.111907662,T,KO,,172,70.895
2025-11-17,9:52:34.434514926,T,KO,I,21,70.91
2025-11-17,9:52:36.495010285,T,KO,,100,70.925
2025-11-17,9:52:38.938332569,T,KO,,130,70.935
2025-11-17,9:52:39.930479551,T,KO,F I,5,70.94
2025-11-17,9:52:40.631557349,T,KO,I,10,70.95
2025-11-17,9:52:42.006816619,T,KO,,100,70.955
2025-11-17,9:52:43.057867881,T,KO,I,2,70.955
2025-11-17,9:52:43.483288361,T,KO,F,100,70.95
2025-11-17,9:52:43.483291144,T,KO,F I,50,70.95
2025-11-17,9:52:47.013675276,T,KO,I,32,70.96
2025-11-17,9:52:47.790569658,T,KO,I,3,70.97
2025-11-17,9:52:56.071181282,T,KO,F I,90,70.96
2025-11-17,9:52:56.087263799,T,KO,F I,25,70.96
2025-11-17,9:52:56.087263799,T,KO,F I,69,70.96
2025-11-17,9:52:56.087281681,T,KO,I,1,70.96
2025-11-17,9:52:56.119067358,T,KO,I,53,70.96
2025-11-17,9:53:06.202734353,T,KO,F,100,70.97
2025-11-17,9:53:06.203444045,T,KO,I,60,70.97
2025-11-17,9:53:11.025133764,T,KO,I,10,70.995
2025-11-17,9:53:11.983071294,T,KO,,100,70.995
2025-11-17,9:53:17.976369457,T,KO,F I,10,71.0
2025-11-17,9:53:17.976372763,T,KO,F,100,71.0
2025-11-17,9:53:17.976372763,T,KO,F I,49,71.0
2025-11-17,9:53:17.976375243,T,KO,F I,10,71.0
2025-11-17,9:53:17.976631260,T,KO,,300,71.01
2025-11-17,9:53:17.976631260,T,KO,,110,71.01
2025-11-17,9:53:17.976636960,T,KO,I,50,71.01
2025-11-17,9:53:17.976636960,T,KO,I,25,71.01
2025-11-17,9:53:17.981532516,T,KO,I,11,71.015
2025-11-17,9:53:19.754041317,T,KO,F I,32,71.02
2025-11-17,9:53:19.754041317,T,KO,F I,25,71.02
2025-11-17,9:53:22.582490666,T,KO,F I,1,71.02
2025-11-17,9:53:22.582493643,T,KO,F I,50,71.02
2025-11-17,9:53:22.842134958,T,KO,I,25,71.01
2025-11-17,9:53:22.842134958,T,KO,I,50,71.01
2025-11-17,9:53:27.658150187,T,KO,F I,77,71.02
2025-11-17,9:53:37.008851429,T,KO,F I,48,71.04
2025-11-17,9:53:37.168357327,T,KO,F I,42,71.05
2025-11-17,9:53:37.175938423,T,KO,I,64,71.05
2025-11-17,9:53:37.694971476,T,KO,I,13,71.05
2025-11-17,9:53:37.694977517,T,KO,F I,51,71.05
2025-11-17,9:53:38.297083698,T,KO,I,51,71.06
2025-11-17,9:53:38.297098658,T,KO,F I,49,71.06
2025-11-17,9:53:38.297778290,T,KO,I,62,71.06
2025-11-17,9:53:38.298262381,T,KO,F I,2,71.06
2025-11-17,9:53:38.298271343,T,KO,F,100,71.06
2025-11-17,9:53:38.298759128,T,KO,F,100,71.06
2025-11-17,9:53:38.298761679,T,KO,F I,64,71.06
2025-11-17,9:53:38.298764712,T,KO,F,100,71.06
2025-11-17,9:53:38.298767527,T,KO,F I,36,71.06
2025-11-17,9:53:38.298779808,T,KO,I,1,71.06
2025-11-17,9:53:38.298782903,T,KO,I,25,71.06
2025-11-17,9:53:38.298786239,T,KO,I,2,71.06
2025-11-17,9:53:38.298788589,T,KO,I,73,71.06
2025-11-17,9:53:39.166995419,T,KO,I,25,71.07
2025-11-17,9:53:39.166998458,T,KO,I,15,71.07
2025-11-17,9:53:39.167362293,T,KO,I,85,71.07
2025-11-17,9:53:39.187465120,T,KO,I,45,71.07
2025-11-17,9:53:39.187486172,T,KO,I,19,71.07
2025-11-17,9:53:39.187489281,T,KO,I,64,71.07
2025-11-17,9:53:39.187492175,T,KO,I,50,71.07
2025-11-17,9:53:39.187492175,T,KO,I,73,71.07
2025-11-17,9:53:39.187880246,T,KO,F I,50,71.07
2025-11-17,9:53:41.269419825,T,KO,,100,71.05
2025-11-17,9:53:41.269422721,T,KO,I,25,71.05
2025-11-17,9:53:45.532992102,T,KO,F I,64,71.05
2025-11-17,9:53:52.540281716,T,KO,,100,71.05
2025-11-17,9:53:52.540281716,T,KO,F,100,71.05
2025-11-17,9:53:52.540284904,T,KO,F,100,71.05
2025-11-17,9:53:52.540284904,T,KO,,100,71.05
2025-11-17,9:53:52.540287206,T,KO,F,100,71.05
2025-11-17,9:53:52.540290162,T,KO,F,100,71.05
2025-11-17,9:53:52.540290162,T,KO,F I,14,71.05
2025-11-17,9:53:52.818904199,T,KO,I,25,71.035
2025-11-17,9:53:52.818904199,T,KO,I,25,71.035
2025-11-17,9:53:52.818991042,T,KO,I,25,71.035
2025-11-17,9:53:59.313498722,T,KO,F I,10,71.015
2025-11-17,9:53:59.313522762,T,KO,,120,71.015
2025-11-17,9:54:04.023652865,T,KO,F,100,71.01
2025-11-17,9:54:04.023652865,T,KO,F I,1,71.01
2025-11-17,9:54:06.842867390,T,KO,,130,71.005
2025-11-17,9:54:10.594503713,T,KO,,130,71.005
2025-11-17,9:54:10.596076179,T,KO,F I,36,71.01
2025-11-17,9:54:10.610245964,T,KO,,100,71.015
2025-11-17,9:54:10.632144038,T,KO,,100,71.015
2025-11-17,9:54:11.766520810,T,KO,,200,71.015
2025-11-17,9:54:11.767095110,T,KO,I,60,71.015
2025-11-17,9:54:13.650709300,T,KO,F I,10,71.02
2025-11-17,9:54:14.416029001,T,KO,F I,5,71.01
2025-11-17,9:54:15.562509546,T,KO,I,1,71.005
2025-11-17,9:54:22.566000699,T,KO,F,100,71.0
2025-11-17,9:54:28.075076479,T,KO,I,17,71.0
2025-11-17,9:54:34.324464496,T,KO,F I,1,71.0
2025-11-17,9:54:34.324467612,T,KO,F I,30,71.0
2025-11-17,9:54:34.324467612,T,KO,F I,25,71.0
2025-11-17,9:54:37.961467713,T,KO,I,1,71.0
2025-11-17,9:54:39.616375130,T,KO,I,8,70.99
2025-11-17,9:54:41.141424320,T,KO,I,63,70.99
2025-11-17,9:54:41.141439375,T,KO,F I,37,70.99
2025-11-17,9:54:41.278160338,T,KO,F I,13,71.0
2025-11-17,9:54:41.278160338,T,KO,F I,25,71.0
2025-11-17,9:54:41.278166014,T,KO,F I,10,71.0
2025-11-17,9:54:45.242237153,T,KO,I,25,71.0
2025-11-17,9:54:45.494953008,T,KO,I,25,71.0
2025-11-17,9:54:53.211649677,T,KO,I,18,71.0
2025-11-17,9:54:56.332283997,T,KO,I,1,71.0
2025-11-17,9:55:02.522776993,T,KO,,200,70.99
2025-11-17,9:55:02.522779803,T,KO,,100,70.99
2025-11-17,9:55:02.522779803,T,KO,I,39,70.99
2025-11-17,9:55:02.522795547,T,KO,I,20,70.99
2025-11-17,9:55:02.522798522,T,KO,I,48,70.99
2025-11-17,9:55:02.522801152,T,KO,I,1,70.99
2025-11-17,9:55:02.522806837,T,KO,F I,20,70.99
2025-11-17,9:55:02.522806837,T,KO,F I,20,70.99
2025-11-17,9:55:02.522818780,T,KO,F I,11,70.99
2025-11-17,9:55:02.522845865,T,KO,F I,28,70.99
2025-11-17,9:55:02.522851918,T,KO,F I,20,70.99
2025-11-17,9:55:02.522851918,T,KO,F I,20,70.99
2025-11-17,9:55:02.522866889,T,KO,F I,20,70.99
2025-11-17,9:55:02.522866889,T,KO,F I,20,70.99
2025-11-17,9:55:02.523402257,T,KO,I,55,70.99
2025-11-17,9:55:02.523408211,T,KO,F I,54,70.99
2025-11-17,9:55:03.543230134,T,KO,F I,25,70.99
2025-11-17,9:55:03.570935670,T,KO,I,48,70.99
2025-11-17,9:55:03.881827724,T,KO,F I,5,70.98
2025-11-17,9:55:03.881827724,T,KO,F I,38,70.98
2025-11-17,9:55:03.884952259,T,KO,F I,49,70.98
2025-11-17,9:55:03.884952259,T,KO,F,100,70.98
2025-11-17,9:55:03.884954973,T,KO,F,100,70.98
2025-11-17,9:55:03.884957988,T,KO,F I,48,70.98
2025-11-17,9:55:03.919107520,T,KO,I,49,70.99
2025-11-17,9:55:03.919110351,T,KO,I,25,70.99
2025-11-17,9:55:04.321414507,T,KO,I,50,70.985
2025-11-17,9:55:05.013070775,T,KO,F,100,70.99
2025-11-17,9:55:06.670023981,T,KO,I,25,70.98
2025-11-17,9:55:06.670023981,T,KO,,100,70.98
2025-11-17,9:55:11.130221840,T,KO,,100,70.975
2025-11-17,9:55:11.133244039,T,KO,,100,70.975
2025-11-17,9:55:12.874562447,T,KO,,300,70.98
2025-11-17,9:55:12.874565351,T,KO,I,25,70.98
2025-11-17,9:55:12.875456156,T,KO,,100,70.98
2025-11-17,9:55:12.875456156,T,KO,,100,70.98
2025-11-17,9:55:12.875459730,T,KO,I,48,70.98
2025-11-17,9:55:12.875459730,T,KO,I,25,70.98
2025-11-17,9:55:12.875464442,T,KO,,100,70.98
2025-11-17,9:55:21.949131336,T,KO,F,100,70.99
2025-11-17,9:55:21.949131336,T,KO,F I,50,70.99
2025-11-17,9:55:21.949133980,T,KO,F I,11,70.99
2025-11-17,9:55:21.949133980,T,KO,F I,10,70.99
2025-11-17,9:55:22.368663221,T,KO,F I,25,71.01
2025-11-17,9:55:22.370088521,T,KO,I,48,71.02
2025-11-17,9:55:22.439271390,T,KO,,130,71.025
2025-11-17,9:55:22.439271390,T,KO,I,3,71.02
2025-11-17,9:55:27.406510633,T,KO,,100,71.035
2025-11-17,9:55:27.410059147,T,KO,,100,71.035
2025-11-17,9:55:28.279742367,T,KO,,100,71.035
2025-11-17,9:55:30.265549194,T,KO,I,58,71.03
2025-11-17,9:55:30.265549194,T,KO,,100,71.03
2025-11-17,9:55:30.265552022,T,KO,I,1,71.03
2025-11-17,9:55:30.267086089,T,KO,F I,47,71.03
2025-11-17,9:55:30.267086089,T,KO,F,100,71.03
2025-11-17,9:55:30.306801252,T,KO,,100,71.04
2025-11-17,9:55:30.306804248,T,KO,,100,71.04
2025-11-17,9:55:30.913682571,T,KO,F I,60,71.05
2025-11-17,9:55:33.956127655,T,KO,,100,71.045
2025-11-17,9:55:35.287085607,T,KO,F,100,71.04
2025-11-17,9:55:35.287089046,T,KO,F I,60,71.04
2025-11-17,9:55:35.287091644,T,KO,F I,1,71.04
2025-11-17,9:55:35.287095154,T,KO,F,100,71.04
2025-11-17,9:55:35.287095154,T,KO,F I,1,71.04
2025-11-17,9:55:35.287097662,T,KO,F I,6,71.04
2025-11-17,9:55:35.287100691,T,KO,F I,25,71.04
2025-11-17,9:55:35.287100691,T,KO,F I,87,71.04
2025-11-17,9:55:35.287104504,T,KO,I,1,71.04
2025-11-17,9:55:35.287113136,T,KO,F I,2,71.04
2025-11-17,9:55:35.287172907,T,KO,F I,11,71.04
2025-11-17,9:55:35.310899395,T,KO,I,31,71.035
2025-11-17,9:55:37.665904153,T,KO,,132,71.03
2025-11-17,9:55:37.665904153,T,KO,I,25,71.03
2025-11-17,9:55:37.665922660,T,KO,I,1,71.03
2025-11-17,9:55:37.665928260,T,KO,F I,50,71.03
2025-11-17,9:55:39.564810210,T,KO,F,100,71.02
2025-11-17,9:55:39.564812969,T,KO,F,100,71.02
2025-11-17,9:55:39.564812969,T,KO,F,179,71.02
2025-11-17,9:55:39.564815844,T,KO,F I,21,71.02
2025-11-17,9:55:39.565011341,T,KO,F I,77,71.01
2025-11-17,9:55:39.565014304,T,KO,F,300,71.01
2025-11-17,9:55:39.565014304,T,KO,F I,50,71.01
2025-11-17,9:55:43.187543940,T,KO,,100,71.005
2025-11-17,9:55:43.498586815,T,KO,,200,71.005
2025-11-17,9:55:49.638066087,T,KO,,140,71.005
2025-11-17,9:55:50.492430846,T,KO,I,3,71.01
2025-11-17,9:55:50.492433960,T,KO,I,7,71.01
2025-11-17,9:55:50.492451900,T,KO,F I,43,71.01
2025-11-17,9:55:57.297849270,T,KO,I,10,71.0
2025-11-17,9:55:59.170412038,T,KO,F I,25,71.01
2025-11-17,9:55:59.170415017,T,KO,F I,54,71.01
2025-11-17,9:56:00.190772229,T,KO,F,100,71.01
2025-11-17,9:56:00.190787256,T,KO,I,2,71.01
2025-11-17,9:56:03.005442930,T,KO,I,53,71.005
2025-11-17,9:56:04.600808551,T,KO,F I,90,71.02
2025-11-17,9:56:05.451663969,T,KO,F I,6,71.01
2025-11-17,9:56:06.926598906,T,KO,F I,5,71.02
2025-11-17,9:56:06.927341663,T,KO,F I,6,71.02
2025-11-17,9:56:10.932562883,T,KO,,100,71.025
2025-11-17,9:56:12.815867368,T,KO,F I,5,71.02
2025-11-17,9:56:12.815867368,T,KO,F I,52,71.02
2025-11-17,9:56:12.817211511,T,KO,I,51,71.02
2025-11-17,9:56:12.817211511,T,KO,I,25,71.02
2025-11-17,9:56:18.497106232,T,KO,I,6,71.01
2025-11-17,9:56:18.497109406,T,KO,I,51,71.01
2025-11-17,9:56:18.497109406,T,KO,I,50,71.01
2025-11-17,9:56:18.497112410,T,KO,I,75,71.01
2025-11-17,9:56:18.497298716,T,KO,,100,71.01
2025-11-17,9:56:19.866051648,T,KO,F I,5,71.02
2025-11-17,9:56:19.867367915,T,KO,F I,50,71.02
2025-11-17,9:56:19.867370823,T,KO,F,100,71.02
2025-11-17,9:56:19.867373928,T,KO,F,100,71.02
2025-11-17,9:56:28.886162940,T,KO,F I,37,71.02
2025-11-17,9:56:28.886181248,T,KO,I,13,71.02
2025-11-17,9:56:28.886183932,T,KO,I,74,71.02
2025-11-17,9:56:28.886186695,T,KO,I,50,71.02
2025-11-17,9:56:28.888427005,T,KO,,140,71.035
2025-11-17,9:56:28.889482589,T,KO,,100,71.04
2025-11-17,9:56:28.955303297,T,KO,F I,25,71.04
2025-11-17,9:56:34.292550055,T,KO,,100,71.025
2025-11-17,9:56:34.804856189,T,KO,F I,25,71.03
2025-11-17,9:56:34.804856189,T,KO,F I,64,71.03
2025-11-17,9:56:38.716942538,T,KO,F I,84,71.04
2025-11-17,9:56:38.716945864,T,KO,F I,5,71.04
2025-11-17,9:56:38.716948380,T,KO,F I,2,71.04
2025-11-17,9:56:38.716948380,T,KO,F I,10,71.04
2025-11-17,9:56:40.274940953,T,KO,F I,4,71.05
2025-11-17,9:56:41.891080096,T,KO,I,25,71.06
2025-11-17,9:56:41.891083186,T,KO,I,44,71.06
2025-11-17,9:56:48.740733799,T,KO,,100,71.035
2025-11-17,9:56:50.035374224,T,KO,F,163,71.03
2025-11-17,9:56:52.284791722,T,KO,F,100,71.03
2025-11-17,9:56:52.284791722,T,KO,F I,5,71.03
2025-11-17,9:56:52.285793001,T,KO,,100,71.035
2025-11-17,9:56:52.285796068,T,KO,,100,71.03
2025-11-17,9:56:52.285796068,T,KO,I,29,71.03
2025-11-17,9:56:52.285814704,T,KO,I,1,71.03
2025-11-17,9:56:52.285829243,T,KO,I,24,71.03
2025-11-17,9:56:52.285832116,T,KO,I,50,71.03
2025-11-17,9:56:52.286124257,T,KO,I,54,71.03
2025-11-17,9:56:52.286126876,T,KO,I,86,71.03
2025-11-17,9:56:54.651238752,T,KO,F,100,71.03
2025-11-17,9:56:54.651238752,T,KO,F I,25,71.03
2025-11-17,9:56:57.148578698,T,KO,F I,18,71.03
2025-11-17,9:56:57.148578698,T,KO,F I,25,71.03
2025-11-17,9:56:57.150139381,T,KO,F,100,71.03
2025-11-17,9:56:57.150139381,T,KO,F I,36,71.03
2025-11-17,9:56:57.150157404,T,KO,I,1,71.03
2025-11-17,9:56:57.150160425,T,KO,I,19,71.03
2025-11-17,9:56:57.152258127,T,KO,,100,71.04
2025-11-17,9:56:57.152259525,T,KO,I,79,71.04
2025-11-17,9:56:57.152262436,T,KO,I,10,71.04
2025-11-17,9:56:57.152265452,T,KO,I,25,71.04
2025-11-17,9:56:59.206145150,T,KO,I,25,71.06
2025-11-17,9:56:59.737549723,T,KO,I,37,71.06
2025-11-17,9:57:03.307923310,T,KO,I,19,71.06
2025-11-17,9:57:03.307926265,T,KO,,100,71.06
2025-11-17,9:57:09.724046465,T,KO,I,7,71.04
2025-11-17,9:57:09.724082521,T,KO,I,43,71.04
2025-11-17,9:57:12.371648225,T,KO,F I,10,71.04
2025-11-17,9:57:12.371648225,T,KO,F I,25,71.04
2025-11-17,9:57:12.371651209,T,KO,F I,50,71.04
2025-11-17,9:57:12.371654201,T,KO,F,174,71.04
2025-11-17,9:57:12.371669242,T,KO,I,26,71.04
2025-11-17,9:57:12.373109681,T,KO,F I,54,71.04
2025-11-17,9:57:16.487951073,T,KO,I,54,71.04
2025-11-17,9:57:16.487953951,T,KO,I,1,71.04
2025-11-17,9:57:16.489069586,T,KO,I,53,71.04
2025-11-17,9:57:19.617814210,T,KO,F I,53,71.04
2025-11-17,9:57:19.807809796,T,KO,,270,71.05
2025-11-17,9:57:20.039770189,T,KO,I,35,71.05
2025-11-17,9:57:20.039791749,T,KO,F I,65,71.05
2025-11-17,9:57:23.412606202,T,KO,F I,13,71.05
2025-11-17,9:57:23.412609934,T,KO,F I,4,71.05
2025-11-17,9:57:28.769589049,T,KO,F,176,71.06
2025-11-17,9:57:32.821114534,T,KO,F I,87,71.07
2025-11-17,9:57:33.525518254,T,KO,F I,7,71.08
2025-11-17,9:57:40.140107153,T,KO,F I,1,71.1
2025-11-17,9:57:40.140111465,T,KO,F I,21,71.1
2025-11-17,9:57:47.012751649,T,KO,I,1,71.11
2025-11-17,9:57:47.012805866,T,KO,I,52,71.11
2025-11-17,9:57:47.012808817,T,KO,,100,71.11
2025-11-17,9:57:47.012812274,T,KO,,100,71.11
2025-11-17,9:57:47.012814820,T,KO,I,25,71.11
2025-11-17,9:57:47.012817732,T,KO,,140,71.11
2025-11-17,9:57:47.012817732,T,KO,I,89,71.11
2025-11-17,9:57:47.012826865,T,KO,I,1,71.11
2025-11-17,9:57:47.012835812,T,KO,I,51,71.11
2025-11-17,9:57:47.012838951,T,KO,,100,71.11
2025-11-17,9:57:47.012841970,T,KO,,100,71.11
2025-11-17,9:57:47.012845295,T,KO,,100,71.12
2025-11-17,9:57:47.012845295,T,KO,I,25,71.12
2025-11-17,9:57:47.012847871,T,KO,I,99,71.12
2025-11-17,9:57:47.012860255,T,KO,I,1,71.11
2025-11-17,9:57:47.012860255,T,KO,I,74,71.11
2025-11-17,9:57:47.012875612,T,KO,F I,25,71.11
2025-11-17,9:57:47.497620472,T,KO,I,1,71.12
2025-11-17,9:57:47.498008408,T,KO,,300,71.13
2025-11-17,9:57:47.498011340,T,KO,I,25,71.13
2025-11-17,9:57:47.498011340,T,KO,I,50,71.13
2025-11-17,9:57:50.325363217,T,KO,F I,1,71.15
2025-11-17,9:57:50.325363217,T,KO,F I,10,71.15
2025-11-17,9:57:50.325366295,T,KO,F I,25,71.15
2025-11-17,9:57:50.657275691,T,KO,,140,71.155
2025-11-17,9:57:50.657705728,T,KO,F I,64,71.15
2025-11-17,9:57:50.657705728,T,KO,F,100,71.15
2025-11-17,9:57:50.657708750,T,KO,F I,2,71.15
2025-11-17,9:57:58.613949936,T,KO,F I,33,71.16
2025-11-17,9:57:58.613949936,T,KO,F I,25,71.16
2025-11-17,9:57:58.613953031,T,KO,F,100,71.16
2025-11-17,9:57:58.671834870,T,KO,I,57,71.16
2025-11-17,9:57:58.671834870,T,KO,,180,71.16
2025-11-17,9:57:58.704198545,T,KO,F I,57,71.16
2025-11-17,9:57:58.704200926,T,KO,F I,57,71.16
2025-11-17,9:57:58.704203886,T,KO,F I,25,71.16
2025-11-17,9:57:58.704203886,T,KO,F,100,71.16
2025-11-17,9:57:59.964108602,T,KO,F I,57,71.16
2025-11-17,9:57:59.964108602,T,KO,F I,19,71.16
2025-11-17,9:57:59.964111645,T,KO,F I,14,71.16
2025-11-17,9:57:59.964123671,T,KO,I,1,71.16
2025-11-17,9:57:59.964123671,T,KO,I,10,71.16
2025-11-17,9:57:59.964126750,T,KO,I,50,71.16
2025-11-17,9:57:59.972324179,T,KO,I,36,71.16
2025-11-17,9:58:02.318897041,T,KO,F I,1,71.16
2025-11-17,9:58:02.319155583,T,KO,F I,2,71.16
2025-11-17,9:58:02.319155583,T,KO,F I,98,71.16
2025-11-17,9:58:02.319173617,T,KO,I,1,71.16
2025-11-17,9:58:02.319188751,T,KO,I,2,71.16
2025-11-17,9:58:02.319195101,T,KO,I,4,71.16
2025-11-17,9:58:04.566714519,T,KO,I,40,71.16
2025-11-17,9:58:06.052709864,T,KO,F,140,71.16
2025-11-17,9:58:07.480327484,T,KO,I,47,71.15
2025-11-17,9:58:07.642217402,T,KO,I,25,71.16
2025-11-17,9:58:07.642221121,T,KO,I,36,71.16
2025-11-17,9:58:11.585590281,T,KO,F I,61,71.16
2025-11-17,9:58:11.585599349,T,KO,F I,30,71.16
2025-11-17,9:58:11.585611382,T,KO,F I,43,71.16
2025-11-17,9:58:11.585617697,T,KO,F I,66,71.16
2025-11-17,9:58:11.585620740,T,KO,F I,73,71.16
2025-11-17,9:58:11.585623350,T,KO,F I,27,71.16
2025-11-17,9:58:11.586730015,T,KO,I,24,71.16
2025-11-17,9:58:11.687220596,T,KO,F I,76,71.16
2025-11-17,9:58:11.687220596,T,KO,F I,53,71.16
2025-11-17,9:58:11.687752591,T,KO,I,7,71.16
2025-11-17,9:58:12.717035099,T,KO,F I,78,71.165
2025-11-17,9:58:12.717814148,T,KO,I,10,71.17
2025-11-17,9:58:12.717820132,T,KO,,100,71.17
2025-11-17,9:58:12.717820132,T,KO,I,1,71.17
2025-11-17,9:58:12.717822918,T,KO,I,25,71.17
2025-11-17,9:58:12.717834953,T,KO,F I,29,71.17
2025-11-17,9:58:12.717838475,T,KO,F I,22,71.17
2025-11-17,9:58:12.717841438,T,KO,I,1,71.17
2025-11-17,9:58:12.717844553,T,KO,I,40,71.17
2025-11-17,9:58:12.717844553,T,KO,I,29,71.17
2025-11-17,9:58:12.717847109,T,KO,F I,8,71.17
2025-11-17,9:58:12.717847109,T,KO,F I,50,71.17
2025-11-17,9:58:12.721179971,T,KO,I,50,71.18
2025-11-17,9:58:12.721184925,T,KO,,100,71.18
2025-11-17,9:58:12.721690887,T,KO,I,53,71.18
2025-11-17,9:58:12.721693817,T,KO,I,53,71.18
2025-11-17,9:58:12.721693817,T,KO,,100,71.18
2025-11-17,9:58:12.721696240,T,KO,I,25,71.18
2025-11-17,9:58:12.721714259,T,KO,I,1,71.18
2025-11-17,9:58:12.721735630,T,KO,,100,71.18
2025-11-17,9:58:12.721735630,T,KO,I,50,71.18
2025-11-17,9:58:12.721741302,T,KO,I,53,71.17
2025-11-17,9:58:12.721741302,T,KO,I,50,71.17
2025-11-17,9:58:12.721744734,T,KO,I,25,71.17
2025-11-17,9:58:12.721744734,T,KO,,300,71.17
2025-11-17,9:58:12.721747271,T,KO,I,50,71.17
2025-11-17,9:58:12.721747271,T,KO,,100,71.17
2025-11-17,9:58:12.721807942,T,KO,,300,71.17
2025-11-17,9:58:12.721876618,T,KO,,100,71.17
2025-11-17,9:58:12.722189297,T,KO,F I,53,71.17
2025-11-17,9:58:12.722189297,T,KO,F I,47,71.17
2025-11-17,9:58:12.731225890,T,KO,,100,71.175
2025-11-17,9:58:14.265477028,T,KO,F,100,71.17
2025-11-17,9:58:14.265480087,T,KO,F,100,71.17
2025-11-17,9:58:14.265480087,T,KO,F I,75,71.17
2025-11-17,9:58:14.265483063,T,KO,F I,47,71.17
2025-11-17,9:58:14.265486061,T,KO,F I,25,71.17
2025-11-17,9:58:14.367031868,T,KO,I,25,71.16
2025-11-17,9:58:14.367031868,T,KO,I,53,71.16
2025-11-17,9:58:14.980011897,T,KO,I,57,71.16
2025-11-17,9:58:15.488393614,T,KO,I,43,71.16
2025-11-17,9:58:17.732954433,T,KO,F I,53,71.15
2025-11-17,9:58:17.732954433,T,KO,F I,5,71.15
2025-11-17,9:58:17.732958160,T,KO,F I,53,71.15
2025-11-17,9:58:17.732960604,T,KO,F I,42,71.15
2025-11-17,9:58:19.342261297,T,KO,,140,71.145
2025-11-17,9:58:21.592142252,T,KO,F I,25,71.15
2025-11-17,9:58:21.592144750,T,KO,F I,72,71.15
2025-11-17,9:58:21.592147860,T,KO,F I,3,71.15
2025-11-17,9:58:21.592159833,T,KO,,100,71.15
2025-11-17,9:58:21.592162830,T,KO,I,1,71.15
2025-11-17,9:58:21.592514670,T,KO,F I,53,71.15
2025-11-17,9:58:21.592539762,T,KO,F,100,71.15
2025-11-17,9:58:31.474743944,T,KO,I,53,71.14
2025-11-17,9:58:31.474747091,T,KO,,104,71.14
2025-11-17,9:58:31.474750222,T,KO,I,77,71.14
2025-11-17,9:58:31.474750222,T,KO,I,10,71.14
2025-11-17,9:58:33.285449473,T,KO,F I,95,71.15
2025-11-17,9:58:33.285464433,T,KO,F I,21,71.15
2025-11-17,9:58:33.285470500,T,KO,I,79,71.15
2025-11-17,9:58:33.391436893,T,KO,F I,5,71.16
2025-11-17,9:58:34.404510895,T,KO,F I,25,71.16
2025-11-17,9:58:34.404510895,T,KO,F I,8,71.16
2025-11-17,9:58:34.404516785,T,KO,F,178,71.16
2025-11-17,9:58:34.404519699,T,KO,F I,3,71.16
2025-11-17,9:58:41.071310898,T,KO,I,22,71.16
2025-11-17,9:58:41.071335058,T,KO,F,100,71.16
2025-11-17,9:58:41.071365104,T,KO,F I,3,71.16
2025-11-17,9:58:41.071365104,T,KO,I,1,71.16
2025-11-17,9:58:41.438320093,T,KO,F,100,71.17
2025-11-17,9:58:41.438326642,T,KO,F I,29,71.17
2025-11-17,9:58:41.438329114,T,KO,F I,50,71.17
2025-11-17,9:58:43.177004013,T,KO,F I,10,71.16
2025-11-17,9:58:49.519875780,T,KO,F,100,71.18
2025-11-17,9:58:49.519879096,T,KO,F I,22,71.18
2025-11-17,9:58:49.519879096,T,KO,F I,6,71.18
2025-11-17,9:58:50.145539924,T,KO,,160,71.19
2025-11-17,9:58:50.148932040,T,KO,I,48,71.2
2025-11-17,9:58:50.148932040,T,KO,I,25,71.2
2025-11-17,9:58:50.151731927,T,KO,I,64,71.2
2025-11-17,9:58:50.151731927,T,KO,I,76,71.2
2025-11-17,9:58:50.151761805,T,KO,F I,24,71.2
2025-11-17,9:58:51.596534797,T,KO,,100,71.195
2025-11-17,9:58:51.596534797,T,KO,I,64,71.2
2025-11-17,9:58:51.596541438,T,KO,,100,71.2
2025-11-17,9:58:51.596541438,T,KO,I,25,71.2
2025-11-17,9:58:51.596543739,T,KO,I,59,71.2
2025-11-17,9:58:51.596546773,T,KO,I,3,71.2
2025-11-17,9:58:51.596550042,T,KO,,300,71.2
2025-11-17,9:58:51.596550042,T,KO,I,21,71.2
2025-11-17,9:58:51.596552761,T,KO,I,1,71.2
2025-11-17,9:58:51.596594937,T,KO,F I,78,71.2
2025-11-17,9:58:51.598234724,T,KO,F I,64,71.2
2025-11-17,9:58:51.598234724,T,KO,F I,25,71.2
2025-11-17,9:58:51.598236774,T,KO,F I,39,71.2
2025-11-17,9:58:59.208756597,T,KO,I,64,71.18
2025-11-17,9:58:59.209613703,T,KO,I,65,71.18
2025-11-17,9:59:00.747295917,T,KO,F I,65,71.18
2025-11-17,9:59:07.228058175,T,KO,,100,71.18
2025-11-17,9:59:07.228076230,T,KO,I,1,71.18
2025-11-17,9:59:07.228085199,T,KO,F I,85,71.18
2025-11-17,9:59:07.228085199,T,KO,F I,2,71.18
2025-11-17,9:59:07.228088515,T,KO,F I,1,71.18
2025-11-17,9:59:07.228091306,T,KO,F,100,71.18
2025-11-17,9:59:07.228091306,T,KO,F I,54,71.18
2025-11-17,9:59:07.228106752,T,KO,,246,71.18
2025-11-17,9:59:07.228106752,T,KO,I,91,71.18
2025-11-17,9:59:07.228109268,T,KO,I,15,71.18
2025-11-17,9:59:07.228109268,T,KO,I,90,71.18
2025-11-17,9:59:15.057018707,T,KO,,100,71.18
2025-11-17,9:59:15.057021278,T,KO,,100,71.18
2025-11-17,9:59:15.060419805,T,KO,,100,71.17
2025-11-17,9:59:15.060419805,T,KO,I,1,71.17
2025-11-17,9:59:15.060458565,T,KO,I,67,71.17
2025-11-17,9:59:17.801775537,T,KO,F I,23,71.18
2025-11-17,9:59:17.801793896,T,KO,F I,9,71.18
2025-11-17,9:59:17.801796526,T,KO,F I,76,71.18
2025-11-17,9:59:20.127646866,T,KO,,140,71.185
2025-11-17,9:59:20.870809770,T,KO,F I,92,71.19
2025-11-17,9:59:20.870812810,T,KO,F I,2,71.19
2025-11-17,9:59:20.870812810,T,KO,F I,10,71.19
2025-11-17,9:59:20.896524021,T,KO,I,1,71.195
2025-11-17,9:59:20.911019055,T,KO,F,100,71.19
2025-11-17,9:59:20.911021560,T,KO,F I,65,71.19
2025-11-17,9:59:20.911027868,T,KO,F I,67,71.19
2025-11-17,9:59:20.911027868,T,KO,F I,25,71.19
2025-11-17,9:59:20.911030819,T,KO,F,212,71.19
2025-11-17,9:59:20.911042667,T,KO,I,1,71.19
2025-11-17,9:59:20.911049196,T,KO,I,87,71.19
2025-11-17,9:59:20.911049196,T,KO,I,1,71.19
2025-11-17,9:59:20.911271938,T,KO,I,65,71.19
