DATE,TIME_M,EX,SYM_ROOT,TR_SCOND,SIZE,PRICE
2025-10-21,9:30:00.314842493,T,KO,FTI,43,70.52
2025-10-21,9:30:00.685349035,T,KO,TI,2,70.56
2025-10-21,9:30:00.696725155,T,KO,FTI,7,70.57
2025-10-21,9:30:00.697128082,T,KO,FTI,6,70.57
2025-10-21,9:30:00.706853177,T,KO,FTI,7,70.57
2025-10-21,9:30:00.905476254,T,KO,I,10,70.57
2025-10-21,9:30:00.905494327,T,KO,Q,10,70.57
2025-10-21,9:30:01.796068567,T,KO,I,5,70.61
2025-10-21,9:30:01.954398730,T,KO,I,2,70.61
2025-10-21,9:30:02.167666676,T,KO,I,4,70.61
2025-10-21,9:30:02.210461552,T,KO,I,2,70.61
2025-10-21,9:30:02.230829084,T,KO,F I,9,70.61
2025-10-21,9:30:02.279686443,T,KO,I,2,70.61
2025-10-21,9:30:02.406396308,T,KO,F I,2,70.61
2025-10-21,9:30:02.591938209,T,KO,I,13,70.65
2025-10-21,9:30:02.591983353,T,KO,I,31,70.65
2025-10-21,9:30:02.591989813,T,KO,,600,70.65
2025-10-21,9:30:02.591992608,T,KO,I,64,70.63
2025-10-21,9:30:02.592031363,T,KO,F,300,70.65
2025-10-21,9:30:02.593964909,T,KO,F I,64,70.65
2025-10-21,9:30:02.593964909,T,KO,F I,14,70.65
2025-10-21,9:30:03.666830099,T,KO,F I,6,70.61
2025-10-21,9:30:03.666830099,T,KO,F I,6,70.61
2025-10-21,9:30:08.369141635,T,KO,I,1,70.65
2025-10-21,9:30:08.369141635,T,KO,I,6,70.65
2025-10-21,9:30:08.369186775,T,KO,,100,70.65
2025-10-21,9:30:08.370302389,T,KO,F I,1,70.68
2025-10-21,9:30:08.370353630,T,KO,I,43,70.66
2025-10-21,9:30:08.370368531,T,KO,I,14,70.66
2025-10-21,9:30:08.370837903,T,KO,F I,43,70.68
2025-10-21,9:30:08.370837903,T,KO,F I,43,70.68
2025-10-21,9:30:08.370842614,T,KO,F I,14,70.68
2025-10-21,9:30:08.370842614,T,KO,F,146,70.68
2025-10-21,9:30:08.370846728,T,KO,F I,54,70.68
2025-10-21,9:30:08.370846728,T,KO,I,19,70.69
2025-10-21,9:30:08.370888891,T,KO,F I,11,70.69
2025-10-21,9:30:08.370910273,T,KO,,110,70.69
2025-10-21,9:30:08.370910273,T,KO,I,6,70.69
2025-10-21,9:30:08.370957969,T,KO,I,43,70.67
2025-10-21,9:30:08.371141381,T,KO,F I,5,70.67
2025-10-21,9:30:10.897055457,T,KO,I,57,70.67
2025-10-21,9:30:11.024339552,T,KO,I,55,70.67
2025-10-21,9:30:11.129415882,T,KO,I,60,70.67
2025-10-21,9:30:11.130074394,T,KO,F,100,70.67
2025-10-21,9:30:11.147618194,T,KO,F,100,70.67
2025-10-21,9:30:11.170211012,T,KO,F,100,70.68
2025-10-21,9:30:11.564534253,T,KO,I,7,70.63
2025-10-21,9:30:11.709040369,T,KO,,200,70.65
2025-10-21,9:30:11.710132009,T,KO,I,34,70.66
2025-10-21,9:30:11.734724515,T,KO,I,1,70.67
2025-10-21,9:30:11.979399195,T,KO,F I,34,70.66
2025-10-21,9:30:11.979838249,T,KO,I,64,70.66
2025-10-21,9:30:12.562773705,T,KO,,916,70.65
2025-10-21,9:30:12.562791761,T,KO,I,1,70.65
2025-10-21,9:30:12.562827811,T,KO,I,83,70.65
2025-10-21,9:30:14.479848568,T,KO,F,100,70.68
2025-10-21,9:30:14.479863962,T,KO,I,1,70.68
2025-10-21,9:30:14.480107183,T,KO,I,17,70.68
2025-10-21,9:30:14.480335984,T,KO,,100,70.68
2025-10-21,9:30:14.481616791,T,KO,F I,84,70.68
2025-10-21,9:30:14.481619782,T,KO,F I,16,70.68
2025-10-21,9:30:15.021053523,T,KO,F I,23,70.69
2025-10-21,9:30:15.110973674,T,KO,F,100,70.65
2025-10-21,9:30:15.110991730,T,KO,I,1,70.65
2025-10-21,9:30:15.111247502,T,KO,,100,70.65
2025-10-21,9:30:15.111328534,T,KO,I,34,70.67
2025-10-21,9:30:15.111364618,T,KO,,1205,70.67
2025-10-21,9:30:15.135857998,T,KO,,439,70.7
2025-10-21,9:30:15.135860971,T,KO,I,5,70.7
2025-10-21,9:30:15.135864034,T,KO,I,20,70.7
2025-10-21,9:30:15.135864034,T,KO,I,50,70.7
2025-10-21,9:30:15.135870551,T,KO,,100,70.7
2025-10-21,9:30:15.135870551,T,KO,,100,70.7
2025-10-21,9:30:15.135875975,T,KO,F,100,70.7
2025-10-21,9:30:15.135879811,T,KO,F,105,70.7
2025-10-21,9:30:15.136135189,T,KO,I,34,70.68
2025-10-21,9:30:15.268155026,T,KO,F I,2,70.71
2025-10-21,9:30:16.260771133,T,KO,,1000,70.69
2025-10-21,9:30:17.592189251,T,KO,F I,1,70.7
2025-10-21,9:30:17.652564100,T,KO,F I,6,70.7
2025-10-21,9:30:18.099166706,T,KO,I,25,70.7
2025-10-21,9:30:18.119362775,T,KO,F I,2,70.7
2025-10-21,9:30:18.303542506,T,KO,F I,25,70.7
2025-10-21,9:30:18.336497956,T,KO,F I,1,70.71
2025-10-21,9:30:20.316861638,T,KO,I,27,70.71
2025-10-21,9:30:20.316897732,T,KO,,100,70.71
2025-10-21,9:30:20.317198471,T,KO,I,10,70.7
2025-10-21,9:30:20.317273651,T,KO,F I,5,70.71
2025-10-21,9:30:20.332228220,T,KO,,112,70.73
2025-10-21,9:30:20.342305218,T,KO,F I,57,70.73
2025-10-21,9:30:20.367598475,T,KO,,400,70.73
2025-10-21,9:30:20.377260554,T,KO,F I,23,70.74
2025-10-21,9:30:20.377813885,T,KO,,300,70.74
2025-10-21,9:30:20.379414457,T,KO,F I,35,70.74
2025-10-21,9:30:20.379416719,T,KO,F I,31,70.75
2025-10-21,9:30:20.379461702,T,KO,F I,1,70.75
2025-10-21,9:30:20.383386537,T,KO,F I,18,70.75
2025-10-21,9:30:20.383389051,T,KO,F I,50,70.75
2025-10-21,9:30:22.796179745,T,KO,F I,65,70.74
2025-10-21,9:30:22.796705933,T,KO,I,20,70.77
2025-10-21,9:30:22.797316418,T,KO,F I,1,70.78
2025-10-21,9:30:22.797343525,T,KO,F I,2,70.77
2025-10-21,9:30:22.797427896,T,KO,F I,2,70.77
2025-10-21,9:30:22.797511914,T,KO,F I,3,70.77
2025-10-21,9:30:22.797920848,T,KO,F I,2,70.77
2025-10-21,9:30:22.798663632,T,KO,F I,2,70.77
2025-10-21,9:30:22.799403382,T,KO,F I,2,70.77
2025-10-21,9:30:22.808049100,T,KO,F I,2,70.77
2025-10-21,9:30:22.818390737,T,KO,I,44,70.77
2025-10-21,9:30:22.848832140,T,KO,F I,2,70.77
2025-10-21,9:30:22.898152572,T,KO,F I,2,70.77
2025-10-21,9:30:22.943094655,T,KO,F I,2,70.77
2025-10-21,9:30:22.981141286,T,KO,F I,2,70.77
2025-10-21,9:30:23.024775697,T,KO,F I,2,70.77
2025-10-21,9:30:23.054931121,T,KO,F I,2,70.77
2025-10-21,9:30:23.098414601,T,KO,F I,2,70.77
2025-10-21,9:30:23.140343474,T,KO,F I,2,70.78
2025-10-21,9:30:24.293740480,T,KO,I,63,70.71
2025-10-21,9:30:24.293743501,T,KO,I,41,70.71
2025-10-21,9:30:24.293746469,T,KO,,100,70.71
2025-10-21,9:30:26.434184528,T,KO,,100,70.72
2025-10-21,9:30:26.435675991,T,KO,F I,61,70.78
2025-10-21,9:30:26.435681935,T,KO,F,151,70.8
2025-10-21,9:30:26.435696981,T,KO,I,1,70.8
2025-10-21,9:30:27.352986698,T,KO,,174,70.8
2025-10-21,9:30:27.441286031,T,KO,F I,33,70.79
2025-10-21,9:30:27.475140739,T,KO,,100,70.74
2025-10-21,9:30:27.877351674,T,KO,F I,1,70.78
2025-10-21,9:30:28.293831569,T,KO,I,62,70.68
2025-10-21,9:30:28.340454638,T,KO,F I,10,70.77
2025-10-21,9:30:28.367026439,T,KO,I,17,70.65
2025-10-21,9:30:28.367026439,T,KO,I,63,70.64
2025-10-21,9:30:28.367034986,T,KO,F I,40,70.63
2025-10-21,9:30:28.367047019,T,KO,F,200,70.62
2025-10-21,9:30:28.367080072,T,KO,,100,70.63
2025-10-21,9:30:28.367516034,T,KO,F,200,70.62
2025-10-21,9:30:28.367555263,T,KO,,112,70.62
2025-10-21,9:30:28.384154767,T,KO,F I,27,70.65
2025-10-21,9:30:28.433213603,T,KO,F I,1,70.65
2025-10-21,9:30:28.567892352,T,KO,I,56,70.65
2025-10-21,9:30:28.567937431,T,KO,I,44,70.65
2025-10-21,9:30:28.790350123,T,KO,F I,5,70.75
2025-10-21,9:30:31.607667469,T,KO,F I,28,70.62
2025-10-21,9:30:31.607670230,T,KO,F I,72,70.62
2025-10-21,9:30:31.607859689,T,KO,F I,5,70.61
2025-10-21,9:30:31.607883788,T,KO,I,95,70.61
2025-10-21,9:30:31.607887007,T,KO,I,4,70.61
2025-10-21,9:30:31.607889761,T,KO,I,95,70.61
2025-10-21,9:30:31.607904772,T,KO,I,1,70.61
2025-10-21,9:30:31.607925886,T,KO,,123,70.64
2025-10-21,9:30:31.607950074,T,KO,I,1,70.63
2025-10-21,9:30:31.607986076,T,KO,,100,70.64
2025-10-21,9:30:31.608001082,T,KO,,123,70.62
2025-10-21,9:30:31.608254016,T,KO,,123,70.63
2025-10-21,9:30:31.608254016,T,KO,I,1,70.63
2025-10-21,9:30:31.608271663,T,KO,,100,70.65
2025-10-21,9:30:31.608506186,T,KO,I,40,70.63
2025-10-21,9:30:31.608527232,T,KO,F I,3,70.63
2025-10-21,9:30:31.608602523,T,KO,F,100,70.63
2025-10-21,9:30:31.608615135,T,KO,,100,70.62
2025-10-21,9:30:31.609113686,T,KO,,100,70.62
2025-10-21,9:30:31.609182799,T,KO,,100,70.66
2025-10-21,9:30:31.609182799,T,KO,I,6,70.67
2025-10-21,9:30:31.610036848,T,KO,I,18,70.67
2025-10-21,9:30:31.610060971,T,KO,F I,22,70.67
2025-10-21,9:30:31.610322541,T,KO,I,68,70.67
2025-10-21,9:30:32.037703477,T,KO,,100,70.67
2025-10-21,9:30:33.171878740,T,KO,F I,3,70.7
2025-10-21,9:30:40.058662222,T,KO,F,100,70.61
2025-10-21,9:30:40.058719354,T,KO,F,100,70.6
2025-10-21,9:30:40.058734457,T,KO,F I,8,70.6
2025-10-21,9:30:40.058752458,T,KO,,100,70.61
2025-10-21,9:30:40.058815613,T,KO,F I,7,70.605
2025-10-21,9:30:40.067452190,T,KO,,100,70.62
2025-10-21,9:30:40.126013600,T,KO,F I,50,70.72
2025-10-21,9:30:40.139605967,T,KO,F I,26,70.72
2025-10-21,9:30:40.155426656,T,KO,F I,1,70.68
2025-10-21,9:30:42.323716849,T,KO,F I,1,70.7
2025-10-21,9:30:42.852114638,T,KO,F I,1,70.7
2025-10-21,9:30:43.444925427,T,KO,I,1,70.69
2025-10-21,9:30:43.444949406,T,KO,F I,1,70.69
2025-10-21,9:30:43.470850147,T,KO,I,1,70.69
2025-10-21,9:30:43.470874148,T,KO,F I,1,70.69
2025-10-21,9:30:43.493984272,T,KO,I,1,70.69
2025-10-21,9:30:43.522949210,T,KO,I,1,70.69
2025-10-21,9:30:43.552332145,T,KO,I,1,70.69
2025-10-21,9:30:43.598215494,T,KO,I,1,70.69
2025-10-21,9:30:43.624155366,T,KO,I,1,70.69
2025-10-21,9:30:43.656921232,T,KO,I,1,70.69
2025-10-21,9:30:43.684433800,T,KO,I,1,70.69
2025-10-21,9:30:43.714009270,T,KO,I,1,70.69
2025-10-21,9:30:43.740610606,T,KO,I,1,70.7
2025-10-21,9:30:43.740655699,T,KO,F I,25,70.7
2025-10-21,9:30:43.740665218,T,KO,I,75,70.7
2025-10-21,9:30:43.741801521,T,KO,,100,70.69
2025-10-21,9:30:43.741801521,T,KO,I,90,70.7
2025-10-21,9:30:43.741819504,T,KO,I,1,70.7
2025-10-21,9:30:43.741825844,T,KO,F,278,70.7
2025-10-21,9:30:43.741834576,T,KO,I,31,70.7
2025-10-21,9:30:43.742228500,T,KO,F,124,70.68
2025-10-21,9:30:43.742234517,T,KO,F I,51,70.68
2025-10-21,9:30:43.743696084,T,KO,F,124,70.7
2025-10-21,9:30:43.744360519,T,KO,F,100,70.71
2025-10-21,9:30:43.744853649,T,KO,F I,41,70.74
2025-10-21,9:30:43.745103309,T,KO,I,35,70.71
2025-10-21,9:30:43.750477118,T,KO,F I,89,70.72
2025-10-21,9:30:43.765948946,T,KO,F I,4,70.73
2025-10-21,9:30:43.888253216,T,KO,F,100,70.69
2025-10-21,9:30:43.888253216,T,KO,F I,96,70.73
2025-10-21,9:30:43.888256295,T,KO,F I,8,70.73
2025-10-21,9:30:43.912262383,T,KO,F I,11,70.73
2025-10-21,9:30:50.838542622,T,KO,,600,70.63
2025-10-21,9:30:50.838544843,T,KO,,1300,70.63
2025-10-21,9:30:50.838547884,T,KO,,214,70.63
2025-10-21,9:30:50.838556931,T,KO,I,1,70.63
2025-10-21,9:30:50.913570488,T,KO,,112,70.65
2025-10-21,9:30:52.668451502,T,KO,,200,70.62
2025-10-21,9:30:52.668451502,T,KO,I,89,70.615
2025-10-21,9:30:52.669236037,T,KO,F I,60,70.57
2025-10-21,9:30:52.669239809,T,KO,F I,40,70.56
2025-10-21,9:30:52.669302405,T,KO,F I,60,70.56
2025-10-21,9:30:52.669302405,T,KO,F I,40,70.56
2025-10-21,9:30:52.669329307,T,KO,I,1,70.56
2025-10-21,9:30:52.669669021,T,KO,F I,90,70.56
2025-10-21,9:30:52.676934458,T,KO,F I,50,70.59
2025-10-21,9:30:52.695575748,T,KO,F I,34,70.56
2025-10-21,9:30:52.695578783,T,KO,F,106,70.56
2025-10-21,9:30:52.696685480,T,KO,,200,70.59
2025-10-21,9:30:52.702365961,T,KO,F I,11,70.58
2025-10-21,9:30:52.702528392,T,KO,F I,12,70.58
2025-10-21,9:30:52.702928301,T,KO,F I,10,70.58
2025-10-21,9:30:52.702949419,T,KO,F I,5,70.57
2025-10-21,9:30:52.702985481,T,KO,F I,2,70.58
2025-10-21,9:30:52.703162956,T,KO,F I,2,70.58
2025-10-21,9:30:52.703491146,T,KO,F I,16,70.6
2025-10-21,9:30:52.703491146,T,KO,F I,30,70.6
2025-10-21,9:30:52.703547769,T,KO,I,28,70.6
2025-10-21,9:30:52.703574800,T,KO,F I,30,70.6
2025-10-21,9:30:52.703592905,T,KO,F I,28,70.6
2025-10-21,9:30:52.703761262,T,KO,F I,42,70.6
2025-10-21,9:30:52.703908628,T,KO,F I,26,70.6
2025-10-21,9:30:52.703908628,T,KO,F I,16,70.61
2025-10-21,9:30:52.704314597,T,KO,F I,12,70.61
2025-10-21,9:30:52.704338904,T,KO,F I,10,70.62
2025-10-21,9:30:52.704338904,T,KO,F I,1,70.62
2025-10-21,9:30:52.704687516,T,KO,F I,3,70.64
2025-10-21,9:30:52.704690447,T,KO,F I,40,70.64
2025-10-21,9:30:52.704754208,T,KO,,100,70.62
2025-10-21,9:30:52.709342639,T,KO,I,2,70.59
2025-10-21,9:30:52.709348639,T,KO,I,6,70.59
2025-10-21,9:30:52.709351622,T,KO,I,15,70.59
2025-10-21,9:30:52.709357609,T,KO,I,2,70.59
2025-10-21,9:30:52.709366616,T,KO,,121,70.59
2025-10-21,9:30:52.709366616,T,KO,I,35,70.59
2025-10-21,9:30:52.709393680,T,KO,F I,5,70.58
2025-10-21,9:30:52.709402766,T,KO,F I,2,70.58
2025-10-21,9:30:52.709402766,T,KO,F I,1,70.58
2025-10-21,9:30:52.709405773,T,KO,F I,2,70.58
2025-10-21,9:30:52.709409302,T,KO,F I,2,70.58
2025-10-21,9:30:52.709409302,T,KO,F I,1,70.58
2025-10-21,9:30:52.709414868,T,KO,F I,4,70.58
2025-10-21,9:30:52.709414868,T,KO,F I,7,70.58
2025-10-21,9:30:52.709418397,T,KO,F I,1,70.58
2025-10-21,9:30:52.709418397,T,KO,F I,3,70.58
2025-10-21,9:30:52.709421667,T,KO,F I,1,70.58
2025-10-21,9:30:52.709423742,T,KO,F I,4,70.58
2025-10-21,9:30:52.709427080,T,KO,F I,7,70.58
2025-10-21,9:30:52.709427080,T,KO,F I,1,70.58
2025-10-21,9:30:52.709429737,T,KO,F I,6,70.58
2025-10-21,9:30:52.709434358,T,KO,F I,2,70.58
2025-10-21,9:30:52.709435766,T,KO,F I,5,70.58
2025-10-21,9:30:52.709438785,T,KO,F I,3,70.58
2025-10-21,9:30:52.709438785,T,KO,F I,2,70.58
2025-10-21,9:30:52.709442213,T,KO,F I,2,70.58
2025-10-21,9:30:52.709442213,T,KO,F I,4,70.58
2025-10-21,9:30:52.709442213,T,KO,F I,2,70.58
2025-10-21,9:30:52.709926186,T,KO,F I,2,70.62
2025-10-21,9:30:52.709926186,T,KO,F I,8,70.62
2025-10-21,9:30:52.709998166,T,KO,,200,70.62
2025-10-21,9:30:52.710076299,T,KO,F,260,70.63
2025-10-21,9:30:52.717077028,T,KO,I,6,70.61
2025-10-21,9:30:52.717437864,T,KO,F,121,70.625
2025-10-21,9:30:52.717437864,T,KO,F,379,70.61
2025-10-21,9:30:52.717461922,T,KO,,121,70.61
2025-10-21,9:30:52.718114609,T,KO,,100,70.61
2025-10-21,9:30:52.718114609,T,KO,,200,70.61
2025-10-21,9:30:52.720451425,T,KO,,100,70.63
2025-10-21,9:30:52.720454108,T,KO,,200,70.63
2025-10-21,9:30:52.721482517,T,KO,I,82,70.63
2025-10-21,9:30:52.724110894,T,KO,,100,70.64
2025-10-21,9:30:52.724901647,T,KO,I,57,70.64
2025-10-21,9:30:52.727072987,T,KO,I,88,70.65
2025-10-21,9:30:52.727072987,T,KO,,100,70.65
2025-10-21,9:30:52.727076123,T,KO,,200,70.65
2025-10-21,9:30:52.743549004,T,KO,,100,70.64
2025-10-21,9:30:52.744487374,T,KO,F I,1,70.64
2025-10-21,9:30:52.744487374,T,KO,F I,81,70.64
2025-10-21,9:30:52.744565544,T,KO,,200,70.64
2025-10-21,9:30:52.744565544,T,KO,,100,70.64
2025-10-21,9:30:52.744806015,T,KO,,100,70.64
2025-10-21,9:30:52.744848184,T,KO,,200,70.64
2025-10-21,9:30:52.744869137,T,KO,,100,70.63
2025-10-21,9:30:52.744890283,T,KO,I,1,70.64
2025-10-21,9:30:52.745073800,T,KO,,100,70.64
2025-10-21,9:30:52.745076672,T,KO,,100,70.64
2025-10-21,9:30:52.745076672,T,KO,,200,70.64
2025-10-21,9:30:52.745079859,T,KO,I,1,70.64
2025-10-21,9:30:52.745320269,T,KO,,100,70.63
2025-10-21,9:30:52.745347361,T,KO,,100,70.63
2025-10-21,9:30:52.745347361,T,KO,,100,70.63
2025-10-21,9:30:52.745350704,T,KO,,100,70.64
2025-10-21,9:30:52.745654436,T,KO,,100,70.64
2025-10-21,9:30:52.745654436,T,KO,,200,70.64
2025-10-21,9:30:52.746863756,T,KO,,100,70.64
2025-10-21,9:30:52.746865979,T,KO,,100,70.64
2025-10-21,9:30:52.746989677,T,KO,I,1,70.64
2025-10-21,9:30:52.746989677,T,KO,,100,70.64
2025-10-21,9:30:52.747010345,T,KO,I,7,70.64
2025-10-21,9:30:52.747019319,T,KO,,100,70.65
2025-10-21,9:30:52.747022314,T,KO,,200,70.65
2025-10-21,9:30:52.747106498,T,KO,I,7,70.65
2025-10-21,9:30:52.747527827,T,KO,,100,70.66
2025-10-21,9:30:52.747530546,T,KO,,200,70.66
2025-10-21,9:30:52.747933445,T,KO,,100,70.66
2025-10-21,9:30:52.750534846,T,KO,I,3,70.67
2025-10-21,9:30:52.750538123,T,KO,I,2,70.67
2025-10-21,9:30:52.750538123,T,KO,,200,70.67
2025-10-21,9:30:52.750540932,T,KO,,100,70.67
2025-10-21,9:30:52.750540932,T,KO,I,52,70.67
2025-10-21,9:30:52.750555755,T,KO,I,1,70.67
2025-10-21,9:30:52.750571649,T,KO,,147,70.67
2025-10-21,9:30:52.750571649,T,KO,I,50,70.67
2025-10-21,9:30:52.750571649,T,KO,,100,70.67
2025-10-21,9:30:52.750718484,T,KO,,100,70.66
2025-10-21,9:30:52.750718484,T,KO,I,1,70.66
2025-10-21,9:30:52.750916550,T,KO,,100,70.66
2025-10-21,9:30:52.750919670,T,KO,I,35,70.67
2025-10-21,9:30:52.750919670,T,KO,,200,70.67
2025-10-21,9:30:52.750922551,T,KO,I,1,70.67
2025-10-21,9:30:52.751096967,T,KO,,100,70.67
2025-10-21,9:30:52.751096967,T,KO,,200,70.67
2025-10-21,9:30:52.751686504,T,KO,I,2,70.68
2025-10-21,9:30:52.751686504,T,KO,,200,70.68
2025-10-21,9:30:52.752221736,T,KO,,100,70.68
2025-10-21,9:30:52.752501330,T,KO,I,1,70.67
2025-10-21,9:30:52.752504325,T,KO,,100,70.67
2025-10-21,9:30:52.765642977,T,KO,,200,70.66
2025-10-21,9:30:52.765642977,T,KO,,200,70.64
2025-10-21,9:30:52.765905170,T,KO,,138,70.66
2025-10-21,9:30:52.765907452,T,KO,,200,70.66
2025-10-21,9:30:52.765910351,T,KO,,100,70.66
2025-10-21,9:30:52.765925294,T,KO,I,7,70.65
2025-10-21,9:30:52.766102784,T,KO,,200,70.66
2025-10-21,9:30:52.766289254,T,KO,,100,70.66
2025-10-21,9:30:52.766310229,T,KO,I,38,70.66
2025-10-21,9:30:52.766310229,T,KO,,138,70.66
2025-10-21,9:30:52.766521432,T,KO,I,82,70.66
2025-10-21,9:30:52.766524857,T,KO,,200,70.66
2025-10-21,9:30:52.766524857,T,KO,I,56,70.66
2025-10-21,9:30:52.766526863,T,KO,I,1,70.66
2025-10-21,9:30:52.766562918,T,KO,,100,70.66
2025-10-21,9:30:52.768060732,T,KO,,100,70.65
2025-10-21,9:30:52.768063465,T,KO,I,60,70.65
2025-10-21,9:30:52.768063465,T,KO,,100,70.65
2025-10-21,9:30:52.768433315,T,KO,,164,70.65
2025-10-21,9:30:52.768833251,T,KO,I,29,70.65
2025-10-21,9:30:52.769146046,T,KO,F I,1,70.65
2025-10-21,9:30:52.769243864,T,KO,,100,70.64
2025-10-21,9:30:52.769248559,T,KO,I,7,70.64
2025-10-21,9:30:52.769248559,T,KO,,200,70.64
2025-10-21,9:30:52.769260458,T,KO,I,6,70.64
2025-10-21,9:30:52.769260458,T,KO,,100,70.64
2025-10-21,9:30:52.769272403,T,KO,,100,70.64
2025-10-21,9:30:52.769272403,T,KO,I,1,70.65
2025-10-21,9:30:52.769305635,T,KO,F,100,70.64
2025-10-21,9:30:52.769309572,T,KO,F,100,70.65
2025-10-21,9:30:52.769314450,T,KO,,100,70.65
2025-10-21,9:30:52.769314450,T,KO,,100,70.65
2025-10-21,9:30:52.769477530,T,KO,,100,70.66
2025-10-21,9:30:52.769494797,T,KO,,100,70.65
2025-10-21,9:30:52.769530967,T,KO,I,69,70.65
2025-10-21,9:30:52.769542929,T,KO,I,31,70.65
2025-10-21,9:30:52.769603122,T,KO,I,69,70.65
2025-10-21,9:30:52.769603122,T,KO,I,31,70.65
2025-10-21,9:30:52.769765443,T,KO,F,100,70.65
2025-10-21,9:30:52.769901403,T,KO,,138,70.66
2025-10-21,9:30:52.769903876,T,KO,,100,70.66
2025-10-21,9:30:52.771182697,T,KO,I,56,70.65
2025-10-21,9:30:52.771184845,T,KO,,138,70.65
2025-10-21,9:30:52.771188111,T,KO,,200,70.65
2025-10-21,9:30:52.771190988,T,KO,,100,70.66
2025-10-21,9:30:52.771269025,T,KO,,200,70.66
2025-10-21,9:30:52.771269025,T,KO,I,29,70.66
2025-10-21,9:30:52.771275181,T,KO,,100,70.65
2025-10-21,9:30:52.771335361,T,KO,,100,70.68
2025-10-21,9:30:52.771338228,T,KO,,200,70.68
2025-10-21,9:30:52.771464509,T,KO,I,7,70.67
2025-10-21,9:30:52.771464509,T,KO,I,1,70.67
2025-10-21,9:30:52.772436207,T,KO,I,1,70.67
2025-10-21,9:30:52.772438813,T,KO,,200,70.67
2025-10-21,9:30:52.772438813,T,KO,I,99,70.67
2025-10-21,9:30:52.772459950,T,KO,I,1,70.67
2025-10-21,9:30:52.772459950,T,KO,I,1,70.67
2025-10-21,9:30:52.772511052,T,KO,,138,70.68
2025-10-21,9:30:52.772805699,T,KO,,100,70.67
2025-10-21,9:30:52.772980185,T,KO,I,8,70.68
2025-10-21,9:30:52.773286827,T,KO,,200,70.68
2025-10-21,9:30:52.773292875,T,KO,,137,70.67
2025-10-21,9:30:52.773292875,T,KO,I,1,70.67
2025-10-21,9:30:52.773292875,T,KO,,171,70.67
2025-10-21,9:30:52.773313879,T,KO,I,57,70.68
2025-10-21,9:30:52.773313879,T,KO,I,55,70.68
2025-10-21,9:30:52.773365119,T,KO,I,8,70.68
2025-10-21,9:30:52.773416954,T,KO,I,48,70.68
2025-10-21,9:30:52.773419927,T,KO,I,24,70.68
2025-10-21,9:30:52.773575606,T,KO,,400,70.68
2025-10-21,9:30:52.773575606,T,KO,,200,70.68
2025-10-21,9:30:52.773915503,T,KO,,100,70.68
2025-10-21,9:30:52.773915503,T,KO,,100,70.68
2025-10-21,9:30:52.773918397,T,KO,,171,70.68
2025-10-21,9:30:52.773978527,T,KO,,100,70.68
2025-10-21,9:30:52.774161927,T,KO,,100,70.68
2025-10-21,9:30:52.774405558,T,KO,,200,70.67
2025-10-21,9:30:52.776101667,T,KO,,200,70.64
2025-10-21,9:30:52.776925506,T,KO,,100,70.63
2025-10-21,9:30:52.779352359,T,KO,,100,70.63
2025-10-21,9:30:52.779356252,T,KO,,138,70.65
2025-10-21,9:30:52.779358326,T,KO,,100,70.65
2025-10-21,9:30:52.779358326,T,KO,,100,70.65
2025-10-21,9:30:52.779385425,T,KO,,100,70.65
2025-10-21,9:30:52.779397419,T,KO,,138,70.64
2025-10-21,9:30:52.779716177,T,KO,,100,70.63
2025-10-21,9:30:52.779716177,T,KO,,200,70.63
2025-10-21,9:30:52.795479709,T,KO,F I,4,70.59
2025-10-21,9:30:52.797305112,T,KO,,200,70.57
2025-10-21,9:30:52.797554741,T,KO,F I,1,70.57
2025-10-21,9:30:52.797575731,T,KO,I,1,70.57
2025-10-21,9:30:52.799082294,T,KO,,200,70.55
2025-10-21,9:30:52.799082294,T,KO,I,65,70.53
2025-10-21,9:30:52.805650506,T,KO,,100,70.56
2025-10-21,9:30:52.805652954,T,KO,,100,70.56
2025-10-21,9:30:52.805655981,T,KO,,200,70.56
2025-10-21,9:30:52.805655981,T,KO,,100,70.56
2025-10-21,9:30:52.806389696,T,KO,F I,1,70.58
2025-10-21,9:30:52.806389696,T,KO,F I,1,70.58
2025-10-21,9:30:52.829286283,T,KO,I,41,70.56
2025-10-21,9:30:52.840274447,T,KO,,200,70.6
2025-10-21,9:30:52.840277592,T,KO,I,4,70.6
2025-10-21,9:30:52.840280422,T,KO,,100,70.6
2025-10-21,9:30:52.840677386,T,KO,,100,70.6
2025-10-21,9:30:52.840954006,T,KO,,100,70.61
2025-10-21,9:30:52.841486299,T,KO,,100,70.61
2025-10-21,9:30:52.841708885,T,KO,,100,70.62
2025-10-21,9:30:52.841913292,T,KO,I,3,70.63
2025-10-21,9:30:52.867792968,T,KO,,197,70.63
2025-10-21,9:30:52.868451557,T,KO,I,1,70.62
2025-10-21,9:30:52.868454741,T,KO,,138,70.61
2025-10-21,9:30:52.868776321,T,KO,,100,70.61
2025-10-21,9:30:52.868839414,T,KO,I,1,70.61
2025-10-21,9:30:52.868899670,T,KO,,100,70.61
2025-10-21,9:30:52.868953721,T,KO,,100,70.61
2025-10-21,9:30:52.869001915,T,KO,I,60,70.61
2025-10-21,9:30:52.869001915,T,KO,I,40,70.61
2025-10-21,9:30:52.869004811,T,KO,F I,64,70.61
2025-10-21,9:30:52.869040965,T,KO,I,27,70.61
2025-10-21,9:30:52.869098147,T,KO,I,90,70.61
2025-10-21,9:30:52.869245365,T,KO,I,17,70.61
2025-10-21,9:30:52.876973883,T,KO,,173,70.62
2025-10-21,9:30:52.880558736,T,KO,,200,70.65
2025-10-21,9:30:52.880558736,T,KO,,100,70.65
2025-10-21,9:30:52.918287314,T,KO,,100,70.67
2025-10-21,9:30:52.918287314,T,KO,,200,70.67
2025-10-21,9:30:52.918289220,T,KO,I,38,70.67
2025-10-21,9:30:52.918292224,T,KO,,162,70.67
2025-10-21,9:30:52.918583867,T,KO,F I,40,70.67
2025-10-21,9:30:52.918701191,T,KO,,300,70.65
2025-10-21,9:30:52.918969283,T,KO,,135,70.65
2025-10-21,9:30:52.918978627,T,KO,F I,19,70.65
2025-10-21,9:30:52.918978627,T,KO,I,45,70.65
2025-10-21,9:30:52.918981085,T,KO,I,90,70.65
2025-10-21,9:30:52.918994549,T,KO,I,65,70.66
2025-10-21,9:30:52.918996161,T,KO,,198,70.66
2025-10-21,9:30:52.918998910,T,KO,,100,70.66
2025-10-21,9:30:52.919028955,T,KO,I,65,70.67
2025-10-21,9:30:52.919032046,T,KO,,198,70.67
2025-10-21,9:30:52.919068157,T,KO,I,10,70.67
2025-10-21,9:30:52.919474581,T,KO,,100,70.67
2025-10-21,9:30:52.919477127,T,KO,,100,70.67
2025-10-21,9:30:52.919483105,T,KO,,100,70.67
2025-10-21,9:30:52.919483105,T,KO,,138,70.66
2025-10-21,9:30:52.919483105,T,KO,I,57,70.66
2025-10-21,9:30:52.919483105,T,KO,I,79,70.66
2025-10-21,9:30:52.931323308,T,KO,F I,57,70.67
2025-10-21,9:30:52.931325326,T,KO,F,138,70.67
2025-10-21,9:30:52.931328300,T,KO,F I,5,70.67
2025-10-21,9:30:52.931758285,T,KO,F I,63,70.67
2025-10-21,9:30:52.932080019,T,KO,F I,32,70.67
2025-10-21,9:30:52.933631834,T,KO,I,63,70.67
2025-10-21,9:30:52.939444591,T,KO,,198,70.68
2025-10-21,9:30:52.939444591,T,KO,I,57,70.68
2025-10-21,9:30:52.939859602,T,KO,I,56,70.67
2025-10-21,9:30:52.946373069,T,KO,I,2,70.66
2025-10-21,9:30:52.952664128,T,KO,,100,70.68
2025-10-21,9:30:52.967260900,T,KO,,198,70.69
2025-10-21,9:30:52.967260900,T,KO,I,65,70.69
2025-10-21,9:30:52.984684366,T,KO,,340,70.69
2025-10-21,9:30:52.985361018,T,KO,,100,70.69
2025-10-21,9:30:52.985430102,T,KO,I,13,70.69
2025-10-21,9:30:52.985469277,T,KO,I,87,70.69
2025-10-21,9:30:52.985646646,T,KO,I,40,70.7
2025-10-21,9:30:52.985649757,T,KO,,200,70.7
2025-10-21,9:30:52.985661639,T,KO,F,100,70.7
2025-10-21,9:30:52.998604555,T,KO,,100,70.72
2025-10-21,9:30:52.998625526,T,KO,,100,70.73
2025-10-21,9:30:52.998631635,T,KO,F,100,70.73
2025-10-21,9:30:52.999062481,T,KO,,100,70.74
2025-10-21,9:30:52.999064659,T,KO,,100,70.74
2025-10-21,9:30:53.010931107,T,KO,I,41,70.74
2025-10-21,9:30:53.010934681,T,KO,I,41,70.74
2025-10-21,9:30:53.010934681,T,KO,,100,70.74
2025-10-21,9:30:53.010936943,T,KO,I,43,70.74
2025-10-21,9:30:53.010939928,T,KO,I,39,70.74
2025-10-21,9:30:53.010939928,T,KO,I,82,70.74
2025-10-21,9:30:53.024141356,T,KO,I,50,70.75
2025-10-21,9:30:53.024141356,T,KO,I,10,70.75
2025-10-21,9:30:53.024144314,T,KO,I,1,70.75
2025-10-21,9:30:53.024709643,T,KO,,100,70.74
2025-10-21,9:30:53.024785090,T,KO,F,100,70.74
2025-10-21,9:30:53.040557427,T,KO,F,100,70.75
2025-10-21,9:30:53.040861777,T,KO,,100,70.76
2025-10-21,9:30:53.049248175,T,KO,,100,70.75
2025-10-21,9:30:53.050977321,T,KO,F,100,70.76
2025-10-21,9:30:53.051028331,T,KO,I,50,70.75
2025-10-21,9:30:53.051623848,T,KO,,200,70.72
2025-10-21,9:30:53.052860281,T,KO,,690,70.72
2025-10-21,9:30:53.052863371,T,KO,,100,70.72
2025-10-21,9:30:53.052866143,T,KO,I,24,70.72
2025-10-21,9:30:53.052866143,T,KO,,690,70.72
2025-10-21,9:30:53.068632363,T,KO,F,100,70.73
2025-10-21,9:30:53.068902980,T,KO,,138,70.72
2025-10-21,9:30:53.086118996,T,KO,F,100,70.72
2025-10-21,9:30:53.086121949,T,KO,F,100,70.73
2025-10-21,9:30:53.086130934,T,KO,F I,38,70.73
2025-10-21,9:30:53.091561956,T,KO,I,62,70.73
2025-10-21,9:30:53.100460073,T,KO,F I,38,70.73
2025-10-21,9:30:53.129128418,T,KO,F I,1,70.77
2025-10-21,9:30:53.129128418,T,KO,F,200,70.77
2025-10-21,9:30:53.129133378,T,KO,F,100,70.77
2025-10-21,9:30:53.129244753,T,KO,,138,70.75
2025-10-21,9:30:53.138972968,T,KO,F,100,70.77
2025-10-21,9:30:53.139005967,T,KO,I,38,70.77
2025-10-21,9:30:53.139318612,T,KO,,138,70.75
2025-10-21,9:30:53.139339812,T,KO,,100,70.75
2025-10-21,9:30:53.139733620,T,KO,F I,38,70.77
2025-10-21,9:30:53.150784968,T,KO,F,100,70.76
2025-10-21,9:30:53.150784968,T,KO,F,100,70.77
2025-10-21,9:30:53.161499459,T,KO,F,100,70.77
2025-10-21,9:30:53.175007670,T,KO,F I,77,70.73
2025-10-21,9:30:53.175088804,T,KO,,100,70.75
2025-10-21,9:30:53.175106883,T,KO,I,38,70.75
2025-10-21,9:30:53.182814230,T,KO,F I,47,70.77
2025-10-21,9:30:53.185902678,T,KO,I,47,70.78
2025-10-21,9:30:53.194710567,T,KO,,100,70.79
2025-10-21,9:30:53.194761655,T,KO,,138,70.78
2025-10-21,9:30:53.194891313,T,KO,,100,70.77
2025-10-21,9:30:53.195020337,T,KO,F,138,70.78
2025-10-21,9:30:53.195020337,T,KO,F I,9,70.78
2025-10-21,9:30:53.195050453,T,KO,,100,70.78
2025-10-21,9:30:53.195159072,T,KO,I,46,70.78
2025-10-21,9:30:53.195159072,T,KO,I,45,70.78
2025-10-21,9:30:53.195188750,T,KO,,100,70.78
2025-10-21,9:30:53.195224777,T,KO,,100,70.77
2025-10-21,9:30:53.195375620,T,KO,F I,46,70.78
2025-10-21,9:30:53.195378158,T,KO,F,100,70.79
2025-10-21,9:30:53.195381496,T,KO,F,1864,70.8
2025-10-21,9:30:53.195384557,T,KO,F I,1,70.8
2025-10-21,9:30:53.195384557,T,KO,F I,20,70.8
2025-10-21,9:30:53.195387292,T,KO,F,100,70.8
2025-10-21,9:30:53.195387292,T,KO,F I,54,70.8
2025-10-21,9:30:53.195411896,T,KO,F,146,70.8
2025-10-21,9:30:53.195411896,T,KO,F,100,70.8
2025-10-21,9:30:53.195415048,T,KO,,100,70.79
2025-10-21,9:30:53.195537945,T,KO,,100,70.79
2025-10-21,9:30:53.195537945,T,KO,,100,70.79
2025-10-21,9:30:53.195594838,T,KO,,100,70.78
2025-10-21,9:30:53.195597734,T,KO,,100,70.78
2025-10-21,9:30:53.196027705,T,KO,,100,70.77
2025-10-21,9:30:53.196397560,T,KO,,100,70.76
2025-10-21,9:30:53.196888098,T,KO,I,28,70.77
2025-10-21,9:30:53.196888098,T,KO,I,18,70.77
2025-10-21,9:30:53.216380256,T,KO,F I,35,70.77
2025-10-21,9:30:53.216386658,T,KO,F I,65,70.77
2025-10-21,9:30:53.216389270,T,KO,F,100,70.77
2025-10-21,9:30:53.216512523,T,KO,I,64,70.77
2025-10-21,9:30:53.216515564,T,KO,,100,70.77
2025-10-21,9:30:53.233410606,T,KO,I,43,70.78
2025-10-21,9:30:53.233412822,T,KO,,521,70.78
2025-10-21,9:30:53.235153932,T,KO,,138,70.79
2025-10-21,9:30:53.235153932,T,KO,I,82,70.79
2025-10-21,9:30:53.247771944,T,KO,F,100,70.81
2025-10-21,9:30:53.248580915,T,KO,,138,70.81
2025-10-21,9:30:53.248824441,T,KO,,100,70.8
2025-10-21,9:30:53.249028991,T,KO,,100,70.81
2025-10-21,9:30:53.249028991,T,KO,,138,70.81
2025-10-21,9:30:53.249059007,T,KO,I,1,70.82
2025-10-21,9:30:53.249092650,T,KO,,100,70.83
2025-10-21,9:30:53.249140298,T,KO,F,100,70.82
2025-10-21,9:30:53.294578626,T,KO,,100,70.87
2025-10-21,9:30:53.294578626,T,KO,I,2,70.88
2025-10-21,9:30:53.294620528,T,KO,,138,70.87
2025-10-21,9:30:53.294647661,T,KO,,100,70.88
2025-10-21,9:30:53.294665646,T,KO,F I,7,70.87
2025-10-21,9:30:53.294686780,T,KO,I,7,70.87
2025-10-21,9:30:53.294695768,T,KO,I,38,70.87
2025-10-21,9:30:53.294734773,T,KO,I,38,70.87
2025-10-21,9:30:53.295086682,T,KO,F,100,70.87
2025-10-21,9:30:53.300974674,T,KO,F,100,70.86
2025-10-21,9:30:53.301419749,T,KO,I,78,70.87
2025-10-21,9:30:53.301446744,T,KO,I,22,70.87
2025-10-21,9:30:53.301449858,T,KO,,100,70.88
2025-10-21,9:30:53.301488983,T,KO,F,100,70.86
2025-10-21,9:30:53.301494890,T,KO,I,38,70.86
2025-10-21,9:30:53.301494890,T,KO,,100,70.86
2025-10-21,9:30:53.302355021,T,KO,F I,64,70.84
2025-10-21,9:30:53.302412120,T,KO,,100,70.84
2025-10-21,9:30:53.304060043,T,KO,F I,15,70.85
2025-10-21,9:30:53.331695803,T,KO,F,100,70.87
2025-10-21,9:30:53.352291933,T,KO,I,10,70.89
2025-10-21,9:30:53.352291933,T,KO,,100,70.89
2025-10-21,9:30:53.357632662,T,KO,F,100,70.89
2025-10-21,9:30:53.365908292,T,KO,,100,70.88
2025-10-21,9:30:53.378508626,T,KO,F,100,70.89
2025-10-21,9:30:53.378512316,T,KO,F I,1,70.9
2025-10-21,9:30:53.378514488,T,KO,F I,50,70.9
2025-10-21,9:30:53.378517444,T,KO,F I,49,70.9
2025-10-21,9:30:53.378517444,T,KO,F I,51,70.9
2025-10-21,9:30:53.378544409,T,KO,,100,70.9
2025-10-21,9:30:53.379169960,T,KO,F I,57,70.89
2025-10-21,9:30:53.379173275,T,KO,F I,43,70.89
2025-10-21,9:30:53.379187928,T,KO,I,57,70.89
2025-10-21,9:30:53.385803704,T,KO,F,100,70.89
2025-10-21,9:30:53.386071352,T,KO,F,100,70.89
2025-10-21,9:30:53.388621387,T,KO,F,100,70.9
2025-10-21,9:30:53.388892053,T,KO,,100,70.89
2025-10-21,9:30:53.389637858,T,KO,,137,70.9
2025-10-21,9:30:53.401092167,T,KO,F,100,70.91
2025-10-21,9:30:53.401095109,T,KO,F,100,70.91
2025-10-21,9:30:53.408177011,T,KO,,100,70.9
2025-10-21,9:30:53.414925129,T,KO,F,138,70.91
2025-10-21,9:30:53.414976132,T,KO,,100,70.9
2025-10-21,9:30:53.414997251,T,KO,,138,70.9
2025-10-21,9:30:53.415189658,T,KO,F,100,70.9
2025-10-21,9:30:53.415279866,T,KO,I,73,70.91
2025-10-21,9:30:53.415331024,T,KO,,138,70.89
2025-10-21,9:30:53.415550588,T,KO,F,100,70.89
2025-10-21,9:30:53.431034517,T,KO,F,138,70.9
2025-10-21,9:30:53.431034517,T,KO,F I,27,70.9
2025-10-21,9:30:53.431067654,T,KO,I,10,70.92
2025-10-21,9:30:53.431067654,T,KO,,100,70.92
2025-10-21,9:30:53.432187061,T,KO,F,119,70.89
2025-10-21,9:30:53.432189414,T,KO,F,100,70.89
2025-10-21,9:30:53.432189414,T,KO,F,100,70.89
2025-10-21,9:30:53.432468939,T,KO,F,100,70.88
2025-10-21,9:30:53.449278973,T,KO,F,119,70.9
2025-10-21,9:30:53.465412694,T,KO,I,6,70.89
2025-10-21,9:30:53.465412694,T,KO,,100,70.89
2025-10-21,9:30:53.465547652,T,KO,,100,70.89
2025-10-21,9:30:53.479524876,T,KO,F,100,70.9
2025-10-21,9:30:53.479551993,T,KO,,100,70.89
2025-10-21,9:30:53.479798733,T,KO,F,100,70.89
2025-10-21,9:30:53.479858764,T,KO,,100,70.86
2025-10-21,9:30:53.483172703,T,KO,,100,70.84
2025-10-21,9:30:53.484676197,T,KO,,100,70.84
2025-10-21,9:30:53.484745464,T,KO,F,160,70.84
2025-10-21,9:30:53.484766917,T,KO,,540,70.84
2025-10-21,9:30:53.603988432,T,KO,,400,70.865
2025-10-21,9:30:53.717054632,T,KO,F,100,70.89
2025-10-21,9:30:53.726220542,T,KO,F,100,70.9
2025-10-21,9:30:53.733591080,T,KO,F,100,70.92
2025-10-21,9:30:53.741027846,T,KO,F,137,70.94
2025-10-21,9:30:53.741175201,T,KO,,138,70.93
2025-10-21,9:30:53.741334564,T,KO,F,100,70.92
2025-10-21,9:30:53.741972057,T,KO,F,100,70.91
2025-10-21,9:30:53.743466622,T,KO,,100,70.89
2025-10-21,9:30:53.754331456,T,KO,F I,35,70.91
2025-10-21,9:30:53.754337418,T,KO,F,116,70.91
2025-10-21,9:30:53.754337418,T,KO,F I,49,70.91
2025-10-21,9:30:53.755122287,T,KO,F I,51,70.91
2025-10-21,9:30:53.789921232,T,KO,F I,63,70.94
2025-10-21,9:30:53.789921232,T,KO,F,100,70.94
2025-10-21,9:30:53.789966277,T,KO,F,138,70.92
2025-10-21,9:30:53.791521145,T,KO,F,100,70.91
2025-10-21,9:30:53.801778540,T,KO,F,138,70.92
2025-10-21,9:30:53.801778540,T,KO,F,100,70.92
2025-10-21,9:30:53.801808564,T,KO,,100,70.93
2025-10-21,9:30:53.802716738,T,KO,I,39,70.91
2025-10-21,9:30:53.818510339,T,KO,I,5,70.93
2025-10-21,9:30:53.820879921,T,KO,F I,8,70.94
2025-10-21,9:30:53.821177675,T,KO,,100,70.94
2025-10-21,9:30:53.821222804,T,KO,F I,1,70.94
2025-10-21,9:30:53.825153171,T,KO,F,100,70.93
2025-10-21,9:30:53.828398284,T,KO,F I,2,70.93
2025-10-21,9:30:53.828400874,T,KO,F I,1,70.93
2025-10-21,9:30:53.882893874,T,KO,I,6,70.94
2025-10-21,9:30:53.882893874,T,KO,,100,70.94
2025-10-21,9:30:53.882896645,T,KO,,100,70.94
2025-10-21,9:30:53.883080285,T,KO,F I,90,70.95
2025-10-21,9:30:53.883104266,T,KO,F,100,70.94
2025-10-21,9:30:53.883107113,T,KO,F I,28,70.94
2025-10-21,9:30:53.897439352,T,KO,F,100,70.95
2025-10-21,9:30:53.897439352,T,KO,F I,2,70.95
2025-10-21,9:30:53.909645410,T,KO,F I,90,70.96
2025-10-21,9:30:53.909648396,T,KO,F,100,70.96
2025-10-21,9:30:53.909684592,T,KO,F,100,70.95
2025-10-21,9:30:53.909687503,T,KO,F I,38,70.95
2025-10-21,9:30:53.909696481,T,KO,F,100,70.94
2025-10-21,9:30:53.909906953,T,KO,F,100,70.94
2025-10-21,9:30:53.911034671,T,KO,F,100,70.94
2025-10-21,9:30:53.911038971,T,KO,F,100,70.94
2025-10-21,9:30:53.911043631,T,KO,F,138,70.94
2025-10-21,9:30:53.911043631,T,KO,F,100,70.94
2025-10-21,9:30:53.911047428,T,KO,F,100,70.94
2025-10-21,9:30:53.911047428,T,KO,F,247,70.94
2025-10-21,9:30:53.911666218,T,KO,F,200,70.92
2025-10-21,9:30:53.911666218,T,KO,F,100,70.92
2025-10-21,9:30:53.911675236,T,KO,F I,69,70.94
2025-10-21,9:30:53.932716344,T,KO,F I,6,70.95
2025-10-21,9:30:53.932725650,T,KO,F,100,70.95
2025-10-21,9:30:53.932849248,T,KO,,100,70.93
2025-10-21,9:30:53.932854706,T,KO,,200,70.93
2025-10-21,9:30:53.932869736,T,KO,F,100,70.93
2025-10-21,9:30:53.962790901,T,KO,,100,70.93
2025-10-21,9:30:53.962938809,T,KO,F,400,70.93
2025-10-21,9:30:53.962941237,T,KO,F,138,70.92
2025-10-21,9:30:53.962968341,T,KO,I,60,70.91
2025-10-21,9:30:53.963064618,T,KO,F,100,70.91
2025-10-21,9:30:53.965707887,T,KO,F I,90,70.92
2025-10-21,9:30:53.965740989,T,KO,I,48,70.92
2025-10-21,9:30:53.965750000,T,KO,F,119,70.91
2025-10-21,9:30:53.965798038,T,KO,F I,60,70.91
2025-10-21,9:30:53.965975528,T,KO,F,100,70.9
2025-10-21,9:30:53.977529074,T,KO,F I,20,70.91
2025-10-21,9:30:53.986884309,T,KO,F I,1,70.91
2025-10-21,9:30:53.986935515,T,KO,,138,70.9
2025-10-21,9:30:53.987148950,T,KO,F,100,70.9
2025-10-21,9:30:53.992913777,T,KO,F,100,70.88
2025-10-21,9:30:53.998867813,T,KO,F I,17,70.89
2025-10-21,9:30:54.005567853,T,KO,F,193,70.89
2025-10-21,9:30:54.005588949,T,KO,I,26,70.89
2025-10-21,9:30:54.050350441,T,KO,I,7,70.92
2025-10-21,9:30:54.062830171,T,KO,,221,70.92
2025-10-21,9:30:54.062854293,T,KO,F,260,70.92
2025-10-21,9:30:54.062875352,T,KO,I,19,70.92
2025-10-21,9:30:54.304919378,T,KO,F,100,70.9
2025-10-21,9:30:54.304921987,T,KO,F I,15,70.9
2025-10-21,9:30:54.304921987,T,KO,F I,1,70.9
2025-10-21,9:30:54.304924800,T,KO,F,200,70.9
2025-10-21,9:30:54.305135318,T,KO,F,100,70.88
2025-10-21,9:30:54.305135318,T,KO,F,400,70.88
2025-10-21,9:30:54.305162519,T,KO,,138,70.89
2025-10-21,9:30:54.305162519,T,KO,,100,70.9
2025-10-21,9:30:54.305219509,T,KO,I,64,70.9
2025-10-21,9:30:54.305222603,T,KO,I,64,70.91
2025-10-21,9:30:54.305222603,T,KO,I,57,70.91
2025-10-21,9:30:54.306966645,T,KO,F,100,70.9
2025-10-21,9:30:54.307072297,T,KO,F I,1,70.9
2025-10-21,9:30:54.307072297,T,KO,F,100,70.89
2025-10-21,9:30:54.307381682,T,KO,F,100,70.89
2025-10-21,9:30:54.307381682,T,KO,F,200,70.89
2025-10-21,9:30:54.314652955,T,KO,I,1,70.87
2025-10-21,9:30:54.314668062,T,KO,F,399,70.87
2025-10-21,9:30:54.314679994,T,KO,F,200,70.86
2025-10-21,9:30:54.314679994,T,KO,F,100,70.86
2025-10-21,9:30:54.314761193,T,KO,F,100,70.85
2025-10-21,9:30:54.315036580,T,KO,F,100,70.84
2025-10-21,9:30:54.315040848,T,KO,F I,47,70.84
2025-10-21,9:30:54.315040848,T,KO,F,100,70.84
2025-10-21,9:30:54.315040848,T,KO,F,200,70.84
2025-10-21,9:30:54.315044756,T,KO,F,200,70.84
2025-10-21,9:30:54.315044756,T,KO,F,200,70.84
2025-10-21,9:30:54.315046950,T,KO,F I,4,70.84
2025-10-21,9:30:54.315179268,T,KO,,138,70.85
2025-10-21,9:30:54.315179268,T,KO,,100,70.85
2025-10-21,9:30:54.315482952,T,KO,,100,70.86
2025-10-21,9:30:54.315615325,T,KO,,100,70.86
2025-10-21,9:30:54.315861890,T,KO,F,100,70.86
2025-10-21,9:30:54.315930964,T,KO,F,100,70.87
2025-10-21,9:30:54.320583939,T,KO,F,100,70.88
2025-10-21,9:30:54.320583939,T,KO,F,107,70.88
2025-10-21,9:30:54.320586068,T,KO,F,500,70.88
2025-10-21,9:30:54.324089495,T,KO,F,100,70.89
2025-10-21,9:30:54.324230754,T,KO,F,100,70.89
2025-10-21,9:30:54.324233984,T,KO,F,138,70.88
2025-10-21,9:30:54.324236840,T,KO,F I,2,70.87
2025-10-21,9:30:54.324240522,T,KO,F,200,70.87
2025-10-21,9:30:54.324240522,T,KO,F,100,70.85
2025-10-21,9:30:54.324242823,T,KO,F,200,70.85
2025-10-21,9:30:54.328413761,T,KO,F I,5,70.85
2025-10-21,9:30:54.328480032,T,KO,F I,11,70.86
2025-10-21,9:30:54.328681407,T,KO,F,100,70.86
2025-10-21,9:30:54.329084365,T,KO,I,11,70.88
2025-10-21,9:30:54.329084365,T,KO,I,8,70.88
2025-10-21,9:30:54.330485704,T,KO,F,100,70.86
2025-10-21,9:30:54.330506711,T,KO,I,6,70.86
2025-10-21,9:30:54.334548344,T,KO,F I,6,70.88
2025-10-21,9:30:54.350296873,T,KO,,300,70.86
2025-10-21,9:30:54.352423449,T,KO,I,86,70.88
2025-10-21,9:30:54.352426495,T,KO,,100,70.88
2025-10-21,9:30:54.352429092,T,KO,,100,70.88
2025-10-21,9:30:54.352432096,T,KO,,100,70.88
2025-10-21,9:30:54.352432096,T,KO,I,6,70.88
2025-10-21,9:30:54.352489207,T,KO,I,36,70.88
2025-10-21,9:30:54.352693557,T,KO,I,6,70.87
2025-10-21,9:30:54.365432243,T,KO,I,11,70.89
2025-10-21,9:30:54.365432243,T,KO,,100,70.89
2025-10-21,9:30:54.365435016,T,KO,,100,70.89
2025-10-21,9:30:54.365789822,T,KO,F,100,70.9
2025-10-21,9:30:54.365792822,T,KO,F I,11,70.9
2025-10-21,9:30:54.378874405,T,KO,,100,70.91
2025-10-21,9:30:54.378874405,T,KO,,200,70.91
2025-10-21,9:30:54.379219795,T,KO,,100,70.92
2025-10-21,9:30:54.379219795,T,KO,,200,70.92
2025-10-21,9:30:54.379691859,T,KO,I,64,70.93
2025-10-21,9:30:54.379691859,T,KO,,200,70.93
2025-10-21,9:30:54.380651353,T,KO,F I,35,70.91
2025-10-21,9:30:54.380651353,T,KO,F I,7,70.91
2025-10-21,9:30:54.380657223,T,KO,F I,3,70.91
2025-10-21,9:30:54.380657223,T,KO,F,200,70.91
2025-10-21,9:30:54.427265215,T,KO,I,93,70.92
2025-10-21,9:30:54.452435230,T,KO,F,100,70.88
2025-10-21,9:30:54.457078144,T,KO,F I,1,70.9
2025-10-21,9:30:54.457114284,T,KO,,100,70.9
2025-10-21,9:30:54.457114284,T,KO,,100,70.9
2025-10-21,9:30:54.457442043,T,KO,,100,70.9
2025-10-21,9:30:54.457550417,T,KO,,100,70.91
2025-10-21,9:30:54.457577412,T,KO,F,100,70.91
2025-10-21,9:30:54.457607451,T,KO,F,138,70.9
2025-10-21,9:30:55.332249612,T,KO,I,2,70.86
2025-10-21,9:30:55.332619906,T,KO,,138,70.88
2025-10-21,9:30:55.332622538,T,KO,,138,70.88
2025-10-21,9:30:55.332640555,T,KO,I,1,70.88
2025-10-21,9:30:55.332643546,T,KO,I,99,70.88
2025-10-21,9:30:55.332673661,T,KO,,100,70.89
2025-10-21,9:30:55.332676658,T,KO,,100,70.89
2025-10-21,9:30:55.332860103,T,KO,F,100,70.88
2025-10-21,9:30:55.333019410,T,KO,F,100,70.88
2025-10-21,9:30:55.333067529,T,KO,,100,70.89
2025-10-21,9:30:55.333241990,T,KO,F,100,70.89
2025-10-21,9:30:55.362625015,T,KO,I,6,70.915
2025-10-21,9:30:55.362625015,T,KO,I,5,70.915
2025-10-21,9:30:55.379828907,T,KO,,100,70.915
2025-10-21,9:30:55.391917796,T,KO,,300,70.915
2025-10-21,9:30:55.392531592,T,KO,F I,61,70.9
2025-10-21,9:30:55.392531592,T,KO,F I,64,70.9
2025-10-21,9:30:55.392534298,T,KO,F,400,70.9
2025-10-21,9:30:55.640336553,T,KO,F,100,70.86
2025-10-21,9:30:55.640336553,T,KO,F I,36,70.86
2025-10-21,9:30:55.640537859,T,KO,F,100,70.85
2025-10-21,9:30:55.640543921,T,KO,F,100,70.85
2025-10-21,9:30:55.640543921,T,KO,F I,50,70.85
2025-10-21,9:30:55.640565258,T,KO,F I,50,70.85
2025-10-21,9:30:55.640565258,T,KO,F,200,70.84
2025-10-21,9:30:55.640568368,T,KO,F I,50,70.84
2025-10-21,9:30:55.641145379,T,KO,F I,20,70.83
2025-10-21,9:30:55.641149264,T,KO,F I,46,70.83
2025-10-21,9:30:55.641149264,T,KO,F,200,70.83
2025-10-21,9:30:55.641154856,T,KO,F,100,70.83
2025-10-21,9:30:55.641173323,T,KO,F I,6,70.82
2025-10-21,9:30:55.641173323,T,KO,F,100,70.82
2025-10-21,9:30:55.641173323,T,KO,F,200,70.82
2025-10-21,9:30:55.641488117,T,KO,F,100,70.82
2025-10-21,9:30:55.660917949,T,KO,,100,70.84
2025-10-21,9:30:55.660920402,T,KO,,167,70.84
2025-10-21,9:30:55.660923506,T,KO,,100,70.84
2025-10-21,9:30:55.661669240,T,KO,F,200,70.82
2025-10-21,9:30:55.661672260,T,KO,F,100,70.82
2025-10-21,9:30:55.933119804,T,KO,,300,70.8
2025-10-21,9:30:55.933119804,T,KO,,100,70.82
2025-10-21,9:30:55.933128950,T,KO,,100,70.82
2025-10-21,9:30:55.933153011,T,KO,,100,70.82
2025-10-21,9:30:55.933155797,T,KO,,100,70.82
2025-10-21,9:30:55.933238385,T,KO,F,200,70.83
2025-10-21,9:30:55.933240059,T,KO,F,100,70.83
2025-10-21,9:30:55.933242996,T,KO,F,100,70.83
2025-10-21,9:30:55.934497053,T,KO,,100,70.82
2025-10-21,9:30:55.937886133,T,KO,F,100,70.82
2025-10-21,9:30:55.938108802,T,KO,F,100,70.82
2025-10-21,9:30:55.938183780,T,KO,F,100,70.82
2025-10-21,9:30:55.938403267,T,KO,F,100,70.82
2025-10-21,9:30:55.938406385,T,KO,F,100,70.82
2025-10-21,9:30:55.938448479,T,KO,F,100,70.83
2025-10-21,9:30:55.943551628,T,KO,,100,70.83
2025-10-21,9:30:55.943551628,T,KO,,100,70.83
2025-10-21,9:30:56.018144224,T,KO,F,100,70.82
2025-10-21,9:30:56.018177362,T,KO,F,100,70.81
2025-10-21,9:30:56.018180610,T,KO,F,200,70.81
2025-10-21,9:30:56.018484006,T,KO,,100,70.82
2025-10-21,9:30:56.018799864,T,KO,,100,70.83
2025-10-21,9:30:56.018799864,T,KO,,100,70.83
2025-10-21,9:30:56.018833018,T,KO,,100,70.84
2025-10-21,9:30:56.018833018,T,KO,I,86,70.84
2025-10-21,9:30:56.018835959,T,KO,,100,70.84
2025-10-21,9:30:56.019046421,T,KO,,100,70.83
2025-10-21,9:30:56.057411876,T,KO,,100,70.83
2025-10-21,9:30:56.057495999,T,KO,F,100,70.83
2025-10-21,9:30:56.057586159,T,KO,F,100,70.83
2025-10-21,9:30:56.059333513,T,KO,,100,70.85
2025-10-21,9:30:56.059333513,T,KO,I,69,70.85
2025-10-21,9:30:56.059357585,T,KO,F I,98,70.85
2025-10-21,9:30:56.059360409,T,KO,F,100,70.85
2025-10-21,9:30:56.059667166,T,KO,F,100,70.85
2025-10-21,9:30:56.321783493,T,KO,,100,70.83
2025-10-21,9:30:56.321801496,T,KO,I,1,70.83
2025-10-21,9:30:56.322144350,T,KO,,138,70.84
2025-10-21,9:30:56.322147295,T,KO,,100,70.84
2025-10-21,9:30:56.322283165,T,KO,I,13,70.83
2025-10-21,9:30:56.322285658,T,KO,I,87,70.83
2025-10-21,9:30:56.322454126,T,KO,I,9,70.84
2025-10-21,9:30:56.322454126,T,KO,,110,70.84
2025-10-21,9:30:56.322457559,T,KO,,100,70.84
2025-10-21,9:30:56.475894876,T,KO,,100,70.85
2025-10-21,9:30:56.475897482,T,KO,I,28,70.85
2025-10-21,9:30:56.475915493,T,KO,I,72,70.85
2025-10-21,9:30:56.476039217,T,KO,F,200,70.86
2025-10-21,9:30:56.476039217,T,KO,F,100,70.86
2025-10-21,9:30:56.476162123,T,KO,F,100,70.86
2025-10-21,9:30:56.476216346,T,KO,,100,70.85
2025-10-21,9:30:56.476312456,T,KO,,100,70.86
2025-10-21,9:30:56.476333576,T,KO,I,87,70.86
2025-10-21,9:30:56.479614798,T,KO,,167,70.87
2025-10-21,9:30:56.479614798,T,KO,,100,70.87
2025-10-21,9:30:56.479617326,T,KO,,100,70.87
2025-10-21,9:30:56.479758645,T,KO,F I,1,70.88
2025-10-21,9:30:56.479761730,T,KO,F,199,70.88
2025-10-21,9:30:56.590043867,T,KO,F,100,70.91
2025-10-21,9:30:56.590043867,T,KO,F,200,70.91
2025-10-21,9:30:56.590046332,T,KO,F,100,70.91
2025-10-21,9:30:56.590248196,T,KO,F,100,70.91
2025-10-21,9:30:56.590251515,T,KO,F,100,70.9
2025-10-21,9:30:56.590253864,T,KO,F,153,70.9
2025-10-21,9:30:56.590253864,T,KO,F,257,70.9
2025-10-21,9:30:56.590280915,T,KO,F,104,70.9
2025-10-21,9:30:56.606964704,T,KO,F,100,70.87
2025-10-21,9:30:56.615099029,T,KO,,100,70.88
2025-10-21,9:30:56.615102022,T,KO,,191,70.88
2025-10-21,9:30:56.615153228,T,KO,F,100,70.88
2025-10-21,9:30:56.648902553,T,KO,F,100,70.88
2025-10-21,9:30:56.836459290,T,KO,F,100,70.82
2025-10-21,9:30:56.836459290,T,KO,F I,5,70.82
2025-10-21,9:30:56.836495886,T,KO,I,92,70.82
2025-10-21,9:30:56.836498351,T,KO,F I,8,70.82
2025-10-21,9:30:56.961172296,T,KO,F,100,70.78
2025-10-21,9:30:56.961187285,T,KO,F,200,70.78
2025-10-21,9:30:56.961190305,T,KO,F,100,70.77
2025-10-21,9:30:56.961196862,T,KO,F,200,70.77
2025-10-21,9:30:56.961199997,T,KO,F I,62,70.77
2025-10-21,9:30:56.961217697,T,KO,F,100,70.76
2025-10-21,9:30:56.961220492,T,KO,F,200,70.76
2025-10-21,9:30:56.962499498,T,KO,F,100,70.75
2025-10-21,9:30:56.962499498,T,KO,F,200,70.75
2025-10-21,9:30:56.962505178,T,KO,F,200,70.75
2025-10-21,9:30:56.962505178,T,KO,F,200,70.75
2025-10-21,9:30:56.962507415,T,KO,F,200,70.75
2025-10-21,9:30:56.962796815,T,KO,F,352,70.75
2025-10-21,9:30:56.963000749,T,KO,F,703,70.75
2025-10-21,9:30:56.963009841,T,KO,,100,70.76
2025-10-21,9:30:56.963009841,T,KO,,100,70.76
2025-10-21,9:30:56.963033811,T,KO,,100,70.75
2025-10-21,9:30:56.963043614,T,KO,,100,70.76
2025-10-21,9:30:56.963046849,T,KO,,100,70.77
2025-10-21,9:30:56.963050130,T,KO,,100,70.77
2025-10-21,9:30:56.963052884,T,KO,,100,70.77
2025-10-21,9:30:56.963169049,T,KO,F,100,70.75
2025-10-21,9:30:56.963172249,T,KO,F I,13,70.75
2025-10-21,9:30:56.963175145,T,KO,F,100,70.75
2025-10-21,9:30:56.963178279,T,KO,F,100,70.75
2025-10-21,9:30:56.963181384,T,KO,F I,37,70.75
2025-10-21,9:30:56.963181384,T,KO,F I,4,70.75
2025-10-21,9:30:56.963223214,T,KO,,138,70.76
2025-10-21,9:30:56.963253261,T,KO,F,100,70.76
2025-10-21,9:30:56.963307338,T,KO,F,153,70.76
2025-10-21,9:30:56.963328548,T,KO,F,138,70.76
2025-10-21,9:30:56.963334548,T,KO,,100,70.77
2025-10-21,9:30:56.963352511,T,KO,F,100,70.77
2025-10-21,9:30:56.963391561,T,KO,,100,70.76
2025-10-21,9:30:56.963475848,T,KO,F,100,70.76
2025-10-21,9:30:56.963581060,T,KO,F I,5,70.76
2025-10-21,9:30:56.963912507,T,KO,,100,70.77
2025-10-21,9:30:56.963944937,T,KO,F I,51,70.77
2025-10-21,9:30:56.963965954,T,KO,I,49,70.77
2025-10-21,9:30:56.964062241,T,KO,F I,67,70.77
2025-10-21,9:30:56.964095236,T,KO,F I,1,70.77
2025-10-21,9:30:56.964095236,T,KO,F,239,70.77
2025-10-21,9:30:56.964170475,T,KO,F I,1,70.76
2025-10-21,9:30:56.964221907,T,KO,,100,70.76
2025-10-21,9:30:56.964224559,T,KO,I,8,70.76
2025-10-21,9:30:56.964311723,T,KO,F,100,70.76
2025-10-21,9:30:56.964311723,T,KO,F I,1,70.76
2025-10-21,9:30:56.964429077,T,KO,F I,6,70.76
2025-10-21,9:30:56.964444116,T,KO,F I,1,70.76
2025-10-21,9:30:56.964504341,T,KO,,100,70.76
2025-10-21,9:30:56.964507286,T,KO,,100,70.76
2025-10-21,9:30:56.964531313,T,KO,I,35,70.76
2025-10-21,9:30:56.964558417,T,KO,I,65,70.76
2025-10-21,9:30:56.964991405,T,KO,I,2,70.75
2025-10-21,9:30:57.130415422,T,KO,I,49,70.74
2025-10-21,9:30:57.130433463,T,KO,I,6,70.74
2025-10-21,9:30:57.130442571,T,KO,F,345,70.74
2025-10-21,9:30:57.130740260,T,KO,F,100,70.72
2025-10-21,9:30:57.130794568,T,KO,F,200,70.71
2025-10-21,9:30:57.130794568,T,KO,F,100,70.71
2025-10-21,9:30:57.130929738,T,KO,,100,70.73
2025-10-21,9:30:57.130929738,T,KO,I,35,70.73
2025-10-21,9:30:57.130966048,T,KO,,100,70.74
2025-10-21,9:30:57.130966048,T,KO,,100,70.74
2025-10-21,9:30:57.131010836,T,KO,,100,70.74
2025-10-21,9:30:57.509607480,T,KO,F,125,70.72
2025-10-21,9:30:57.509610124,T,KO,F I,35,70.72
2025-10-21,9:30:57.509612719,T,KO,F,322,70.72
2025-10-21,9:30:57.509612719,T,KO,F,100,70.72
2025-10-21,9:30:57.509628505,T,KO,I,62,70.72
2025-10-21,9:30:57.509675980,T,KO,F,100,70.71
2025-10-21,9:30:57.510048598,T,KO,F,100,70.69
2025-10-21,9:30:57.510051605,T,KO,F,200,70.69
2025-10-21,9:30:57.510177829,T,KO,F,100,70.7
2025-10-21,9:30:57.510181132,T,KO,F I,2,70.7
2025-10-21,9:30:57.510183825,T,KO,F,198,70.7
2025-10-21,9:30:57.510192844,T,KO,F,200,70.7
2025-10-21,9:30:57.510214001,T,KO,F,132,70.7
2025-10-21,9:30:57.510496561,T,KO,F,200,70.69
2025-10-21,9:30:57.510511709,T,KO,I,1,70.69
2025-10-21,9:30:57.510523621,T,KO,F,299,70.69
2025-10-21,9:30:57.510547690,T,KO,,100,70.7
2025-10-21,9:30:57.510550779,T,KO,,100,70.7
2025-10-21,9:30:57.510574926,T,KO,F I,1,70.69
2025-10-21,9:30:57.510574926,T,KO,F,138,70.69
2025-10-21,9:30:57.510833484,T,KO,F,200,70.68
2025-10-21,9:30:57.511895004,T,KO,,100,70.68
2025-10-21,9:30:57.511895004,T,KO,I,9,70.67
2025-10-21,9:30:57.511913007,T,KO,I,1,70.67
2025-10-21,9:30:57.511916317,T,KO,,100,70.68
2025-10-21,9:30:57.511919309,T,KO,I,90,70.67
2025-10-21,9:30:57.511919309,T,KO,I,9,70.67
2025-10-21,9:30:57.511925025,T,KO,I,91,70.67
2025-10-21,9:30:57.530100355,T,KO,I,5,70.65
2025-10-21,9:30:57.530115978,T,KO,I,95,70.65
2025-10-21,9:30:57.530115978,T,KO,,100,70.65
2025-10-21,9:30:57.530121627,T,KO,,100,70.65
2025-10-21,9:30:57.530125737,T,KO,,100,70.65
2025-10-21,9:30:57.530125737,T,KO,,300,70.65
2025-10-21,9:30:57.530130479,T,KO,,100,70.65
2025-10-21,9:30:57.530130479,T,KO,,100,70.65
2025-10-21,9:30:57.530130479,T,KO,,400,70.65
2025-10-21,9:30:57.530133981,T,KO,F,300,70.65
2025-10-21,9:30:57.530160431,T,KO,,138,70.66
2025-10-21,9:30:58.246292067,T,KO,I,76,70.635
2025-10-21,9:30:58.246511651,T,KO,F,324,70.635
2025-10-21,9:30:58.246517674,T,KO,F,200,70.63
2025-10-21,9:30:58.246565988,T,KO,F,100,70.63
2025-10-21,9:30:58.246565988,T,KO,F,100,70.61
2025-10-21,9:30:58.246866428,T,KO,F I,22,70.61
2025-10-21,9:30:58.247140457,T,KO,,100,70.61
2025-10-21,9:30:58.247395902,T,KO,F,100,70.61
2025-10-21,9:30:58.247395902,T,KO,F,100,70.61
2025-10-21,9:30:59.083449974,T,KO,I,69,70.59
2025-10-21,9:30:59.083477151,T,KO,F I,31,70.59
2025-10-21,9:30:59.083480806,T,KO,F,100,70.59
2025-10-21,9:30:59.083480806,T,KO,F,100,70.59
2025-10-21,9:30:59.083486154,T,KO,F,169,70.58
2025-10-21,9:30:59.083498250,T,KO,I,4,70.58
2025-10-21,9:30:59.083501081,T,KO,I,1,70.58
2025-10-21,9:30:59.083504110,T,KO,F I,26,70.58
2025-10-21,9:30:59.083507181,T,KO,F I,74,70.58
2025-10-21,9:30:59.083537498,T,KO,F I,26,70.58
2025-10-21,9:30:59.083537498,T,KO,F,100,70.58
2025-10-21,9:30:59.083540487,T,KO,F,105,70.58
2025-10-21,9:30:59.083543199,T,KO,I,95,70.58
2025-10-21,9:30:59.083856588,T,KO,I,25,70.58
2025-10-21,9:30:59.084472686,T,KO,,100,70.58
2025-10-21,9:30:59.084472686,T,KO,,173,70.58
2025-10-21,9:30:59.084508554,T,KO,I,27,70.58
2025-10-21,9:30:59.084512489,T,KO,,100,70.58
2025-10-21,9:30:59.084512489,T,KO,,100,70.58
2025-10-21,9:30:59.084514663,T,KO,,100,70.58
2025-10-21,9:30:59.084517886,T,KO,I,50,70.58
2025-10-21,9:30:59.084517886,T,KO,,100,70.58
2025-10-21,9:30:59.084521499,T,KO,,100,70.58
2025-10-21,9:30:59.084526892,T,KO,,100,70.58
2025-10-21,9:30:59.084529812,T,KO,I,75,70.58
2025-10-21,9:30:59.084529812,T,KO,I,48,70.58
2025-10-21,9:30:59.084532776,T,KO,F I,52,70.58
2025-10-21,9:30:59.084532776,T,KO,F,100,70.58
2025-10-21,9:30:59.084535612,T,KO,F,100,70.58
2025-10-21,9:30:59.084538565,T,KO,F,100,70.58
2025-10-21,9:30:59.124675248,T,KO,F,201,70.57
2025-10-21,9:30:59.124682646,T,KO,F I,99,70.57
2025-10-21,9:30:59.124687302,T,KO,F I,1,70.58
2025-10-21,9:30:59.124687302,T,KO,F,100,70.58
2025-10-21,9:30:59.124696324,T,KO,F,100,70.58
2025-10-21,9:30:59.124717462,T,KO,F,100,70.59
2025-10-21,9:30:59.124720326,T,KO,F,100,70.59
2025-10-21,9:30:59.124756353,T,KO,,102,70.58
2025-10-21,9:30:59.124912708,T,KO,F,101,70.59
2025-10-21,9:30:59.124924727,T,KO,,100,70.58
2025-10-21,9:30:59.124948814,T,KO,F,100,70.59
2025-10-21,9:30:59.124993909,T,KO,I,7,70.58
2025-10-21,9:30:59.125018036,T,KO,,100,70.58
2025-10-21,9:30:59.125069063,T,KO,,100,70.57
2025-10-21,9:30:59.125102241,T,KO,F I,99,70.58
2025-10-21,9:30:59.125225565,T,KO,F I,46,70.58
2025-10-21,9:30:59.125258596,T,KO,I,25,70.58
2025-10-21,9:30:59.125375802,T,KO,,100,70.57
2025-10-21,9:30:59.125408964,T,KO,I,53,70.57
2025-10-21,9:30:59.125436252,T,KO,I,47,70.57
2025-10-21,9:30:59.125803039,T,KO,I,1,70.57
2025-10-21,9:30:59.125806616,T,KO,I,13,70.57
2025-10-21,9:30:59.125806616,T,KO,I,26,70.57
2025-10-21,9:30:59.125808911,T,KO,I,47,70.57
2025-10-21,9:30:59.175583460,T,KO,F,100,70.54
2025-10-21,9:30:59.175586448,T,KO,F,200,70.54
2025-10-21,9:30:59.175605231,T,KO,F,100,70.53
2025-10-21,9:30:59.175607477,T,KO,F,200,70.53
2025-10-21,9:30:59.175900191,T,KO,I,9,70.54
2025-10-21,9:30:59.175902259,T,KO,I,40,70.54
2025-10-21,9:30:59.175923588,T,KO,I,38,70.54
2025-10-21,9:30:59.175938265,T,KO,F,212,70.54
2025-10-21,9:30:59.175944271,T,KO,F,100,70.52
2025-10-21,9:30:59.175947310,T,KO,F I,35,70.52
2025-10-21,9:30:59.175950703,T,KO,F,100,70.51
2025-10-21,9:30:59.175962379,T,KO,F I,53,70.51
2025-10-21,9:30:59.175962379,T,KO,F,147,70.51
2025-10-21,9:30:59.175971338,T,KO,F,100,70.52
2025-10-21,9:30:59.175977313,T,KO,F I,35,70.52
2025-10-21,9:30:59.175977313,T,KO,,365,70.52
2025-10-21,9:30:59.175980932,T,KO,,200,70.52
2025-10-21,9:30:59.176013470,T,KO,I,65,70.52
2025-10-21,9:30:59.176109898,T,KO,F I,40,70.52
2025-10-21,9:30:59.176112885,T,KO,F,100,70.52
2025-10-21,9:30:59.176115684,T,KO,F,100,70.52
2025-10-21,9:30:59.176139792,T,KO,I,64,70.52
2025-10-21,9:30:59.176395805,T,KO,F I,8,70.5
2025-10-21,9:30:59.176398395,T,KO,F,100,70.5
2025-10-21,9:30:59.176401332,T,KO,F,200,70.5
2025-10-21,9:30:59.176690050,T,KO,I,26,70.5
2025-10-21,9:30:59.176915787,T,KO,F I,14,70.49
2025-10-21,9:30:59.176936710,T,KO,F I,86,70.49
2025-10-21,9:30:59.176996735,T,KO,F,100,70.49
2025-10-21,9:30:59.179697827,T,KO,F,200,70.5
2025-10-21,9:30:59.179700297,T,KO,F,100,70.5
2025-10-21,9:30:59.179730604,T,KO,F,200,70.51
2025-10-21,9:30:59.179733316,T,KO,F,100,70.51
2025-10-21,9:30:59.179805565,T,KO,F I,86,70.52
2025-10-21,9:30:59.180015918,T,KO,F,100,70.52
2025-10-21,9:30:59.180331705,T,KO,F,100,70.53
2025-10-21,9:30:59.191470232,T,KO,,100,70.54
2025-10-21,9:30:59.191470232,T,KO,I,97,70.54
2025-10-21,9:30:59.191488290,T,KO,I,1,70.54
2025-10-21,9:30:59.191494316,T,KO,F I,2,70.54
2025-10-21,9:30:59.191981528,T,KO,F,400,70.54
2025-10-21,9:30:59.192008565,T,KO,F,100,70.53
2025-10-21,9:30:59.192011811,T,KO,F,200,70.53
2025-10-21,9:30:59.192011811,T,KO,F,100,70.53
2025-10-21,9:30:59.192143814,T,KO,F,200,70.53
2025-10-21,9:30:59.227514811,T,KO,,138,70.54
2025-10-21,9:30:59.227518497,T,KO,,200,70.54
2025-10-21,9:30:59.227518497,T,KO,,100,70.54
2025-10-21,9:30:59.227523132,T,KO,,100,70.54
2025-10-21,9:30:59.227523132,T,KO,,100,70.54
2025-10-21,9:30:59.227862969,T,KO,F,100,70.54
2025-10-21,9:30:59.227899208,T,KO,F,100,70.55
2025-10-21,9:30:59.227899208,T,KO,F,100,70.55
2025-10-21,9:30:59.227902029,T,KO,F,200,70.55
2025-10-21,9:30:59.228118582,T,KO,F,100,70.55
2025-10-21,9:30:59.228221243,T,KO,F,100,70.56
2025-10-21,9:30:59.228224346,T,KO,I,9,70.55
2025-10-21,9:30:59.228224346,T,KO,I,91,70.55
2025-10-21,9:30:59.228295932,T,KO,F I,47,70.55
2025-10-21,9:30:59.228347108,T,KO,,138,70.56
2025-10-21,9:30:59.228440346,T,KO,F,100,70.55
2025-10-21,9:30:59.228455443,T,KO,F I,38,70.55
2025-10-21,9:30:59.228491435,T,KO,,119,70.56
2025-10-21,9:30:59.228563658,T,KO,F,100,70.56
2025-10-21,9:30:59.228632819,T,KO,I,80,70.57
2025-10-21,9:30:59.228663162,T,KO,F,100,70.57
2025-10-21,9:30:59.228686922,T,KO,F,100,70.57
2025-10-21,9:30:59.228695963,T,KO,I,19,70.57
2025-10-21,9:30:59.229778573,T,KO,,200,70.58
2025-10-21,9:30:59.229844608,T,KO,F,100,70.58
2025-10-21,9:30:59.233291210,T,KO,F,100,70.55
2025-10-21,9:30:59.233591548,T,KO,F,100,70.56
2025-10-21,9:31:00.564122547,T,KO,,100,70.54
2025-10-21,9:31:00.564182715,T,KO,I,49,70.54
2025-10-21,9:31:00.571105177,T,KO,,400,70.535
2025-10-21,9:31:01.069785938,T,KO,F I,26,70.56
2025-10-21,9:31:01.069785938,T,KO,F,100,70.56
2025-10-21,9:31:01.069789009,T,KO,F,100,70.57
2025-10-21,9:31:01.069879181,T,KO,F,100,70.58
2025-10-21,9:31:01.069930344,T,KO,I,35,70.56
2025-10-21,9:31:01.069966399,T,KO,,100,70.55
2025-10-21,9:31:01.069969452,T,KO,,100,70.55
2025-10-21,9:31:01.069975402,T,KO,F I,35,70.555
2025-10-21,9:31:01.069985074,T,KO,F,265,70.555
2025-10-21,9:31:01.069985074,T,KO,F I,35,70.58
2025-10-21,9:31:01.070164918,T,KO,I,9,70.57
2025-10-21,9:31:01.070167962,T,KO,I,91,70.55
2025-10-21,9:31:01.070212960,T,KO,F,138,70.56
2025-10-21,9:31:01.070246098,T,KO,,100,70.56
2025-10-21,9:31:01.070249116,T,KO,,200,70.55
2025-10-21,9:31:01.070267147,T,KO,I,1,70.56
2025-10-21,9:31:01.070330199,T,KO,F,553,70.56
2025-10-21,9:31:01.070336320,T,KO,F I,1,70.56
2025-10-21,9:31:01.070438545,T,KO,F I,14,70.56
2025-10-21,9:31:01.070462564,T,KO,,100,70.55
2025-10-21,9:31:01.070465889,T,KO,,100,70.55
2025-10-21,9:31:01.070465889,T,KO,,100,70.55
2025-10-21,9:31:01.070609920,T,KO,,100,70.56
2025-10-21,9:31:01.070622034,T,KO,F I,1,70.56
2025-10-21,9:31:01.070654981,T,KO,,100,70.56
2025-10-21,9:31:01.070654981,T,KO,,100,70.56
2025-10-21,9:31:01.070658063,T,KO,,100,70.55
2025-10-21,9:31:01.070700201,T,KO,F,138,70.56
2025-10-21,9:31:01.070727231,T,KO,,100,70.56
2025-10-21,9:31:01.070730245,T,KO,I,1,70.55
2025-10-21,9:31:01.070733280,T,KO,I,51,70.55
2025-10-21,9:31:01.070748231,T,KO,,100,70.56
2025-10-21,9:31:01.070763479,T,KO,F I,27,70.56
2025-10-21,9:31:01.070766863,T,KO,F,100,70.56
2025-10-21,9:31:01.070805373,T,KO,,200,70.55
2025-10-21,9:31:01.070883979,T,KO,F I,13,70.56
2025-10-21,9:31:01.070883979,T,KO,F,125,70.56
2025-10-21,9:31:01.070893228,T,KO,I,13,70.56
2025-10-21,9:31:01.070893228,T,KO,I,12,70.56
2025-10-21,9:31:01.070895946,T,KO,,122,70.56
2025-10-21,9:31:01.070899099,T,KO,I,2,70.55
2025-10-21,9:31:01.070901676,T,KO,,100,70.55
2025-10-21,9:31:01.070985803,T,KO,I,98,70.55
2025-10-21,9:31:01.071001000,T,KO,I,13,70.55
2025-10-21,9:31:01.071004147,T,KO,I,12,70.55
2025-10-21,9:31:01.071008256,T,KO,I,2,70.55
2025-10-21,9:31:01.071008256,T,KO,I,26,70.55
2025-10-21,9:31:01.071012863,T,KO,,138,70.55
2025-10-21,9:31:01.071024910,T,KO,I,1,70.55
2025-10-21,9:31:01.071097063,T,KO,F I,78,70.56
2025-10-21,9:31:01.071109103,T,KO,F I,3,70.56
2025-10-21,9:31:01.071151246,T,KO,I,61,70.55
2025-10-21,9:31:01.071197161,T,KO,I,3,70.55
2025-10-21,9:31:01.071202524,T,KO,I,2,70.55
2025-10-21,9:31:01.071202524,T,KO,,100,70.55
2025-10-21,9:31:01.071211416,T,KO,F,134,70.56
2025-10-21,9:31:01.071247408,T,KO,F I,66,70.56
2025-10-21,9:31:01.071247408,T,KO,F I,1,70.56
2025-10-21,9:31:01.071295532,T,KO,,100,70.56
2025-10-21,9:31:01.071352791,T,KO,F I,1,70.56
2025-10-21,9:31:01.071373779,T,KO,I,33,70.55
2025-10-21,9:31:01.071393067,T,KO,F,105,70.55
2025-10-21,9:31:01.071397839,T,KO,F I,29,70.55
2025-10-21,9:31:01.071397839,T,KO,F,100,70.54
2025-10-21,9:31:01.071397839,T,KO,F,100,70.54
2025-10-21,9:31:01.071401180,T,KO,F,166,70.54
2025-10-21,9:31:01.071521044,T,KO,F I,99,70.56
2025-10-21,9:31:01.071521044,T,KO,F I,1,70.56
2025-10-21,9:31:01.071551166,T,KO,I,1,70.55
2025-10-21,9:31:01.071554479,T,KO,,300,70.55
2025-10-21,9:31:01.071554479,T,KO,,100,70.55
2025-10-21,9:31:01.071560192,T,KO,F,116,70.56
2025-10-21,9:31:01.071560192,T,KO,F I,1,70.56
2025-10-21,9:31:01.071614787,T,KO,I,99,70.55
2025-10-21,9:31:01.071821791,T,KO,F,100,70.55
2025-10-21,9:31:01.071839847,T,KO,,100,70.54
2025-10-21,9:31:01.071860942,T,KO,I,1,70.54
2025-10-21,9:31:01.071894316,T,KO,I,99,70.54
2025-10-21,9:31:01.071897036,T,KO,,100,70.54
2025-10-21,9:31:01.071897036,T,KO,,200,70.54
2025-10-21,9:31:01.072056381,T,KO,,100,70.54
2025-10-21,9:31:01.073030795,T,KO,F,100,70.54
2025-10-21,9:31:01.073052491,T,KO,F,138,70.54
2025-10-21,9:31:01.073054802,T,KO,F I,29,70.54
2025-10-21,9:31:01.073060779,T,KO,F,200,70.54
2025-10-21,9:31:01.073439670,T,KO,F I,49,70.55
2025-10-21,9:31:01.073446021,T,KO,F,117,70.55
2025-10-21,9:31:01.073446021,T,KO,F,100,70.55
2025-10-21,9:31:01.073449761,T,KO,,100,70.54
2025-10-21,9:31:01.073449761,T,KO,,100,70.54
2025-10-21,9:31:01.073452620,T,KO,,100,70.54
2025-10-21,9:31:01.073484773,T,KO,,100,70.55
2025-10-21,9:31:01.073683231,T,KO,,100,70.54
2025-10-21,9:31:01.073686236,T,KO,,200,70.54
2025-10-21,9:31:01.073918133,T,KO,,100,70.54
2025-10-21,9:31:01.073918133,T,KO,,200,70.54
2025-10-21,9:31:01.073920788,T,KO,,100,70.54
2025-10-21,9:31:01.081267708,T,KO,I,81,70.53
2025-10-21,9:31:01.081267708,T,KO,I,19,70.53
2025-10-21,9:31:01.081778466,T,KO,F,200,70.53
2025-10-21,9:31:01.089515909,T,KO,,100,70.52
2025-10-21,9:31:01.089690727,T,KO,I,1,70.53
2025-10-21,9:31:01.089690727,T,KO,,100,70.53
2025-10-21,9:31:01.089693361,T,KO,,200,70.53
2025-10-21,9:31:01.089916007,T,KO,,100,70.53
2025-10-21,9:31:01.089937000,T,KO,F I,1,70.53
2025-10-21,9:31:01.089940033,T,KO,I,1,70.53
2025-10-21,9:31:01.090006161,T,KO,F,198,70.53
2025-10-21,9:31:01.090099344,T,KO,F I,1,70.53
2025-10-21,9:31:01.090099344,T,KO,F,200,70.53
2025-10-21,9:31:01.127892515,T,KO,F,100,70.52
2025-10-21,9:31:01.127899742,T,KO,F,100,70.52
2025-10-21,9:31:01.127902731,T,KO,F,300,70.52
2025-10-21,9:31:01.127923441,T,KO,F,100,70.51
2025-10-21,9:31:01.127923441,T,KO,F,200,70.51
2025-10-21,9:31:01.128203051,T,KO,F I,84,70.51
2025-10-21,9:31:01.128278730,T,KO,,146,70.51
2025-10-21,9:31:01.128281389,T,KO,F,154,70.51
2025-10-21,9:31:01.128287313,T,KO,F,316,70.51
2025-10-21,9:31:01.128356409,T,KO,,138,70.52
2025-10-21,9:31:01.128377556,T,KO,I,1,70.52
2025-10-21,9:31:01.128401933,T,KO,F,138,70.51
2025-10-21,9:31:01.128404534,T,KO,F,138,70.51
2025-10-21,9:31:01.128449703,T,KO,,200,70.52
2025-10-21,9:31:01.128452829,T,KO,I,99,70.52
2025-10-21,9:31:01.128485824,T,KO,F,350,70.51
2025-10-21,9:31:01.128492410,T,KO,,100,70.51
2025-10-21,9:31:01.128521821,T,KO,,550,70.51
2025-10-21,9:31:01.128542914,T,KO,F,200,70.53
2025-10-21,9:31:01.128542914,T,KO,F,100,70.53
2025-10-21,9:31:01.128545866,T,KO,F,100,70.53
2025-10-21,9:31:01.128558187,T,KO,I,39,70.52
2025-10-21,9:31:01.128570394,T,KO,F I,9,70.51
2025-10-21,9:31:01.128570394,T,KO,F I,2,70.51
2025-10-21,9:31:01.128572982,T,KO,F I,42,70.51
2025-10-21,9:31:01.128663407,T,KO,I,41,70.51
2025-10-21,9:31:01.128666256,T,KO,I,59,70.51
2025-10-21,9:31:01.128684288,T,KO,I,1,70.51
2025-10-21,9:31:01.128702354,T,KO,F,100,70.51
2025-10-21,9:31:01.128747374,T,KO,F I,5,70.51
2025-10-21,9:31:01.128828700,T,KO,,100,70.52
2025-10-21,9:31:01.128838325,T,KO,F I,48,70.51
2025-10-21,9:31:01.128841271,T,KO,I,50,70.51
2025-10-21,9:31:01.128850235,T,KO,I,50,70.51
2025-10-21,9:31:01.129917116,T,KO,F,100,70.5
2025-10-21,9:31:01.129944495,T,KO,F,200,70.49
2025-10-21,9:31:01.129944495,T,KO,F,100,70.49
2025-10-21,9:31:01.129986349,T,KO,F,100,70.48
2025-10-21,9:31:01.129989295,T,KO,F,200,70.48
2025-10-21,9:31:01.130311095,T,KO,F,100,70.47
2025-10-21,9:31:01.130314178,T,KO,F,200,70.47
2025-10-21,9:31:01.130509640,T,KO,F,100,70.47
2025-10-21,9:31:01.130582229,T,KO,F,100,70.48
2025-10-21,9:31:01.130651091,T,KO,F,100,70.47
2025-10-21,9:31:01.130659922,T,KO,F,100,70.49
2025-10-21,9:31:01.130659922,T,KO,F,100,70.49
2025-10-21,9:31:01.130666795,T,KO,F,100,70.47
2025-10-21,9:31:01.130708008,T,KO,I,17,70.48
2025-10-21,9:31:01.130711069,T,KO,,100,70.48
2025-10-21,9:31:01.130744226,T,KO,F I,79,70.47
2025-10-21,9:31:01.130744226,T,KO,F I,24,70.47
2025-10-21,9:31:01.130750437,T,KO,F I,6,70.47
2025-10-21,9:31:01.130750437,T,KO,F I,24,70.47
2025-10-21,9:31:01.130753524,T,KO,F I,6,70.47
2025-10-21,9:31:01.130753524,T,KO,I,73,70.47
2025-10-21,9:31:01.130756240,T,KO,I,66,70.47
2025-10-21,9:31:01.130771261,T,KO,I,1,70.47
2025-10-21,9:31:01.130802716,T,KO,F,133,70.47
2025-10-21,9:31:01.130802716,T,KO,F I,1,70.47
2025-10-21,9:31:01.130855378,T,KO,,100,70.48
2025-10-21,9:31:01.130855378,T,KO,,100,70.48
2025-10-21,9:31:01.130873563,T,KO,,100,70.48
2025-10-21,9:31:01.130906643,T,KO,F I,77,70.48
2025-10-21,9:31:01.130915569,T,KO,F I,77,70.48
2025-10-21,9:31:01.130927596,T,KO,F I,23,70.48
2025-10-21,9:31:01.130948650,T,KO,F I,99,70.48
2025-10-21,9:31:01.131056926,T,KO,F,100,70.47
2025-10-21,9:31:01.131056926,T,KO,F I,34,70.47
2025-10-21,9:31:01.131072628,T,KO,F I,17,70.47
2025-10-21,9:31:01.131078026,T,KO,F I,27,70.47
2025-10-21,9:31:01.131078026,T,KO,F I,56,70.47
2025-10-21,9:31:01.131080888,T,KO,I,1,70.47
2025-10-21,9:31:01.131195236,T,KO,F,100,70.47
2025-10-21,9:31:01.131225652,T,KO,F,100,70.47
2025-10-21,9:31:01.131333513,T,KO,F I,50,70.47
2025-10-21,9:31:01.131916962,T,KO,F,100,70.46
2025-10-21,9:31:01.131916962,T,KO,F,200,70.46
2025-10-21,9:31:01.131955981,T,KO,F,100,70.46
2025-10-21,9:31:01.132668698,T,KO,F,100,70.44
2025-10-21,9:31:01.132671755,T,KO,F,200,70.44
2025-10-21,9:31:01.132671755,T,KO,F,200,70.44
2025-10-21,9:31:01.132695915,T,KO,F,100,70.43
2025-10-21,9:31:01.132695915,T,KO,F,200,70.43
2025-10-21,9:31:01.132737920,T,KO,F I,48,70.44
2025-10-21,9:31:01.132737920,T,KO,F I,52,70.44
2025-10-21,9:31:01.132969503,T,KO,F,200,70.43
2025-10-21,9:31:01.132993462,T,KO,F,100,70.43
2025-10-21,9:31:01.133276160,T,KO,F I,51,70.43
2025-10-21,9:31:01.133294219,T,KO,F I,78,70.43
2025-10-21,9:31:01.133300190,T,KO,,122,70.43
2025-10-21,9:31:01.133369502,T,KO,F I,22,70.43
2025-10-21,9:31:01.133534745,T,KO,F,100,70.43
2025-10-21,9:31:01.134268594,T,KO,F,150,70.42
2025-10-21,9:31:01.134271549,T,KO,F I,20,70.42
2025-10-21,9:31:01.134560572,T,KO,F,100,70.41
2025-10-21,9:31:01.134563330,T,KO,F,100,70.41
2025-10-21,9:31:01.135676007,T,KO,,200,70.41
2025-10-21,9:31:01.135886343,T,KO,F I,60,70.42
2025-10-21,9:31:01.136084906,T,KO,F I,60,70.42
2025-10-21,9:31:01.136096834,T,KO,F I,80,70.42
2025-10-21,9:31:01.136996005,T,KO,F,100,70.44
2025-10-21,9:31:01.137041203,T,KO,F,250,70.44
2025-10-21,9:31:01.141133946,T,KO,F,200,70.45
2025-10-21,9:31:01.141139942,T,KO,F,100,70.46
2025-10-21,9:31:01.141139942,T,KO,F,200,70.46
2025-10-21,9:31:01.149740420,T,KO,,200,70.49
2025-10-21,9:31:01.149743391,T,KO,,100,70.49
2025-10-21,9:31:01.149842596,T,KO,,100,70.49
2025-10-21,9:31:01.152185220,T,KO,F,100,70.47
2025-10-21,9:31:01.153168548,T,KO,F,200,70.46
2025-10-21,9:31:01.153171650,T,KO,F I,59,70.46
2025-10-21,9:31:01.153171650,T,KO,F I,41,70.46
2025-10-21,9:31:01.154801835,T,KO,F I,59,70.46
2025-10-21,9:31:01.154804403,T,KO,F,157,70.46
2025-10-21,9:31:01.157706412,T,KO,,200,70.47
2025-10-21,9:31:01.158166546,T,KO,I,67,70.48
2025-10-21,9:31:01.180837517,T,KO,I,9,70.48
2025-10-21,9:31:01.213032102,T,KO,,124,70.48
2025-10-21,9:31:01.213032102,T,KO,I,23,70.48
2025-10-21,9:31:01.213053169,T,KO,F I,77,70.48
2025-10-21,9:31:01.213059149,T,KO,F,200,70.49
2025-10-21,9:31:01.213065260,T,KO,F,100,70.49
2025-10-21,9:31:01.213065260,T,KO,F,100,70.49
2025-10-21,9:31:01.213341840,T,KO,I,1,70.48
2025-10-21,9:31:01.213341840,T,KO,I,99,70.48
2025-10-21,9:31:01.213375003,T,KO,I,1,70.48
2025-10-21,9:31:01.213383978,T,KO,,100,70.49
2025-10-21,9:31:01.213438062,T,KO,F I,1,70.48
2025-10-21,9:31:01.213591405,T,KO,F I,57,70.48
2025-10-21,9:31:01.213768863,T,KO,,200,70.5
2025-10-21,9:31:01.213771886,T,KO,,100,70.5
2025-10-21,9:31:01.230879608,T,KO,F,100,70.49
2025-10-21,9:31:01.230903657,T,KO,F,100,70.48
2025-10-21,9:31:01.231150313,T,KO,,100,70.48
2025-10-21,9:31:01.231989891,T,KO,F,600,70.48
2025-10-21,9:31:01.232043418,T,KO,,138,70.49
2025-10-21,9:31:01.232112622,T,KO,F,138,70.48
2025-10-21,9:31:01.232181778,T,KO,F,100,70.48
2025-10-21,9:31:01.232434920,T,KO,,100,70.49
2025-10-21,9:31:01.232506647,T,KO,F,138,70.48
2025-10-21,9:31:01.232630324,T,KO,,138,70.49
2025-10-21,9:31:01.232659989,T,KO,F,100,70.48
2025-10-21,9:31:01.232665942,T,KO,F,100,70.48
2025-10-21,9:31:01.232674967,T,KO,F I,19,70.48
2025-10-21,9:31:01.232719981,T,KO,,100,70.49
2025-10-21,9:31:01.232819245,T,KO,F,100,70.48
2025-10-21,9:31:01.232828332,T,KO,F I,38,70.48
2025-10-21,9:31:01.232888929,T,KO,I,19,70.49
2025-10-21,9:31:01.232888929,T,KO,,100,70.49
2025-10-21,9:31:01.232891620,T,KO,,100,70.49
2025-10-21,9:31:01.232891620,T,KO,I,1,70.49
2025-10-21,9:31:01.233583100,T,KO,F I,65,70.48
2025-10-21,9:31:01.233604181,T,KO,I,1,70.48
2025-10-21,9:31:01.233949971,T,KO,,138,70.49
2025-10-21,9:31:01.234013074,T,KO,F,100,70.49
2025-10-21,9:31:01.234034119,T,KO,I,1,70.49
2025-10-21,9:31:01.234043120,T,KO,,146,70.49
2025-10-21,9:31:01.236328568,T,KO,,100,70.485
2025-10-21,9:31:01.273515217,T,KO,F,100,70.46
2025-10-21,9:31:01.273518236,T,KO,F,200,70.46
2025-10-21,9:31:01.273954878,T,KO,F,100,70.45
2025-10-21,9:31:01.273954878,T,KO,F,100,70.45
2025-10-21,9:31:01.273957277,T,KO,F,100,70.45
2025-10-21,9:31:01.274218925,T,KO,,100,70.47
2025-10-21,9:31:01.274273036,T,KO,F,100,70.46
2025-10-21,9:31:01.274378319,T,KO,,138,70.47
2025-10-21,9:31:01.274381278,T,KO,,100,70.47
2025-10-21,9:31:01.274447504,T,KO,F,138,70.46
2025-10-21,9:31:01.274447504,T,KO,F,100,70.46
2025-10-21,9:31:01.274459463,T,KO,,100,70.47
2025-10-21,9:31:01.274483530,T,KO,F,138,70.46
2025-10-21,9:31:01.274489519,T,KO,F I,57,70.46
2025-10-21,9:31:01.274657971,T,KO,F I,2,70.45
2025-10-21,9:31:01.274678951,T,KO,I,1,70.45
2025-10-21,9:31:01.274715180,T,KO,,100,70.46
2025-10-21,9:31:01.274721031,T,KO,,100,70.45
2025-10-21,9:31:01.274721031,T,KO,,100,70.45
2025-10-21,9:31:01.274721031,T,KO,I,97,70.45
2025-10-21,9:31:01.274724155,T,KO,,138,70.46
2025-10-21,9:31:01.274862440,T,KO,F I,35,70.46
2025-10-21,9:31:01.274883501,T,KO,,103,70.46
2025-10-21,9:31:01.274985639,T,KO,,100,70.46
2025-10-21,9:31:01.275490908,T,KO,,100,70.46
2025-10-21,9:31:01.275554035,T,KO,F,100,70.46
2025-10-21,9:31:01.275557137,T,KO,F I,1,70.46
2025-10-21,9:31:01.275560118,T,KO,F,100,70.46
2025-10-21,9:31:01.275575102,T,KO,F,100,70.46
2025-10-21,9:31:01.275578083,T,KO,F,100,70.46
2025-10-21,9:31:01.276155447,T,KO,F,100,70.45
2025-10-21,9:31:01.276660699,T,KO,,100,70.46
2025-10-21,9:31:01.276663675,T,KO,,100,70.46
2025-10-21,9:31:01.277842498,T,KO,F,200,70.45
2025-10-21,9:31:01.277863515,T,KO,I,1,70.45
2025-10-21,9:31:01.277920697,T,KO,F I,99,70.45
2025-10-21,9:31:01.278104281,T,KO,,138,70.46
2025-10-21,9:31:01.278104281,T,KO,I,64,70.46
2025-10-21,9:31:01.278344850,T,KO,,100,70.46
2025-10-21,9:31:01.278410863,T,KO,F,138,70.46
2025-10-21,9:31:01.278410863,T,KO,F,100,70.46
2025-10-21,9:31:01.278431879,T,KO,I,1,70.46
2025-10-21,9:31:01.278621353,T,KO,,101,70.46
2025-10-21,9:31:01.278621353,T,KO,,100,70.46
2025-10-21,9:31:01.278630438,T,KO,F,100,70.45
2025-10-21,9:31:01.278771736,T,KO,F,100,70.46
2025-10-21,9:31:01.279036374,T,KO,F,100,70.45
2025-10-21,9:31:01.279361093,T,KO,,100,70.46
2025-10-21,9:31:01.279364422,T,KO,,138,70.46
2025-10-21,9:31:01.279367138,T,KO,,100,70.46
2025-10-21,9:31:01.279406197,T,KO,,100,70.46
2025-10-21,9:31:01.279715918,T,KO,,100,70.46
2025-10-21,9:31:01.279737150,T,KO,F I,3,70.46
2025-10-21,9:31:01.279737150,T,KO,I,1,70.46
2025-10-21,9:31:01.279833640,T,KO,F I,99,70.46
2025-10-21,9:31:01.279833640,T,KO,F I,1,70.46
2025-10-21,9:31:01.279839296,T,KO,F I,34,70.46
2025-10-21,9:31:01.279839296,T,KO,F I,99,70.46
2025-10-21,9:31:01.279839296,T,KO,F,100,70.46
2025-10-21,9:31:01.290987422,T,KO,I,64,70.47
2025-10-21,9:31:01.290989924,T,KO,I,99,70.47
2025-10-21,9:31:01.290992871,T,KO,,100,70.47
2025-10-21,9:31:01.294721760,T,KO,I,18,70.48
2025-10-21,9:31:01.294742778,T,KO,F I,82,70.48
2025-10-21,9:31:01.294745776,T,KO,F,200,70.48
2025-10-21,9:31:01.316613887,T,KO,,100,70.48
2025-10-21,9:31:01.316643880,T,KO,F,250,70.48
2025-10-21,9:31:01.337194864,T,KO,,100,70.48
2025-10-21,9:31:01.340610988,T,KO,,150,70.48
2025-10-21,9:31:01.345296178,T,KO,,100,70.48
2025-10-21,9:31:01.346366684,T,KO,F,250,70.47
2025-10-21,9:31:01.351096982,T,KO,,100,70.47
2025-10-21,9:31:01.351121029,T,KO,F,250,70.47
2025-10-21,9:31:01.372120139,T,KO,F,200,70.47
2025-10-21,9:31:01.372123098,T,KO,F,100,70.46
2025-10-21,9:31:01.372123098,T,KO,F,100,70.46
2025-10-21,9:31:01.372156191,T,KO,,200,70.45
2025-10-21,9:31:01.372162112,T,KO,,100,70.45
2025-10-21,9:31:01.373653742,T,KO,F,300,70.45
2025-10-21,9:31:01.374062676,T,KO,F I,1,70.45
2025-10-21,9:31:01.598159595,T,KO,,100,70.49
2025-10-21,9:31:01.598183471,T,KO,F,100,70.49
2025-10-21,9:31:01.600135546,T,KO,F,200,70.5
2025-10-21,9:31:01.600138180,T,KO,F I,50,70.5
2025-10-21,9:31:01.600141202,T,KO,F,200,70.51
2025-10-21,9:31:01.602011600,T,KO,,100,70.51
2025-10-21,9:31:01.602011600,T,KO,I,1,70.51
2025-10-21,9:31:01.611099251,T,KO,F,200,70.49
2025-10-21,9:31:01.643462286,T,KO,,100,70.485
2025-10-21,9:31:01.699368615,T,KO,,100,70.51
2025-10-21,9:31:01.720290001,T,KO,F I,18,70.49
2025-10-21,9:31:01.720292345,T,KO,F,138,70.49
2025-10-21,9:31:01.720298350,T,KO,F,200,70.49
2025-10-21,9:31:01.720301358,T,KO,F,500,70.49
2025-10-21,9:31:01.722430435,T,KO,F,200,70.49
2025-10-21,9:31:01.722487637,T,KO,F,100,70.48
2025-10-21,9:31:01.722490568,T,KO,F,200,70.48
2025-10-21,9:31:01.722806277,T,KO,I,3,70.49
2025-10-21,9:31:01.722812677,T,KO,I,12,70.49
2025-10-21,9:31:01.722812677,T,KO,,100,70.5
2025-10-21,9:31:01.722812677,T,KO,,138,70.5
2025-10-21,9:31:01.722815328,T,KO,I,72,70.5
2025-10-21,9:31:01.722818341,T,KO,,100,70.5
2025-10-21,9:31:01.722818341,T,KO,,185,70.5
2025-10-21,9:31:01.722824329,T,KO,I,15,70.5
2025-10-21,9:31:01.723173167,T,KO,,136,70.5
2025-10-21,9:31:01.723218321,T,KO,F,138,70.5
2025-10-21,9:31:01.723227956,T,KO,F,100,70.5
2025-10-21,9:31:01.723230309,T,KO,F,100,70.5
2025-10-21,9:31:01.723284417,T,KO,F I,72,70.5
2025-10-21,9:31:01.723356621,T,KO,F,100,70.5
2025-10-21,9:31:01.724015241,T,KO,F,200,70.49
2025-10-21,9:31:01.724412225,T,KO,,100,70.5
2025-10-21,9:31:01.724412225,T,KO,,138,70.5
2025-10-21,9:31:01.724415174,T,KO,,200,70.5
2025-10-21,9:31:01.724652807,T,KO,,100,70.5
2025-10-21,9:31:01.724703865,T,KO,I,9,70.5
2025-10-21,9:31:01.727741255,T,KO,F,138,70.5
2025-10-21,9:31:01.727744284,T,KO,F I,91,70.5
2025-10-21,9:31:01.727747111,T,KO,F,121,70.5
2025-10-21,9:31:01.727765177,T,KO,I,1,70.5
2025-10-21,9:31:01.727768193,T,KO,F I,78,70.5
2025-10-21,9:31:01.727771221,T,KO,F,100,70.5
2025-10-21,9:31:01.830489831,T,KO,,100,70.5
2025-10-21,9:31:01.830520841,T,KO,,170,70.5
2025-10-21,9:31:01.830522924,T,KO,,100,70.49
2025-10-21,9:31:02.093842081,T,KO,F,100,70.49
2025-10-21,9:31:02.093845162,T,KO,F,100,70.48
2025-10-21,9:31:02.093845162,T,KO,F,100,70.47
2025-10-21,9:31:02.093848636,T,KO,F,200,70.47
2025-10-21,9:31:02.093848636,T,KO,F,100,70.47
2025-10-21,9:31:02.093890612,T,KO,F,100,70.46
2025-10-21,9:31:02.094437530,T,KO,F,100,70.47
2025-10-21,9:31:02.094458522,T,KO,I,1,70.47
2025-10-21,9:31:02.094470632,T,KO,I,99,70.47
2025-10-21,9:31:02.094639037,T,KO,,100,70.475
2025-10-21,9:31:02.094714143,T,KO,F,200,70.48
2025-10-21,9:31:02.097570997,T,KO,F,200,70.49
2025-10-21,9:31:02.099330982,T,KO,F,100,70.495
2025-10-21,9:31:02.099330982,T,KO,F I,23,70.49
2025-10-21,9:31:02.099336933,T,KO,F,490,70.49
2025-10-21,9:31:02.099336933,T,KO,F,100,70.49
2025-10-21,9:31:02.099339253,T,KO,F I,1,70.48
2025-10-21,9:31:02.099342370,T,KO,F,100,70.48
2025-10-21,9:31:02.099342370,T,KO,F,100,70.47
2025-10-21,9:31:02.099342370,T,KO,F,123,70.47
2025-10-21,9:31:02.103200879,T,KO,,100,70.49
2025-10-21,9:31:02.103203368,T,KO,,200,70.5
2025-10-21,9:31:02.103206489,T,KO,,100,70.5
2025-10-21,9:31:02.108775635,T,KO,F,100,70.5
2025-10-21,9:31:02.110495773,T,KO,,100,70.5
2025-10-21,9:31:02.114985391,T,KO,,250,70.5
2025-10-21,9:31:02.122575722,T,KO,,100,70.5
2025-10-21,9:31:02.122575722,T,KO,,100,70.5
2025-10-21,9:31:02.122605568,T,KO,,100,70.49
2025-10-21,9:31:02.123495720,T,KO,F,200,70.47
2025-10-21,9:31:02.123495720,T,KO,F,100,70.47
2025-10-21,9:31:02.123501735,T,KO,F,100,70.47
2025-10-21,9:31:02.123856662,T,KO,,100,70.46
2025-10-21,9:31:02.125372171,T,KO,F,100,70.45
2025-10-21,9:31:02.125456628,T,KO,,100,70.45
2025-10-21,9:31:02.126196189,T,KO,F,100,70.46
2025-10-21,9:31:02.126211207,T,KO,F,100,70.44
2025-10-21,9:31:02.126214447,T,KO,F I,50,70.44
2025-10-21,9:31:02.126214447,T,KO,F I,50,70.44
2025-10-21,9:31:02.126481826,T,KO,F,100,70.44
2025-10-21,9:31:02.126511839,T,KO,I,1,70.44
2025-10-21,9:31:02.126542048,T,KO,,249,70.44
2025-10-21,9:31:02.126566070,T,KO,F I,1,70.44
2025-10-21,9:31:02.126920825,T,KO,I,23,70.45
2025-10-21,9:31:02.126920825,T,KO,,100,70.45
2025-10-21,9:31:02.127699805,T,KO,,100,70.45
2025-10-21,9:31:02.128382345,T,KO,F,350,70.45
2025-10-21,9:31:02.137091037,T,KO,,234,70.45
2025-10-21,9:31:02.243481915,T,KO,F,300,70.445
2025-10-21,9:31:02.243484977,T,KO,F,100,70.43
2025-10-21,9:31:02.333654314,T,KO,,100,70.43
2025-10-21,9:31:02.333657268,T,KO,,100,70.43
2025-10-21,9:31:02.333690378,T,KO,,100,70.42
2025-10-21,9:31:02.333690378,T,KO,I,89,70.41
2025-10-21,9:31:02.333711420,T,KO,I,1,70.41
2025-10-21,9:31:02.360228566,T,KO,,100,70.42
2025-10-21,9:31:02.373231606,T,KO,,100,70.42
2025-10-21,9:31:02.376794978,T,KO,F,100,70.4
2025-10-21,9:31:02.376798057,T,KO,F,200,70.4
2025-10-21,9:31:02.377507724,T,KO,,100,70.37
2025-10-21,9:31:02.377532331,T,KO,F,100,70.36
2025-10-21,9:31:02.377537747,T,KO,F,100,70.36
2025-10-21,9:31:02.377537747,T,KO,F,200,70.36
2025-10-21,9:31:02.378070083,T,KO,F,200,70.33
2025-10-21,9:31:02.378073128,T,KO,F I,83,70.33
2025-10-21,9:31:02.395875384,T,KO,F,100,70.31
2025-10-21,9:31:02.395878425,T,KO,F,200,70.31
2025-10-21,9:31:02.633489375,T,KO,F,300,70.28
2025-10-21,9:31:02.633489375,T,KO,F I,50,70.28
2025-10-21,9:31:02.636752103,T,KO,,100,70.27
2025-10-21,9:31:02.690490174,T,KO,F,100,70.26
2025-10-21,9:31:02.690617130,T,KO,F,151,70.26
2025-10-21,9:31:02.690703922,T,KO,I,49,70.26
2025-10-21,9:31:02.690706805,T,KO,I,1,70.25
2025-10-21,9:31:02.690706805,T,KO,I,1,70.25
2025-10-21,9:31:02.690766883,T,KO,I,49,70.25
2025-10-21,9:31:02.692733526,T,KO,F,200,70.25
2025-10-21,9:31:02.693202928,T,KO,,100,70.23
2025-10-21,9:31:02.693202928,T,KO,I,42,70.23
2025-10-21,9:31:02.693205534,T,KO,,200,70.23
2025-10-21,9:31:02.693208579,T,KO,,100,70.23
2025-10-21,9:31:02.693295747,T,KO,,100,70.24
2025-10-21,9:31:02.693344099,T,KO,F I,58,70.23
2025-10-21,9:31:02.693350030,T,KO,I,58,70.23
2025-10-21,9:31:02.693428136,T,KO,F,100,70.24
2025-10-21,9:31:02.695166351,T,KO,F,200,70.26
2025-10-21,9:31:02.722197733,T,KO,,126,70.29
2025-10-21,9:31:02.759742119,T,KO,,200,70.3
2025-10-21,9:31:02.759742119,T,KO,,100,70.3
2025-10-21,9:31:02.805923026,T,KO,F,142,70.3
2025-10-21,9:31:02.805926287,T,KO,F,108,70.3
2025-10-21,9:31:02.805938176,T,KO,F I,92,70.3
2025-10-21,9:31:02.884148325,T,KO,F,100,70.26
2025-10-21,9:31:02.884830945,T,KO,,100,70.24
2025-10-21,9:31:02.890581330,T,KO,F,100,70.25
2025-10-21,9:31:02.890583756,T,KO,F,1050,70.25
2025-10-21,9:31:02.908659825,T,KO,I,1,70.25
2025-10-21,9:31:02.908665776,T,KO,F I,7,70.25
2025-10-21,9:31:02.908665776,T,KO,F,292,70.25
2025-10-21,9:31:02.910262525,T,KO,,138,70.26
2025-10-21,9:31:02.910262525,T,KO,,164,70.26
2025-10-21,9:31:02.910530160,T,KO,F,100,70.27
2025-10-21,9:31:02.910533172,T,KO,F,200,70.27
2025-10-21,9:31:02.934951710,T,KO,,138,70.26
2025-10-21,9:31:02.934954421,T,KO,I,17,70.26
2025-10-21,9:31:02.969431498,T,KO,F,200,70.23
2025-10-21,9:31:02.969434536,T,KO,F,100,70.23
2025-10-21,9:31:02.976302803,T,KO,F,200,70.23
2025-10-21,9:31:02.976305887,T,KO,F,100,70.23
2025-10-21,9:31:02.976308867,T,KO,F I,84,70.23
2025-10-21,9:31:02.977090908,T,KO,F,100,70.24
2025-10-21,9:31:02.977090908,T,KO,F I,42,70.25
2025-10-21,9:31:02.977096958,T,KO,F,200,70.25
2025-10-21,9:31:02.977096958,T,KO,F,100,70.25
2025-10-21,9:31:02.977096958,T,KO,F,100,70.25
2025-10-21,9:31:02.999275391,T,KO,F I,42,70.23
2025-10-21,9:31:02.999277513,T,KO,F,200,70.23
2025-10-21,9:31:02.999280615,T,KO,F I,59,70.23
2025-10-21,9:31:02.999650803,T,KO,I,31,70.23
2025-10-21,9:31:02.999656832,T,KO,I,40,70.23
2025-10-21,9:31:03.000580594,T,KO,F,200,70.25
2025-10-21,9:31:03.000580594,T,KO,F,100,70.25
2025-10-21,9:31:03.000582700,T,KO,F,100,70.25
2025-10-21,9:31:03.000760704,T,KO,,100,70.23
2025-10-21,9:31:03.000760704,T,KO,,138,70.23
2025-10-21,9:31:03.000763074,T,KO,I,9,70.23
2025-10-21,9:31:03.000766402,T,KO,,100,70.23
2025-10-21,9:31:03.000766402,T,KO,,200,70.23
2025-10-21,9:31:03.000769341,T,KO,I,12,70.23
2025-10-21,9:31:03.000814465,T,KO,I,42,70.25
2025-10-21,9:31:03.000826249,T,KO,,138,70.25
2025-10-21,9:31:03.000841325,T,KO,,100,70.25
2025-10-21,9:31:03.000907440,T,KO,,100,70.25
2025-10-21,9:31:03.000913507,T,KO,,200,70.25
2025-10-21,9:31:03.000913507,T,KO,,134,70.24
2025-10-21,9:31:03.001217225,T,KO,,100,70.24
2025-10-21,9:31:03.001308088,T,KO,F,100,70.24
2025-10-21,9:31:03.001349493,T,KO,,200,70.23
2025-10-21,9:31:03.001409592,T,KO,,100,70.23
2025-10-21,9:31:03.001478758,T,KO,,138,70.23
2025-10-21,9:31:03.001481989,T,KO,,100,70.24
2025-10-21,9:31:03.001484807,T,KO,I,62,70.24
2025-10-21,9:31:03.001502882,T,KO,I,56,70.24
2025-10-21,9:31:03.001535946,T,KO,I,47,70.23
2025-10-21,9:31:03.001572024,T,KO,F,100,70.23
2025-10-21,9:31:03.001668381,T,KO,F,100,70.24
2025-10-21,9:31:03.001671628,T,KO,F I,82,70.24
2025-10-21,9:31:03.001671628,T,KO,F I,12,70.25
2025-10-21,9:31:03.001719336,T,KO,I,69,70.23
2025-10-21,9:31:03.001800523,T,KO,,100,70.23
2025-10-21,9:31:03.001824925,T,KO,I,45,70.23
2025-10-21,9:31:03.002191504,T,KO,I,9,70.23
2025-10-21,9:31:03.002438080,T,KO,F,100,70.23
2025-10-21,9:31:03.003325160,T,KO,F,100,70.24
2025-10-21,9:31:03.003373316,T,KO,,100,70.23
2025-10-21,9:31:03.004345507,T,KO,F,100,70.25
2025-10-21,9:31:03.004347640,T,KO,F,200,70.25
2025-10-21,9:31:03.004350602,T,KO,F,100,70.25
2025-10-21,9:31:03.004392761,T,KO,,100,70.24
2025-10-21,9:31:03.004477002,T,KO,,100,70.24
2025-10-21,9:31:03.004657965,T,KO,F,100,70.24
2025-10-21,9:31:03.004663492,T,KO,I,45,70.24
2025-10-21,9:31:03.004778671,T,KO,F I,9,70.25
2025-10-21,9:31:03.004781835,T,KO,F I,13,70.25
2025-10-21,9:31:03.004781835,T,KO,F I,87,70.25
2025-10-21,9:31:03.004783852,T,KO,F I,15,70.25
2025-10-21,9:31:03.004786680,T,KO,F I,45,70.25
2025-10-21,9:31:03.004786680,T,KO,F,100,70.25
2025-10-21,9:31:03.004834814,T,KO,,100,70.24
2025-10-21,9:31:03.004834814,T,KO,I,97,70.24
2025-10-21,9:31:03.004837750,T,KO,I,3,70.24
2025-10-21,9:31:03.004895352,T,KO,I,48,70.25
2025-10-21,9:31:03.004949092,T,KO,,138,70.24
2025-10-21,9:31:03.005012268,T,KO,F I,1,70.24
2025-10-21,9:31:03.005096434,T,KO,I,99,70.24
2025-10-21,9:31:03.005099542,T,KO,I,70,70.24
2025-10-21,9:31:03.005102400,T,KO,,135,70.24
2025-10-21,9:31:03.005102400,T,KO,I,96,70.24
2025-10-21,9:31:03.005117815,T,KO,F I,3,70.24
2025-10-21,9:31:03.005177913,T,KO,I,1,70.24
2025-10-21,9:31:03.005180635,T,KO,I,99,70.24
2025-10-21,9:31:03.005240981,T,KO,F,100,70.24
2025-10-21,9:31:03.005240981,T,KO,F,100,70.25
2025-10-21,9:31:03.005240981,T,KO,F,250,70.25
2025-10-21,9:31:03.005944483,T,KO,,100,70.25
2025-10-21,9:31:03.005965476,T,KO,I,1,70.25
2025-10-21,9:31:03.005974534,T,KO,I,22,70.25
2025-10-21,9:31:03.019590978,T,KO,F,300,70.25
2025-10-21,9:31:03.185411988,T,KO,I,3,70.25
2025-10-21,9:31:03.185435953,T,KO,F I,97,70.25
2025-10-21,9:31:03.185634900,T,KO,F,100,70.25
2025-10-21,9:31:03.446033645,T,KO,F,100,70.28
2025-10-21,9:31:03.446036701,T,KO,F,100,70.29
2025-10-21,9:31:03.446036701,T,KO,F,100,70.29
2025-10-21,9:31:03.446040136,T,KO,,100,70.29
2025-10-21,9:31:03.447032055,T,KO,F,100,70.29
2025-10-21,9:31:03.447032055,T,KO,F,100,70.29
2025-10-21,9:31:03.447035009,T,KO,F I,2,70.29
2025-10-21,9:31:03.447221436,T,KO,F,100,70.29
2025-10-21,9:31:03.447288336,T,KO,F I,2,70.29
2025-10-21,9:31:03.447335797,T,KO,F I,43,70.29
2025-10-21,9:31:03.486158570,T,KO,F,100,70.29
2025-10-21,9:31:03.486158570,T,KO,F I,2,70.29
2025-10-21,9:31:03.486164208,T,KO,F,100,70.29
2025-10-21,9:31:03.486164208,T,KO,F,100,70.29
2025-10-21,9:31:03.486167185,T,KO,F I,2,70.28
2025-10-21,9:31:03.525146113,T,KO,F I,85,70.29
2025-10-21,9:31:03.525236221,T,KO,F I,15,70.29
2025-10-21,9:31:03.578968349,T,KO,,100,70.285
2025-10-21,9:31:03.778857354,T,KO,,100,70.27
2025-10-21,9:31:04.001255462,T,KO,I,77,70.27
2025-10-21,9:31:04.001276152,T,KO,I,1,70.27
2025-10-21,9:31:04.001288181,T,KO,F I,22,70.27
2025-10-21,9:31:04.001313602,T,KO,F,200,70.26
2025-10-21,9:31:04.001318191,T,KO,F,100,70.26
2025-10-21,9:31:04.001624902,T,KO,F,200,70.25
2025-10-21,9:31:04.001627963,T,KO,F,100,70.25
2025-10-21,9:31:04.102654095,T,KO,F I,64,70.27
2025-10-21,9:31:04.102836941,T,KO,F,100,70.26
2025-10-21,9:31:04.157462043,T,KO,F I,35,70.25
2025-10-21,9:31:04.157468070,T,KO,F I,65,70.25
2025-10-21,9:31:04.353420724,T,KO,F I,50,70.25
2025-10-21,9:31:04.353423775,T,KO,F,100,70.25
2025-10-21,9:31:04.448723823,T,KO,I,10,70.26
2025-10-21,9:31:04.468381620,T,KO,,100,70.26
2025-10-21,9:31:04.483276013,T,KO,,100,70.26
2025-10-21,9:31:04.614746199,T,KO,,128,70.26
2025-10-21,9:31:04.616824207,T,KO,,100,70.26
2025-10-21,9:31:04.622940749,T,KO,,100,70.26
2025-10-21,9:31:04.625295360,T,KO,,100,70.26
2025-10-21,9:31:05.144397625,T,KO,,100,70.31
2025-10-21,9:31:05.144419641,T,KO,F,164,70.32
2025-10-21,9:31:05.144422695,T,KO,F,100,70.32
2025-10-21,9:31:05.144422695,T,KO,F I,61,70.32
2025-10-21,9:31:05.145143511,T,KO,F I,6,70.33
2025-10-21,9:31:05.145164457,T,KO,F I,94,70.33
2025-10-21,9:31:05.169555526,T,KO,F,200,70.32
2025-10-21,9:31:05.169576645,T,KO,I,1,70.32
2025-10-21,9:31:05.169693846,T,KO,F,200,70.31
2025-10-21,9:31:05.169886392,T,KO,F,100,70.32
2025-10-21,9:31:05.169901393,T,KO,F I,2,70.32
2025-10-21,9:31:05.170019216,T,KO,F,200,70.3
2025-10-21,9:31:05.170019216,T,KO,F,100,70.3
2025-10-21,9:31:05.170069764,T,KO,,138,70.32
2025-10-21,9:31:05.170081839,T,KO,I,42,70.32
2025-10-21,9:31:05.170087936,T,KO,I,1,70.32
2025-10-21,9:31:05.170135967,T,KO,F,138,70.31
2025-10-21,9:31:05.170391667,T,KO,I,55,70.32
2025-10-21,9:31:05.170397610,T,KO,F I,45,70.32
2025-10-21,9:31:05.171107288,T,KO,,100,70.33
2025-10-21,9:31:05.216864231,T,KO,F I,4,70.33
2025-10-21,9:31:05.282763213,T,KO,F,100,70.32
2025-10-21,9:31:05.282983290,T,KO,F,200,70.32
2025-10-21,9:31:05.282985830,T,KO,F,100,70.31
2025-10-21,9:31:05.283185025,T,KO,F,100,70.32
2025-10-21,9:31:05.283259355,T,KO,F,200,70.32
2025-10-21,9:31:05.585900192,T,KO,,100,70.335
2025-10-21,9:31:05.770618724,T,KO,F,100,70.335
2025-10-21,9:31:05.770621380,T,KO,F,200,70.32
2025-10-21,9:31:05.770624118,T,KO,F I,1,70.31
2025-10-21,9:31:05.770648206,T,KO,I,1,70.31
2025-10-21,9:31:05.770720389,T,KO,F I,82,70.31
2025-10-21,9:31:05.770726376,T,KO,F,116,70.31
2025-10-21,9:31:05.770735468,T,KO,F,100,70.31
2025-10-21,9:31:05.839599443,T,KO,F,100,70.31
2025-10-21,9:31:05.976895009,T,KO,,100,70.31
2025-10-21,9:31:05.976909430,T,KO,F,100,70.3
2025-10-21,9:31:05.976933767,T,KO,I,22,70.31
2025-10-21,9:31:05.976933767,T,KO,F I,75,70.31
2025-10-21,9:31:05.976936523,T,KO,F,203,70.31
2025-10-21,9:31:05.977763464,T,KO,F,100,70.29
2025-10-21,9:31:05.979504587,T,KO,F I,37,70.29
2025-10-21,9:31:05.985103994,T,KO,F,100,70.28
2025-10-21,9:31:05.985107769,T,KO,F,200,70.28
2025-10-21,9:31:06.016946812,T,KO,F,100,70.27
2025-10-21,9:31:06.016949905,T,KO,F,100,70.26
2025-10-21,9:31:06.016949905,T,KO,F,100,70.26
2025-10-21,9:31:06.016973890,T,KO,I,1,70.26
2025-10-21,9:31:06.034550801,T,KO,F I,25,70.25
2025-10-21,9:31:06.113615156,T,KO,,100,70.26
2025-10-21,9:31:06.115425366,T,KO,,100,70.26
2025-10-21,9:31:06.117416259,T,KO,,100,70.26
2025-10-21,9:31:06.125658748,T,KO,,100,70.26
2025-10-21,9:31:06.437693937,T,KO,,300,70.27
2025-10-21,9:31:06.437922507,T,KO,F,200,70.28
2025-10-21,9:31:06.438163436,T,KO,F,100,70.29
2025-10-21,9:31:06.438165997,T,KO,F,200,70.29
2025-10-21,9:31:06.438746391,T,KO,F,100,70.28
2025-10-21,9:31:06.438767634,T,KO,,100,70.28
2025-10-21,9:31:06.438899857,T,KO,,100,70.28
2025-10-21,9:31:06.638455145,T,KO,,100,70.29
2025-10-21,9:31:06.638476179,T,KO,,100,70.29
2025-10-21,9:31:06.638827970,T,KO,F,100,70.28
2025-10-21,9:31:06.638858083,T,KO,F I,97,70.27
2025-10-21,9:31:06.638861079,T,KO,F,200,70.27
2025-10-21,9:31:06.638901108,T,KO,,100,70.27
2025-10-21,9:31:06.638903235,T,KO,,200,70.27
2025-10-21,9:31:06.639408367,T,KO,F I,57,70.27
2025-10-21,9:31:06.852559340,T,KO,F I,22,70.27
2025-10-21,9:31:06.852559340,T,KO,F,1100,70.27
2025-10-21,9:31:06.852565012,T,KO,F,100,70.27
2025-10-21,9:31:06.852565012,T,KO,F,500,70.27
2025-10-21,9:31:06.873799482,T,KO,I,22,70.27
2025-10-21,9:31:06.873799482,T,KO,,100,70.27
2025-10-21,9:31:06.942689752,T,KO,F,100,70.26
2025-10-21,9:31:06.942689752,T,KO,F,150,70.26
2025-10-21,9:31:07.284107853,T,KO,F,100,70.25
2025-10-21,9:31:07.285100254,T,KO,F I,22,70.25
2025-10-21,9:31:07.285106197,T,KO,F,200,70.25
2025-10-21,9:31:07.285106197,T,KO,F,100,70.25
2025-10-21,9:31:07.285109339,T,KO,F,100,70.25
2025-10-21,9:31:07.351913339,T,KO,I,22,70.25
2025-10-21,9:31:07.362255025,T,KO,F,300,70.255
2025-10-21,9:31:07.362255025,T,KO,F,100,70.26
2025-10-21,9:31:07.362279613,T,KO,F,100,70.26
2025-10-21,9:31:07.362282304,T,KO,F,100,70.26
2025-10-21,9:31:07.362285160,T,KO,F,100,70.26
2025-10-21,9:31:07.694555470,T,KO,F I,45,70.28
2025-10-21,9:31:07.694597602,T,KO,F I,55,70.28
2025-10-21,9:31:07.694654699,T,KO,F I,45,70.26
2025-10-21,9:31:07.694697087,T,KO,F,100,70.26
2025-10-21,9:31:07.694771915,T,KO,F,100,70.26
2025-10-21,9:31:07.694793587,T,KO,I,1,70.26
2025-10-21,9:31:07.694796556,T,KO,I,1,70.26
2025-10-21,9:31:07.694799669,T,KO,F,198,70.26
2025-10-21,9:31:07.694832086,T,KO,,100,70.26
2025-10-21,9:31:07.694934434,T,KO,,100,70.26
2025-10-21,9:31:07.802266105,T,KO,I,34,70.27
2025-10-21,9:31:08.451518276,T,KO,F,100,70.27
2025-10-21,9:31:08.451524267,T,KO,,100,70.26
2025-10-21,9:31:08.451644623,T,KO,F,300,70.25
2025-10-21,9:31:08.451644623,T,KO,F,200,70.25
2025-10-21,9:31:08.451704934,T,KO,I,42,70.26
2025-10-21,9:31:08.451716808,T,KO,,113,70.26
2025-10-21,9:31:08.451743901,T,KO,F I,42,70.25
2025-10-21,9:31:08.452155796,T,KO,F,100,70.26
2025-10-21,9:31:08.452543699,T,KO,F,100,70.27
2025-10-21,9:31:08.452588846,T,KO,F,100,70.28
2025-10-21,9:31:08.452591915,T,KO,F,200,70.28
2025-10-21,9:31:08.452595810,T,KO,F,100,70.28
2025-10-21,9:31:08.453067088,T,KO,F,100,70.29
2025-10-21,9:31:08.453070060,T,KO,F,200,70.29
2025-10-21,9:31:08.459959475,T,KO,F,100,70.28
2025-10-21,9:31:08.459959475,T,KO,F,161,70.28
2025-10-21,9:31:08.460025523,T,KO,F,200,70.27
2025-10-21,9:31:08.698622882,T,KO,I,8,70.27
2025-10-21,9:31:08.698905465,T,KO,F,192,70.27
2025-10-21,9:31:08.699870861,T,KO,F,100,70.27
2025-10-21,9:31:09.489978648,T,KO,F,100,70.29
2025-10-21,9:31:09.490174089,T,KO,F,100,70.29
2025-10-21,9:31:09.718441711,T,KO,F,100,70.31
2025-10-21,9:31:09.718441711,T,KO,F,100,70.31
2025-10-21,9:31:09.718462963,T,KO,F,200,70.32
2025-10-21,9:31:09.718465858,T,KO,F,100,70.32
2025-10-21,9:31:09.718510897,T,KO,F,200,70.33
2025-10-21,9:31:09.718510897,T,KO,F,100,70.33
2025-10-21,9:31:09.718514175,T,KO,F I,39,70.33
2025-10-21,9:31:09.718556011,T,KO,F,200,70.34
2025-10-21,9:31:09.718556011,T,KO,F,100,70.34
2025-10-21,9:31:09.719317720,T,KO,F,100,70.34
2025-10-21,9:31:09.719359480,T,KO,F,350,70.34
2025-10-21,9:31:09.719383048,T,KO,F,100,70.33
2025-10-21,9:31:09.719383048,T,KO,F,150,70.34
2025-10-21,9:31:09.719401017,T,KO,,100,70.32
2025-10-21,9:31:09.719425072,T,KO,I,1,70.33
2025-10-21,9:31:09.719446146,T,KO,F,155,70.33
2025-10-21,9:31:09.719507442,T,KO,F,200,70.35
2025-10-21,9:31:09.719507442,T,KO,F,100,70.35
2025-10-21,9:31:09.719512351,T,KO,F,100,70.35
2025-10-21,9:31:09.719779901,T,KO,F,100,70.36
2025-10-21,9:31:09.720537757,T,KO,,100,70.36
2025-10-21,9:31:09.720772278,T,KO,I,2,70.37
2025-10-21,9:31:09.720793330,T,KO,F I,68,70.37
2025-10-21,9:31:09.720922715,T,KO,F I,30,70.37
2025-10-21,9:31:09.721178262,T,KO,F,200,70.39
2025-10-21,9:31:09.721181332,T,KO,F,100,70.39
2025-10-21,9:31:09.723385589,T,KO,F,200,70.37
2025-10-21,9:31:09.723388517,T,KO,F,142,70.37
2025-10-21,9:31:09.723400657,T,KO,F,200,70.36
2025-10-21,9:31:09.723400657,T,KO,F I,25,70.36
2025-10-21,9:31:09.723409571,T,KO,F I,75,70.36
2025-10-21,9:31:09.724329714,T,KO,F,300,70.36
2025-10-21,9:31:09.724350786,T,KO,F,100,70.36
2025-10-21,9:31:09.724371918,T,KO,F I,22,70.36
2025-10-21,9:31:09.724531404,T,KO,F,100,70.36
2025-10-21,9:31:09.724537831,T,KO,F,100,70.38
2025-10-21,9:31:09.724537831,T,KO,F,100,70.38
2025-10-21,9:31:09.737113214,T,KO,,250,70.385
2025-10-21,9:31:09.757480753,T,KO,,100,70.37
2025-10-21,9:31:09.757480753,T,KO,I,22,70.37
2025-10-21,9:31:09.757487550,T,KO,,100,70.37
2025-10-21,9:31:09.757487550,T,KO,,200,70.37
2025-10-21,9:31:09.757489966,T,KO,,100,70.37
2025-10-21,9:31:09.758879459,T,KO,,100,70.36
2025-10-21,9:31:09.758879459,T,KO,,100,70.36
2025-10-21,9:31:09.758882072,T,KO,,100,70.36
2025-10-21,9:31:09.793714111,T,KO,,100,70.35
2025-10-21,9:31:09.793738070,T,KO,I,1,70.35
2025-10-21,9:31:09.793768252,T,KO,,187,70.35
2025-10-21,9:31:09.793771197,T,KO,,288,70.35
2025-10-21,9:31:10.700469685,T,KO,F,200,70.37
2025-10-21,9:31:10.700550837,T,KO,F,100,70.37
2025-10-21,9:31:10.700562942,T,KO,I,46,70.36
2025-10-21,9:31:10.700575271,T,KO,I,54,70.36
2025-10-21,9:31:10.700575271,T,KO,,100,70.36
2025-10-21,9:31:10.700608389,T,KO,F,155,70.38
2025-10-21,9:31:10.700608389,T,KO,F I,42,70.38
2025-10-21,9:31:10.700990276,T,KO,F,100,70.38
2025-10-21,9:31:10.701013969,T,KO,F I,25,70.38
2025-10-21,9:31:10.701032084,T,KO,,155,70.38
2025-10-21,9:31:10.701035065,T,KO,F I,25,70.38
2025-10-21,9:31:10.701056031,T,KO,F,350,70.38
2025-10-21,9:31:10.701056031,T,KO,F,170,70.38
2025-10-21,9:31:10.701077685,T,KO,F I,1,70.38
2025-10-21,9:31:10.701080185,T,KO,I,57,70.38
2025-10-21,9:31:10.701164352,T,KO,F I,25,70.38
2025-10-21,9:31:10.701185528,T,KO,,100,70.38
2025-10-21,9:31:10.701197364,T,KO,F I,58,70.375
2025-10-21,9:31:10.701200443,T,KO,F I,57,70.375
2025-10-21,9:31:10.701218410,T,KO,F I,35,70.375
2025-10-21,9:31:10.701221500,T,KO,F I,24,70.38
2025-10-21,9:31:10.701224468,T,KO,F I,42,70.38
2025-10-21,9:31:10.701228363,T,KO,F I,9,70.38
2025-10-21,9:31:10.701230593,T,KO,F I,42,70.38
2025-10-21,9:31:10.701392853,T,KO,F I,55,70.38
2025-10-21,9:31:10.701392853,T,KO,F I,45,70.38
2025-10-21,9:31:10.701398870,T,KO,F I,55,70.38
2025-10-21,9:31:10.708579951,T,KO,F,100,70.385
2025-10-21,9:31:10.708582995,T,KO,F,100,70.385
2025-10-21,9:31:10.708589005,T,KO,F I,50,70.385
2025-10-21,9:31:10.708589005,T,KO,F,100,70.39
2025-10-21,9:31:10.708592118,T,KO,F,150,70.41
2025-10-21,9:31:10.708643292,T,KO,F I,50,70.41
2025-10-21,9:31:10.708646123,T,KO,F I,50,70.41
2025-10-21,9:31:10.708736615,T,KO,F,200,70.42
2025-10-21,9:31:10.708736615,T,KO,F,100,70.42
2025-10-21,9:31:10.711018800,T,KO,F,100,70.41
2025-10-21,9:31:10.711022112,T,KO,F I,16,70.41
2025-10-21,9:31:10.711024973,T,KO,F,100,70.41
2025-10-21,9:31:10.711024973,T,KO,F,200,70.41
2025-10-21,9:31:10.712555431,T,KO,I,99,70.4
2025-10-21,9:31:10.712573552,T,KO,F I,1,70.4
2025-10-21,9:31:10.712576774,T,KO,F I,57,70.41
2025-10-21,9:31:10.712579572,T,KO,F I,76,70.41
2025-10-21,9:31:10.712579572,T,KO,F I,99,70.41
2025-10-21,9:31:10.712615628,T,KO,F I,1,70.41
2025-10-21,9:31:10.727236426,T,KO,,100,70.42
2025-10-21,9:31:10.799423352,T,KO,,704,70.43
2025-10-21,9:31:10.799444824,T,KO,F,375,70.43
2025-10-21,9:31:10.913024873,T,KO,F,200,70.42
2025-10-21,9:31:11.010523151,T,KO,F,300,70.41
2025-10-21,9:31:11.011377152,T,KO,F I,15,70.42
2025-10-21,9:31:11.056884525,T,KO,F I,4,70.42
2025-10-21,9:31:11.056902634,T,KO,F I,96,70.42
2025-10-21,9:31:11.063533439,T,KO,F,100,70.43
2025-10-21,9:31:11.063567161,T,KO,,100,70.44
2025-10-21,9:31:11.063569446,T,KO,,100,70.44
2025-10-21,9:31:11.092955421,T,KO,,200,70.46
2025-10-21,9:31:11.093767381,T,KO,F,200,70.5
2025-10-21,9:31:11.093791519,T,KO,F,100,70.51
2025-10-21,9:31:11.093794798,T,KO,F,200,70.51
2025-10-21,9:31:11.118994534,T,KO,,100,70.54
2025-10-21,9:31:11.118994534,T,KO,,100,70.54
2025-10-21,9:31:11.119018611,T,KO,F I,50,70.545
2025-10-21,9:31:11.603090494,T,KO,F,100,70.56
2025-10-21,9:31:11.603114613,T,KO,F I,50,70.57
2025-10-21,9:31:11.603159597,T,KO,I,37,70.57
2025-10-21,9:31:11.604389580,T,KO,F I,63,70.57
2025-10-21,9:31:11.650170655,T,KO,F,142,70.57
2025-10-21,9:31:11.650333029,T,KO,F,100,70.56
2025-10-21,9:31:11.651036635,T,KO,,100,70.57
2025-10-21,9:31:11.651839585,T,KO,F,100,70.56
2025-10-21,9:31:11.651842593,T,KO,F,100,70.56
2025-10-21,9:31:11.660085250,T,KO,I,29,70.54
2025-10-21,9:31:11.660106260,T,KO,I,1,70.54
2025-10-21,9:31:11.660133827,T,KO,F I,70,70.54
2025-10-21,9:31:11.660136554,T,KO,F,200,70.54
2025-10-21,9:31:11.660136554,T,KO,F,100,70.54
2025-10-21,9:31:11.660142382,T,KO,,155,70.55
2025-10-21,9:31:11.660181504,T,KO,F,100,70.55
2025-10-21,9:31:11.660184445,T,KO,,100,70.55
2025-10-21,9:31:11.660190411,T,KO,F I,55,70.55
2025-10-21,9:31:11.660452133,T,KO,,100,70.55
2025-10-21,9:31:11.660771884,T,KO,,100,70.56
2025-10-21,9:31:12.020972115,T,KO,F,200,70.55
2025-10-21,9:31:12.020972115,T,KO,F,150,70.54
2025-10-21,9:31:12.020974936,T,KO,F I,43,70.54
2025-10-21,9:31:12.020986774,T,KO,F,200,70.54
2025-10-21,9:31:12.021576207,T,KO,F,200,70.53
2025-10-21,9:31:12.021859822,T,KO,F,323,70.52
2025-10-21,9:31:12.021862216,T,KO,F I,27,70.52
2025-10-21,9:31:12.021883462,T,KO,I,1,70.52
2025-10-21,9:31:12.021886265,T,KO,F,295,70.52
2025-10-21,9:31:12.021888955,T,KO,F,100,70.52
2025-10-21,9:31:12.022309980,T,KO,F,100,70.53
2025-10-21,9:31:12.022340010,T,KO,F,350,70.53
2025-10-21,9:31:12.022358071,T,KO,F,100,70.53
2025-10-21,9:31:12.323949325,T,KO,F,100,70.54
2025-10-21,9:31:12.324004204,T,KO,I,12,70.52
2025-10-21,9:31:12.324027744,T,KO,I,1,70.52
2025-10-21,9:31:12.324078623,T,KO,F I,87,70.52
2025-10-21,9:31:12.324123823,T,KO,F,100,70.52
2025-10-21,9:31:12.324126775,T,KO,F,100,70.52
2025-10-21,9:31:12.324153970,T,KO,,100,70.53
2025-10-21,9:31:12.324153970,T,KO,,155,70.53
2025-10-21,9:31:12.324174888,T,KO,,100,70.53
2025-10-21,9:31:12.324346290,T,KO,,100,70.55
2025-10-21,9:31:12.324349363,T,KO,,100,70.55
2025-10-21,9:31:12.325167270,T,KO,I,8,70.55
2025-10-21,9:31:12.325185331,T,KO,I,1,70.55
2025-10-21,9:31:12.590715725,T,KO,F,210,70.63
2025-10-21,9:31:12.591265077,T,KO,F,100,70.66
2025-10-21,9:31:12.591598840,T,KO,F,100,70.64
2025-10-21,9:31:12.592025949,T,KO,F,100,70.65
2025-10-21,9:31:12.592028929,T,KO,F,100,70.64
2025-10-21,9:31:12.592028929,T,KO,F I,55,70.64
2025-10-21,9:31:12.592050277,T,KO,I,1,70.64
2025-10-21,9:31:12.592050277,T,KO,F I,99,70.64
2025-10-21,9:31:12.592052851,T,KO,F I,56,70.64
2025-10-21,9:31:12.592071016,T,KO,I,49,70.64
2025-10-21,9:31:12.624608455,T,KO,I,54,70.6
2025-10-21,9:31:12.624611398,T,KO,I,3,70.6
2025-10-21,9:31:12.624629520,T,KO,I,1,70.6
2025-10-21,9:31:12.624632898,T,KO,F I,50,70.6
2025-10-21,9:31:12.624635779,T,KO,F I,58,70.6
2025-10-21,9:31:12.671057072,T,KO,F,100,70.61
2025-10-21,9:31:12.671090408,T,KO,,155,70.62
2025-10-21,9:31:12.671093223,T,KO,,200,70.62
2025-10-21,9:31:12.671093223,T,KO,,150,70.62
2025-10-21,9:31:14.068972677,T,KO,,300,70.615
2025-10-21,9:31:14.068975616,T,KO,,200,70.6
2025-10-21,9:31:14.068978509,T,KO,,224,70.59
2025-10-21,9:31:14.068996545,T,KO,F,284,70.59
2025-10-21,9:31:14.068999758,T,KO,I,1,70.59
2025-10-21,9:31:14.068999758,T,KO,I,1,70.59
2025-10-21,9:31:14.069002632,T,KO,I,14,70.59
2025-10-21,9:31:14.069002632,T,KO,,286,70.59
2025-10-21,9:31:14.069011558,T,KO,F I,14,70.59
2025-10-21,9:31:14.069116935,T,KO,F,100,70.59
2025-10-21,9:31:14.069123282,T,KO,F,100,70.6
2025-10-21,9:31:14.069123282,T,KO,F,155,70.61
2025-10-21,9:31:14.069125954,T,KO,F,100,70.61
2025-10-21,9:31:14.069144185,T,KO,F,100,70.61
2025-10-21,9:31:14.069144185,T,KO,F I,79,70.61
2025-10-21,9:31:14.069237107,T,KO,F,100,70.61
2025-10-21,9:31:14.069255185,T,KO,F,100,70.6
2025-10-21,9:31:14.069282202,T,KO,F,100,70.61
2025-10-21,9:31:14.069340133,T,KO,F,100,70.62
2025-10-21,9:31:14.069342426,T,KO,F,155,70.62
2025-10-21,9:31:14.069526164,T,KO,I,49,70.61
2025-10-21,9:31:14.069529319,T,KO,,200,70.6
2025-10-21,9:31:14.069532488,T,KO,,200,70.6
2025-10-21,9:31:14.069532488,T,KO,I,49,70.6
2025-10-21,9:31:14.069543881,T,KO,F,100,70.62
2025-10-21,9:31:14.069550388,T,KO,F I,49,70.61
2025-10-21,9:31:14.069552962,T,KO,F,100,70.61
2025-10-21,9:31:14.069616087,T,KO,F I,8,70.61
2025-10-21,9:31:14.069682222,T,KO,,100,70.61
2025-10-21,9:31:14.069805456,T,KO,I,49,70.61
2025-10-21,9:31:14.069805456,T,KO,I,36,70.61
2025-10-21,9:31:14.069968128,T,KO,,100,70.6
2025-10-21,9:31:14.069968128,T,KO,,155,70.59
2025-10-21,9:31:14.069970975,T,KO,,100,70.59
2025-10-21,9:31:14.069973874,T,KO,,100,70.59
2025-10-21,9:31:14.069991984,T,KO,I,1,70.59
2025-10-21,9:31:14.070040056,T,KO,,155,70.6
2025-10-21,9:31:14.070046047,T,KO,I,21,70.6
2025-10-21,9:31:14.070046047,T,KO,I,79,70.6
2025-10-21,9:31:14.070184395,T,KO,F,100,70.6
2025-10-21,9:31:14.070725683,T,KO,F I,21,70.6
2025-10-21,9:31:14.070773902,T,KO,I,21,70.6
2025-10-21,9:31:14.070846311,T,KO,I,21,70.61
2025-10-21,9:31:14.078950376,T,KO,F,100,70.58
2025-10-21,9:31:14.078950376,T,KO,F,200,70.58
2025-10-21,9:31:14.078981114,T,KO,F,100,70.57
2025-10-21,9:31:14.078983943,T,KO,F,200,70.57
2025-10-21,9:31:14.079004403,T,KO,F,100,70.56
2025-10-21,9:31:14.079004403,T,KO,F,200,70.56
2025-10-21,9:31:14.079199964,T,KO,F,100,70.57
2025-10-21,9:31:14.079260017,T,KO,,100,70.58
2025-10-21,9:31:14.079314213,T,KO,F,155,70.57
2025-10-21,9:31:14.079362320,T,KO,F,100,70.56
2025-10-21,9:31:14.079407323,T,KO,F,100,70.55
2025-10-21,9:31:14.079422437,T,KO,,100,70.57
2025-10-21,9:31:14.079425379,T,KO,,155,70.57
2025-10-21,9:31:14.079530645,T,KO,F I,28,70.56
2025-10-21,9:31:14.079596813,T,KO,,100,70.57
2025-10-21,9:31:14.079804338,T,KO,,100,70.58
2025-10-21,9:31:14.079867552,T,KO,,100,70.57
2025-10-21,9:31:14.079885550,T,KO,F I,55,70.57
2025-10-21,9:31:14.079888583,T,KO,I,1,70.57
2025-10-21,9:31:14.079900602,T,KO,F I,89,70.57
2025-10-21,9:31:14.079903617,T,KO,F I,56,70.57
2025-10-21,9:31:14.079906685,T,KO,F I,59,70.58
2025-10-21,9:31:14.079912596,T,KO,F,144,70.57
2025-10-21,9:31:14.079912596,T,KO,F I,56,70.57
2025-10-21,9:31:14.079916168,T,KO,F I,41,70.57
2025-10-21,9:31:14.079931613,T,KO,F,103,70.57
2025-10-21,9:31:14.079942666,T,KO,I,55,70.58
2025-10-21,9:31:14.080189311,T,KO,,100,70.57
2025-10-21,9:31:14.080216269,T,KO,,100,70.57
2025-10-21,9:31:14.080273408,T,KO,,100,70.58
2025-10-21,9:31:14.080739546,T,KO,,100,70.58
2025-10-21,9:31:14.080757691,T,KO,I,24,70.58
2025-10-21,9:31:14.080784695,T,KO,I,22,70.58
2025-10-21,9:31:14.080844875,T,KO,,100,70.58
2025-10-21,9:31:14.089243828,T,KO,F,100,70.57
2025-10-21,9:31:14.089243828,T,KO,F,200,70.57
2025-10-21,9:31:14.089506386,T,KO,,100,70.565
