DATE,TIME_M,EX,SYM_ROOT,TR_SCOND,SIZE,PRICE
2025-10-08,9:30:01.714207929,T,KO,I,9,66.67
2025-10-08,9:30:01.714219989,T,KO,Q,9,66.67
2025-10-08,9:30:02.861392257,T,KO,F,100,66.57
2025-10-08,9:30:02.861395323,T,KO,F I,44,66.55
2025-10-08,9:30:03.107567656,T,KO,F I,34,66.64
2025-10-08,9:30:03.739805501,T,KO,I,3,66.56
2025-10-08,9:30:04.667671495,T,KO,I,1,66.67
2025-10-08,9:30:10.434476440,T,KO,I,65,66.66
2025-10-08,9:30:10.434479486,T,KO,I,35,66.67
2025-10-08,9:30:13.651800295,T,KO,F,308,66.55
2025-10-08,9:30:13.652597221,T,KO,F,100,66.53
2025-10-08,9:30:13.652600666,T,KO,F I,30,66.53
2025-10-08,9:30:13.655029982,T,KO,F,400,66.53
2025-10-08,9:30:13.656151593,T,KO,F,100,66.54
2025-10-08,9:30:13.656166604,T,KO,,400,66.53
2025-10-08,9:30:13.656188445,T,KO,I,90,66.55
2025-10-08,9:30:13.656202771,T,KO,F,100,66.54
2025-10-08,9:30:13.656558131,T,KO,F,200,66.54
2025-10-08,9:30:13.656669178,T,KO,F,100,66.55
2025-10-08,9:30:13.656671873,T,KO,F,100,66.55
2025-10-08,9:30:13.656674834,T,KO,F I,9,66.55
2025-10-08,9:30:13.656674834,T,KO,F,241,66.55
2025-10-08,9:30:13.656689940,T,KO,F,150,66.55
2025-10-08,9:30:13.658304791,T,KO,,200,66.55
2025-10-08,9:30:13.658308029,T,KO,I,9,66.55
2025-10-08,9:30:13.658308029,T,KO,,100,66.55
2025-10-08,9:30:13.658569500,T,KO,I,4,66.55
2025-10-08,9:30:13.667133811,T,KO,I,5,66.55
2025-10-08,9:30:13.682010250,T,KO,I,1,66.56
2025-10-08,9:30:13.686340495,T,KO,F I,9,66.55
2025-10-08,9:30:13.687212563,T,KO,F,100,66.545
2025-10-08,9:30:13.687215864,T,KO,F,300,66.55
2025-10-08,9:30:13.687215864,T,KO,F I,99,66.56
2025-10-08,9:30:13.687218607,T,KO,F I,9,66.56
2025-10-08,9:30:13.687236708,T,KO,I,1,66.56
2025-10-08,9:30:13.692902168,T,KO,,200,66.54
2025-10-08,9:30:13.692923703,T,KO,I,1,66.54
2025-10-08,9:30:13.692992353,T,KO,F I,4,66.54
2025-10-08,9:30:13.693200495,T,KO,F,200,66.53
2025-10-08,9:30:13.697088077,T,KO,F I,4,66.54
2025-10-08,9:30:13.756918670,T,KO,F,100,66.55
2025-10-08,9:30:13.767001789,T,KO,I,11,66.55
2025-10-08,9:30:13.831213541,T,KO,,139,66.54
2025-10-08,9:30:13.831360878,T,KO,F I,9,66.535
2025-10-08,9:30:13.831373069,T,KO,I,9,66.535
2025-10-08,9:30:13.831409048,T,KO,F I,9,66.535
2025-10-08,9:30:13.831607671,T,KO,I,23,66.54
2025-10-08,9:30:13.831607671,T,KO,I,3,66.54
2025-10-08,9:30:13.909808758,T,KO,,200,66.55
2025-10-08,9:30:14.099061483,T,KO,F,100,66.58
2025-10-08,9:30:14.112485483,T,KO,F,100,66.58
2025-10-08,9:30:14.112497464,T,KO,,100,66.58
2025-10-08,9:30:14.112692977,T,KO,,100,66.57
2025-10-08,9:30:14.112695991,T,KO,,100,66.57
2025-10-08,9:30:14.112698963,T,KO,,140,66.57
2025-10-08,9:30:14.298285969,T,KO,,150,66.56
2025-10-08,9:30:14.533127334,T,KO,,100,66.57
2025-10-08,9:30:14.533343900,T,KO,,100,66.57
2025-10-08,9:30:14.652322189,T,KO,,100,66.57
2025-10-08,9:30:15.152244938,T,KO,,119,66.59
2025-10-08,9:30:15.254671786,T,KO,,139,66.6
2025-10-08,9:30:15.259119478,T,KO,,190,66.59
2025-10-08,9:30:18.778145845,T,KO,,200,66.615
2025-10-08,9:30:18.790234673,T,KO,F,400,66.63
2025-10-08,9:30:19.081541457,T,KO,,200,66.635
2025-10-08,9:30:19.081541457,T,KO,,250,66.635
2025-10-08,9:30:19.470999011,T,KO,F,100,66.63
2025-10-08,9:30:20.225156331,T,KO,,100,66.62
2025-10-08,9:30:21.498322737,T,KO,,200,66.62
2025-10-08,9:30:21.585957381,T,KO,,100,66.64
2025-10-08,9:30:21.585996554,T,KO,,400,66.65
2025-10-08,9:30:21.586429500,T,KO,,100,66.65
2025-10-08,9:30:21.586661290,T,KO,,100,66.64
2025-10-08,9:30:21.586661290,T,KO,,100,66.64
2025-10-08,9:30:21.586860092,T,KO,F,100,66.64
2025-10-08,9:30:21.586860092,T,KO,F,100,66.64
2025-10-08,9:30:21.586862947,T,KO,F,100,66.64
2025-10-08,9:30:21.587015917,T,KO,F,130,66.64
2025-10-08,9:30:21.587036926,T,KO,F,100,66.63
2025-10-08,9:30:22.896806474,T,KO,,100,66.635
2025-10-08,9:30:23.013228747,T,KO,F I,32,66.63
2025-10-08,9:30:23.013237759,T,KO,I,15,66.63
2025-10-08,9:30:23.013264784,T,KO,I,53,66.63
2025-10-08,9:30:27.026548459,T,KO,,119,66.63
2025-10-08,9:30:29.871991795,T,KO,I,72,66.61
2025-10-08,9:30:29.872520879,T,KO,F I,15,66.6
2025-10-08,9:30:29.872767470,T,KO,F I,25,66.59
2025-10-08,9:30:30.105106784,T,KO,,100,66.585
2025-10-08,9:30:30.105119093,T,KO,F I,30,66.58
2025-10-08,9:30:30.105121849,T,KO,F I,30,66.58
2025-10-08,9:30:30.105139859,T,KO,F I,5,66.58
2025-10-08,9:30:30.105702315,T,KO,,100,66.58
2025-10-08,9:30:32.838115113,T,KO,F,100,66.59
2025-10-08,9:30:32.838193770,T,KO,,100,66.59
2025-10-08,9:30:32.838196401,T,KO,F,100,66.59
2025-10-08,9:30:32.838199791,T,KO,F,100,66.6
2025-10-08,9:30:32.838220460,T,KO,F I,10,66.6
2025-10-08,9:30:32.857066318,T,KO,F,110,66.62
2025-10-08,9:30:32.857339879,T,KO,F I,50,66.615
2025-10-08,9:30:32.857343002,T,KO,F I,50,66.62
2025-10-08,9:30:32.857343002,T,KO,F I,50,66.62
2025-10-08,9:30:32.876105201,T,KO,F I,6,66.63
2025-10-08,9:30:35.910328370,T,KO,,400,66.6
2025-10-08,9:30:35.913651332,T,KO,,300,66.59
2025-10-08,9:30:35.913751206,T,KO,,100,66.6
2025-10-08,9:30:35.913753537,T,KO,I,50,66.6
2025-10-08,9:30:35.913801739,T,KO,F,100,66.6
2025-10-08,9:30:35.914400166,T,KO,I,78,66.59
2025-10-08,9:30:35.914499618,T,KO,I,22,66.59
2025-10-08,9:30:35.914502926,T,KO,I,20,66.59
2025-10-08,9:30:35.914505433,T,KO,,400,66.59
2025-10-08,9:30:35.919425094,T,KO,,127,66.6
2025-10-08,9:30:43.538350531,T,KO,I,30,66.53
2025-10-08,9:30:43.538353454,T,KO,I,15,66.53
2025-10-08,9:30:43.942362713,T,KO,,200,66.535
2025-10-08,9:30:43.949477641,T,KO,,100,66.53
2025-10-08,9:30:44.250025531,T,KO,,100,66.535
2025-10-08,9:30:45.539150729,T,KO,,100,66.56
2025-10-08,9:30:45.539412419,T,KO,I,1,66.56
2025-10-08,9:30:45.539448606,T,KO,I,99,66.56
2025-10-08,9:30:45.540639332,T,KO,F I,1,66.56
2025-10-08,9:30:48.065796203,T,KO,F,200,66.52
2025-10-08,9:30:48.065796203,T,KO,F,400,66.52
2025-10-08,9:30:51.638581395,T,KO,I,3,66.51
2025-10-08,9:30:51.638629273,T,KO,I,97,66.51
2025-10-08,9:30:51.638632288,T,KO,,300,66.51
2025-10-08,9:30:52.297736014,T,KO,F I,2,66.52
2025-10-08,9:30:52.297757471,T,KO,F I,98,66.52
2025-10-08,9:30:54.873214113,T,KO,F,100,66.53
2025-10-08,9:30:55.212818993,T,KO,,100,66.54
2025-10-08,9:30:55.212828839,T,KO,,100,66.54
2025-10-08,9:30:55.212840071,T,KO,I,1,66.54
2025-10-08,9:30:55.212858083,T,KO,I,99,66.54
2025-10-08,9:30:55.212861135,T,KO,,100,66.54
2025-10-08,9:30:55.213294089,T,KO,F,100,66.54
2025-10-08,9:30:55.728562335,T,KO,,400,66.57
2025-10-08,9:30:55.728562335,T,KO,I,66,66.57
2025-10-08,9:30:55.739866370,T,KO,,100,66.57
2025-10-08,9:30:57.143976578,T,KO,,100,66.58
2025-10-08,9:30:57.187814979,T,KO,,200,66.58
2025-10-08,9:31:00.025367248,T,KO,F,100,66.58
2025-10-08,9:31:03.618246587,T,KO,F,100,66.58
2025-10-08,9:31:07.745167941,T,KO,F I,95,66.57
2025-10-08,9:31:07.745189015,T,KO,I,5,66.57
2025-10-08,9:31:07.745192029,T,KO,I,90,66.56
2025-10-08,9:31:07.745210028,T,KO,I,5,66.56
2025-10-08,9:31:07.745213082,T,KO,I,90,66.56
2025-10-08,9:31:07.745216243,T,KO,I,1,66.56
2025-10-08,9:31:07.745219097,T,KO,I,1,66.56
2025-10-08,9:31:12.698734034,T,KO,,100,66.55
2025-10-08,9:31:12.698734034,T,KO,I,95,66.55
2025-10-08,9:31:12.698911484,T,KO,I,5,66.55
2025-10-08,9:31:12.698914455,T,KO,,100,66.54
2025-10-08,9:31:12.698917510,T,KO,I,90,66.54
2025-10-08,9:31:12.698932572,T,KO,I,1,66.54
2025-10-08,9:31:12.698938562,T,KO,F I,4,66.54
2025-10-08,9:31:12.719727051,T,KO,,100,66.54
2025-10-08,9:31:12.798827426,T,KO,,200,66.54
2025-10-08,9:31:12.798827426,T,KO,I,40,66.53
2025-10-08,9:31:12.798866746,T,KO,I,60,66.53
2025-10-08,9:31:12.799233392,T,KO,,100,66.53
2025-10-08,9:31:12.799443948,T,KO,F,100,66.53
2025-10-08,9:31:17.278958000,T,KO,F,200,66.57
2025-10-08,9:31:19.131749014,T,KO,F I,84,66.58
2025-10-08,9:31:19.131755432,T,KO,F I,16,66.58
2025-10-08,9:31:20.963982879,T,KO,F I,34,66.6
2025-10-08,9:31:20.963982879,T,KO,F I,51,66.6
2025-10-08,9:31:33.490155755,T,KO,F I,44,66.59
2025-10-08,9:31:33.490157970,T,KO,F,111,66.59
2025-10-08,9:31:33.490160953,T,KO,F I,95,66.59
2025-10-08,9:31:33.490206224,T,KO,F,100,66.58
2025-10-08,9:31:33.490206224,T,KO,F,400,66.58
2025-10-08,9:31:33.491066294,T,KO,F,100,66.55
2025-10-08,9:31:37.065180846,T,KO,F I,1,66.53
2025-10-08,9:31:37.065195830,T,KO,F I,94,66.53
2025-10-08,9:31:37.066374624,T,KO,I,77,66.52
2025-10-08,9:31:37.066516581,T,KO,F,100,66.52
2025-10-08,9:31:37.066552091,T,KO,I,9,66.52
2025-10-08,9:31:37.066555075,T,KO,I,91,66.51
2025-10-08,9:31:39.700230837,T,KO,F,100,66.52
2025-10-08,9:31:42.661308482,T,KO,I,54,66.53
2025-10-08,9:31:42.661326431,T,KO,F I,86,66.54
2025-10-08,9:31:42.661434699,T,KO,F I,50,66.54
2025-10-08,9:31:42.664255914,T,KO,F I,56,66.53
2025-10-08,9:31:42.664258401,T,KO,F,400,66.53
2025-10-08,9:31:42.664261372,T,KO,F I,95,66.53
2025-10-08,9:31:46.379959310,T,KO,,121,66.545
2025-10-08,9:31:48.181923115,T,KO,,100,66.54
2025-10-08,9:31:48.182656857,T,KO,F,240,66.55
2025-10-08,9:32:01.409855717,T,KO,F I,90,66.55
2025-10-08,9:32:01.409858629,T,KO,F,200,66.55
2025-10-08,9:32:01.510977503,T,KO,F,100,66.53
2025-10-08,9:32:01.510999213,T,KO,I,1,66.53
2025-10-08,9:32:01.511437618,T,KO,,100,66.53
2025-10-08,9:32:01.511477189,T,KO,,100,66.52
2025-10-08,9:32:01.511480343,T,KO,,100,66.52
2025-10-08,9:32:01.511482680,T,KO,,100,66.52
2025-10-08,9:32:01.511485762,T,KO,,400,66.52
2025-10-08,9:32:01.872730098,T,KO,I,17,66.52
2025-10-08,9:32:01.872748105,T,KO,I,27,66.52
2025-10-08,9:32:01.872751150,T,KO,I,56,66.52
2025-10-08,9:32:02.617773184,T,KO,I,1,66.5
2025-10-08,9:32:02.617775904,T,KO,I,30,66.5
2025-10-08,9:32:02.617779464,T,KO,I,1,66.5
2025-10-08,9:32:02.617779464,T,KO,I,10,66.5
2025-10-08,9:32:02.617781562,T,KO,I,10,66.5
2025-10-08,9:32:02.618324299,T,KO,I,10,66.5
2025-10-08,9:32:02.618329119,T,KO,,100,66.5
2025-10-08,9:32:02.618329119,T,KO,,100,66.51
2025-10-08,9:32:02.618331885,T,KO,,100,66.51
2025-10-08,9:32:02.618335192,T,KO,I,85,66.51
2025-10-08,9:32:02.618335192,T,KO,,400,66.51
2025-10-08,9:32:02.618345035,T,KO,I,1,66.51
2025-10-08,9:32:02.985422170,T,KO,F I,9,66.51
2025-10-08,9:32:02.985425320,T,KO,F I,71,66.51
2025-10-08,9:32:02.985428288,T,KO,F,100,66.51
2025-10-08,9:32:02.992348005,T,KO,F,100,66.515
2025-10-08,9:32:02.992354208,T,KO,F,400,66.52
2025-10-08,9:32:02.992354208,T,KO,F I,13,66.52
2025-10-08,9:32:04.970504198,T,KO,,100,66.52
2025-10-08,9:32:04.975983718,T,KO,,200,66.52
2025-10-08,9:32:04.975983718,T,KO,I,95,66.53
2025-10-08,9:32:04.975989255,T,KO,,100,66.53
2025-10-08,9:32:04.978767870,T,KO,,103,66.53
2025-10-08,9:32:08.477901876,T,KO,F I,31,66.46
2025-10-08,9:32:08.477904997,T,KO,F,100,66.46
2025-10-08,9:32:10.115136351,T,KO,F,100,66.47
2025-10-08,9:32:15.327770078,T,KO,,100,66.45
2025-10-08,9:32:15.327773059,T,KO,I,15,66.45
2025-10-08,9:32:15.327773059,T,KO,I,5,66.45
2025-10-08,9:32:15.327775588,T,KO,I,1,66.45
2025-10-08,9:32:15.327778575,T,KO,,100,66.45
2025-10-08,9:32:15.358006537,T,KO,F I,54,66.44
2025-10-08,9:32:15.362352563,T,KO,I,12,66.43
2025-10-08,9:32:15.362356148,T,KO,,100,66.43
2025-10-08,9:32:15.362357945,T,KO,I,27,66.43
2025-10-08,9:32:15.362397504,T,KO,,200,66.43
2025-10-08,9:32:15.362400055,T,KO,I,12,66.43
2025-10-08,9:32:15.362400055,T,KO,I,15,66.43
2025-10-08,9:32:15.362418275,T,KO,I,1,66.43
2025-10-08,9:32:15.362418275,T,KO,I,1,66.43
2025-10-08,9:32:15.362718841,T,KO,F I,83,66.43
2025-10-08,9:32:17.684335388,T,KO,I,61,66.42
2025-10-08,9:32:18.130553113,T,KO,F I,2,66.4
2025-10-08,9:32:18.130556055,T,KO,F,300,66.4
2025-10-08,9:32:18.130559019,T,KO,F I,98,66.4
2025-10-08,9:32:18.130571121,T,KO,I,2,66.4
2025-10-08,9:32:18.131296019,T,KO,F,139,66.41
2025-10-08,9:32:18.131296019,T,KO,F,400,66.41
2025-10-08,9:32:19.142232012,T,KO,F I,54,66.44
2025-10-08,9:32:19.142232012,T,KO,F I,3,66.44
2025-10-08,9:32:19.617691012,T,KO,F,100,66.45
2025-10-08,9:32:19.617693978,T,KO,F,100,66.45
2025-10-08,9:32:19.617700208,T,KO,F,100,66.45
2025-10-08,9:32:19.617700208,T,KO,F I,50,66.45
2025-10-08,9:32:19.617706101,T,KO,F,100,66.45
2025-10-08,9:32:19.617709725,T,KO,F,100,66.45
2025-10-08,9:32:19.617715854,T,KO,F,150,66.45
2025-10-08,9:32:19.617715854,T,KO,F,100,66.45
2025-10-08,9:32:19.617715854,T,KO,I,1,66.45
2025-10-08,9:32:19.617937619,T,KO,F I,99,66.45
2025-10-08,9:32:20.268757488,T,KO,,139,66.45
2025-10-08,9:32:22.170227487,T,KO,F,100,66.44
2025-10-08,9:32:22.170838008,T,KO,,100,66.45
2025-10-08,9:32:22.170880241,T,KO,,100,66.44
2025-10-08,9:32:22.170880241,T,KO,,400,66.44
2025-10-08,9:32:22.172519031,T,KO,,100,66.435
2025-10-08,9:32:22.176605681,T,KO,F I,12,66.44
2025-10-08,9:32:22.181074380,T,KO,F,100,66.45
2025-10-08,9:32:22.181095467,T,KO,I,1,66.45
2025-10-08,9:32:22.222660384,T,KO,,100,66.45
2025-10-08,9:32:22.223009540,T,KO,,100,66.44
2025-10-08,9:32:22.223012296,T,KO,,400,66.44
2025-10-08,9:32:22.223030359,T,KO,I,50,66.44
2025-10-08,9:32:22.223060388,T,KO,I,50,66.44
2025-10-08,9:32:22.223433377,T,KO,I,76,66.43
2025-10-08,9:32:27.192946368,T,KO,F,100,66.44
2025-10-08,9:32:29.011563796,T,KO,F I,1,66.45
2025-10-08,9:32:29.011578898,T,KO,F I,99,66.45
2025-10-08,9:32:29.011581829,T,KO,F,100,66.45
2025-10-08,9:32:29.133723771,T,KO,I,9,66.43
2025-10-08,9:32:31.263672801,T,KO,,336,66.42
2025-10-08,9:32:32.194290277,T,KO,,100,66.41
2025-10-08,9:32:35.128910858,T,KO,F,450,66.41
2025-10-08,9:32:36.055916670,T,KO,,100,66.41
2025-10-08,9:32:36.056479030,T,KO,,100,66.41
2025-10-08,9:32:36.453111744,T,KO,F I,9,66.4
2025-10-08,9:32:36.453129999,T,KO,F,291,66.4
2025-10-08,9:32:36.453133366,T,KO,F,283,66.4
2025-10-08,9:32:36.454152177,T,KO,F,100,66.38
2025-10-08,9:32:36.454170383,T,KO,,100,66.39
2025-10-08,9:32:36.454173288,T,KO,I,49,66.39
2025-10-08,9:32:36.454176499,T,KO,,350,66.39
2025-10-08,9:32:36.454191259,T,KO,I,1,66.38
2025-10-08,9:32:36.454365663,T,KO,F,100,66.38
2025-10-08,9:32:36.454369214,T,KO,F,100,66.38
2025-10-08,9:32:36.454371658,T,KO,F I,96,66.38
2025-10-08,9:32:36.454374739,T,KO,F I,1,66.38
2025-10-08,9:32:36.454446818,T,KO,,100,66.38
2025-10-08,9:32:37.572792589,T,KO,,100,66.37
2025-10-08,9:32:37.572834605,T,KO,,100,66.37
2025-10-08,9:32:37.572834605,T,KO,,100,66.37
2025-10-08,9:32:37.572837628,T,KO,I,90,66.37
2025-10-08,9:32:37.572891751,T,KO,I,14,66.37
2025-10-08,9:32:37.572916318,T,KO,F I,86,66.37
2025-10-08,9:32:37.572918826,T,KO,F I,14,66.37
2025-10-08,9:32:37.572921901,T,KO,F,100,66.37
2025-10-08,9:32:37.573339857,T,KO,,100,66.37
2025-10-08,9:32:38.483668062,T,KO,I,35,66.37
2025-10-08,9:32:38.483686350,T,KO,,201,66.37
2025-10-08,9:32:38.483689141,T,KO,I,6,66.37
2025-10-08,9:32:38.483740278,T,KO,I,16,66.37
2025-10-08,9:32:38.483743188,T,KO,,100,66.37
2025-10-08,9:32:38.483794535,T,KO,,100,66.37
2025-10-08,9:32:38.483794535,T,KO,,100,66.37
2025-10-08,9:32:38.483801038,T,KO,I,14,66.37
2025-10-08,9:32:38.657467325,T,KO,F,100,66.37
2025-10-08,9:32:38.657467325,T,KO,F,100,66.37
2025-10-08,9:32:39.515784236,T,KO,I,1,66.36
2025-10-08,9:32:39.515784236,T,KO,I,50,66.36
2025-10-08,9:32:39.515786581,T,KO,,336,66.36
2025-10-08,9:32:40.055956908,T,KO,I,32,66.36
2025-10-08,9:32:40.675802338,T,KO,F I,28,66.35
2025-10-08,9:32:40.675805865,T,KO,F I,16,66.35
2025-10-08,9:32:40.910592372,T,KO,,100,66.35
2025-10-08,9:32:40.919331175,T,KO,I,16,66.35
2025-10-08,9:32:40.919334235,T,KO,,100,66.35
2025-10-08,9:32:40.919373333,T,KO,I,2,66.35
2025-10-08,9:32:42.457476665,T,KO,,200,66.345
2025-10-08,9:32:42.855778397,T,KO,,100,66.345
2025-10-08,9:32:42.875586596,T,KO,,100,66.345
2025-10-08,9:32:42.994643056,T,KO,F,100,66.35
2025-10-08,9:32:45.519408545,T,KO,F I,52,66.37
2025-10-08,9:32:45.519411591,T,KO,F,117,66.37
2025-10-08,9:32:45.519411591,T,KO,F I,2,66.37
2025-10-08,9:32:45.519451025,T,KO,I,77,66.37
2025-10-08,9:32:45.525413875,T,KO,F,100,66.38
2025-10-08,9:32:45.525416782,T,KO,F I,38,66.38
2025-10-08,9:32:45.525441431,T,KO,F I,62,66.38
2025-10-08,9:32:45.525441431,T,KO,F I,62,66.38
2025-10-08,9:32:45.525443875,T,KO,I,1,66.38
2025-10-08,9:32:45.700580917,T,KO,I,37,66.38
2025-10-08,9:32:45.700580917,T,KO,I,59,66.38
2025-10-08,9:32:55.414551239,T,KO,F,100,66.39
2025-10-08,9:33:00.953094678,T,KO,,100,66.38
2025-10-08,9:33:00.953094678,T,KO,I,89,66.38
2025-10-08,9:33:00.953864601,T,KO,F,100,66.37
2025-10-08,9:33:01.129046803,T,KO,F I,2,66.37
2025-10-08,9:33:01.731685039,T,KO,I,98,66.37
2025-10-08,9:33:01.731706444,T,KO,F I,12,66.37
2025-10-08,9:33:01.731706444,T,KO,I,1,66.37
2025-10-08,9:33:03.711717979,T,KO,F,100,66.375
2025-10-08,9:33:03.711717979,T,KO,F,100,66.39
2025-10-08,9:33:03.711724041,T,KO,,100,66.39
2025-10-08,9:33:03.938361815,T,KO,,100,66.38
2025-10-08,9:33:04.125076532,T,KO,I,70,66.38
2025-10-08,9:33:04.126321506,T,KO,I,20,66.38
2025-10-08,9:33:10.247192838,T,KO,F I,4,66.35
2025-10-08,9:33:13.866291612,T,KO,F I,5,66.32
2025-10-08,9:33:13.866336663,T,KO,,100,66.31
2025-10-08,9:33:13.866339714,T,KO,,200,66.31
2025-10-08,9:33:14.437072023,T,KO,I,7,66.3
2025-10-08,9:33:14.437093063,T,KO,I,1,66.3
2025-10-08,9:33:14.437114105,T,KO,I,17,66.3
2025-10-08,9:33:14.951320743,T,KO,I,50,66.3
2025-10-08,9:33:14.952156796,T,KO,,250,66.29
2025-10-08,9:33:15.960040334,T,KO,F I,66,66.26
2025-10-08,9:33:15.960597086,T,KO,F,400,66.25
2025-10-08,9:33:15.960599690,T,KO,F,100,66.25
2025-10-08,9:33:15.975001276,T,KO,F,100,66.25
2025-10-08,9:33:18.253212052,T,KO,F I,6,66.24
2025-10-08,9:33:18.253714255,T,KO,F I,80,66.23
2025-10-08,9:33:18.318650905,T,KO,,100,66.23
2025-10-08,9:33:18.359410025,T,KO,,100,66.23
2025-10-08,9:33:18.363183966,T,KO,,100,66.23
2025-10-08,9:33:20.018759110,T,KO,F,200,66.22
2025-10-08,9:33:20.018762142,T,KO,F,288,66.22
2025-10-08,9:33:20.232814996,T,KO,F,100,66.25
2025-10-08,9:33:20.232842199,T,KO,,100,66.25
2025-10-08,9:33:20.232854703,T,KO,,277,66.26
2025-10-08,9:33:20.238877487,T,KO,F,384,66.26
2025-10-08,9:33:20.238877487,T,KO,F,100,66.26
2025-10-08,9:33:20.238913470,T,KO,F,100,66.26
2025-10-08,9:33:20.238949549,T,KO,F,100,66.26
2025-10-08,9:33:20.984142486,T,KO,,100,66.27
2025-10-08,9:33:20.984146196,T,KO,,200,66.27
2025-10-08,9:33:20.984146196,T,KO,,400,66.27
2025-10-08,9:33:20.984861153,T,KO,F,100,66.28
2025-10-08,9:33:20.999758615,T,KO,F I,10,66.29
2025-10-08,9:33:20.999794701,T,KO,F I,90,66.29
2025-10-08,9:33:21.049786131,T,KO,,100,66.29
2025-10-08,9:33:21.049789185,T,KO,I,18,66.29
2025-10-08,9:33:21.049791870,T,KO,,100,66.29
2025-10-08,9:33:21.051421720,T,KO,F I,97,66.3
2025-10-08,9:33:21.051421720,T,KO,F I,3,66.3
2025-10-08,9:33:21.051442737,T,KO,I,1,66.3
2025-10-08,9:33:21.052937254,T,KO,F I,96,66.3
2025-10-08,9:33:21.053436921,T,KO,,100,66.3
2025-10-08,9:33:21.053527151,T,KO,F,100,66.3
2025-10-08,9:33:21.071056382,T,KO,,100,66.31
2025-10-08,9:33:21.071056382,T,KO,,100,66.31
2025-10-08,9:33:21.071061440,T,KO,,121,66.31
2025-10-08,9:33:21.085769712,T,KO,F,100,66.31
2025-10-08,9:33:21.085773040,T,KO,F I,53,66.31
2025-10-08,9:33:21.085776140,T,KO,F,400,66.3
2025-10-08,9:33:21.085776140,T,KO,F I,76,66.3
2025-10-08,9:33:21.220150760,T,KO,F,382,66.31
2025-10-08,9:33:22.464890169,T,KO,,100,66.27
2025-10-08,9:33:23.819692044,T,KO,F,100,66.27
2025-10-08,9:33:39.204295316,T,KO,,100,66.285
2025-10-08,9:33:40.015206750,T,KO,,100,66.31
2025-10-08,9:33:40.015246410,T,KO,,100,66.32
2025-10-08,9:33:40.015249703,T,KO,,400,66.32
2025-10-08,9:33:40.015249703,T,KO,,100,66.32
2025-10-08,9:33:40.015252067,T,KO,,200,66.32
2025-10-08,9:33:43.716187529,T,KO,F,100,66.33
2025-10-08,9:33:45.247422471,T,KO,I,50,66.32
2025-10-08,9:33:48.574700162,T,KO,F,100,66.29
2025-10-08,9:33:57.293711474,T,KO,I,53,66.28
2025-10-08,9:33:57.293711474,T,KO,I,94,66.28
2025-10-08,9:33:57.482961262,T,KO,F,100,66.29
2025-10-08,9:33:57.483012506,T,KO,F,100,66.29
2025-10-08,9:33:57.483021544,T,KO,F,100,66.29
2025-10-08,9:34:01.500178216,T,KO,,100,66.3
2025-10-08,9:34:01.500193771,T,KO,I,1,66.3
2025-10-08,9:34:01.500199219,T,KO,,100,66.3
2025-10-08,9:34:01.501098368,T,KO,F,100,66.3
2025-10-08,9:34:01.501474271,T,KO,F I,72,66.29
2025-10-08,9:34:01.501495282,T,KO,I,1,66.29
2025-10-08,9:34:01.501513334,T,KO,I,27,66.29
2025-10-08,9:34:01.501516365,T,KO,,100,66.29
2025-10-08,9:34:01.501516365,T,KO,,400,66.29
2025-10-08,9:34:01.501631012,T,KO,F,100,66.29
2025-10-08,9:34:05.380121450,T,KO,I,36,66.3
2025-10-08,9:34:05.380121450,T,KO,I,64,66.3
2025-10-08,9:34:05.380137012,T,KO,I,1,66.3
2025-10-08,9:34:05.380137012,T,KO,I,35,66.3
2025-10-08,9:34:08.750061602,T,KO,,100,66.32
2025-10-08,9:34:08.750080424,T,KO,,100,66.32
2025-10-08,9:34:08.750083442,T,KO,I,1,66.32
2025-10-08,9:34:08.750127761,T,KO,F,100,66.32
2025-10-08,9:34:08.750133683,T,KO,F I,99,66.32
2025-10-08,9:34:09.385601273,T,KO,,100,66.34
2025-10-08,9:34:10.168293470,T,KO,I,34,66.35
2025-10-08,9:34:12.122684359,T,KO,F,100,66.35
2025-10-08,9:34:12.122687342,T,KO,F,100,66.35
2025-10-08,9:34:12.164553063,T,KO,F I,99,66.34
2025-10-08,9:34:12.164577167,T,KO,I,1,66.34
2025-10-08,9:34:12.896327939,T,KO,I,49,66.34
2025-10-08,9:34:20.734646996,T,KO,I,1,66.3
2025-10-08,9:34:29.527520448,T,KO,I,7,66.3
2025-10-08,9:34:34.380346665,T,KO,F I,3,66.31
2025-10-08,9:34:34.381525433,T,KO,F I,53,66.31
2025-10-08,9:34:34.381540535,T,KO,F I,30,66.31
2025-10-08,9:34:34.382283213,T,KO,F,100,66.3
2025-10-08,9:34:34.489157851,T,KO,F,100,66.29
2025-10-08,9:34:34.489699117,T,KO,I,21,66.29
2025-10-08,9:34:34.489982276,T,KO,,1212,66.3
2025-10-08,9:34:40.155241040,T,KO,I,54,66.31
2025-10-08,9:34:40.155241040,T,KO,I,21,66.31
2025-10-08,9:34:42.166142864,T,KO,F,100,66.32
2025-10-08,9:34:42.166148419,T,KO,F,100,66.32
2025-10-08,9:34:42.166148419,T,KO,F,100,66.32
2025-10-08,9:34:42.166151420,T,KO,F I,53,66.32
2025-10-08,9:34:42.166154498,T,KO,F,247,66.32
2025-10-08,9:34:47.794347335,T,KO,,100,66.37
2025-10-08,9:34:49.157545158,T,KO,I,3,66.39
2025-10-08,9:34:49.160233517,T,KO,I,97,66.4
2025-10-08,9:34:49.160254573,T,KO,I,1,66.4
2025-10-08,9:34:52.366163213,T,KO,,100,66.4
2025-10-08,9:34:52.366169305,T,KO,,100,66.4
2025-10-08,9:34:52.366181377,T,KO,,116,66.4
2025-10-08,9:34:52.366184322,T,KO,I,1,66.4
2025-10-08,9:35:06.150243364,T,KO,F,100,66.38
2025-10-08,9:35:06.150247267,T,KO,F,300,66.38
2025-10-08,9:35:06.150282472,T,KO,F I,10,66.37
2025-10-08,9:35:10.156818014,T,KO,I,2,66.35
2025-10-08,9:35:10.156821920,T,KO,I,2,66.35
2025-10-08,9:35:10.156824009,T,KO,I,74,66.35
2025-10-08,9:35:10.156851641,T,KO,I,1,66.35
2025-10-08,9:35:10.156872117,T,KO,,325,66.35
2025-10-08,9:35:10.156872117,T,KO,,100,66.35
2025-10-08,9:35:10.156875185,T,KO,I,54,66.35
2025-10-08,9:35:10.156890142,T,KO,I,1,66.35
2025-10-08,9:35:10.157115737,T,KO,I,99,66.35
2025-10-08,9:35:10.157115737,T,KO,,100,66.35
2025-10-08,9:35:10.157338622,T,KO,F,300,66.35
2025-10-08,9:35:10.157392667,T,KO,F I,22,66.35
2025-10-08,9:35:10.157428495,T,KO,,100,66.34
2025-10-08,9:35:10.157428495,T,KO,,400,66.34
2025-10-08,9:35:10.158156255,T,KO,I,39,66.33
2025-10-08,9:35:10.158496597,T,KO,,100,66.34
2025-10-08,9:35:10.158499027,T,KO,I,44,66.34
2025-10-08,9:35:10.158503536,T,KO,I,22,66.34
2025-10-08,9:35:10.158503536,T,KO,,100,66.34
2025-10-08,9:35:10.158504992,T,KO,,380,66.34
2025-10-08,9:35:10.158667675,T,KO,F I,54,66.34
2025-10-08,9:35:10.158691449,T,KO,F I,44,66.34
2025-10-08,9:35:10.708066997,T,KO,I,3,66.33
2025-10-08,9:35:14.014643360,T,KO,F,100,66.33
2025-10-08,9:35:14.014661498,T,KO,F,300,66.33
2025-10-08,9:35:18.808075171,T,KO,I,44,66.33
2025-10-08,9:35:18.808992371,T,KO,I,13,66.34
2025-10-08,9:35:18.809079582,T,KO,F,127,66.34
2025-10-08,9:35:19.402019742,T,KO,F,100,66.37
2025-10-08,9:35:19.402197180,T,KO,,100,66.37
2025-10-08,9:35:22.995726068,T,KO,,100,66.4
2025-10-08,9:35:22.995729114,T,KO,I,3,66.4
2025-10-08,9:35:23.318141942,T,KO,F,120,66.4
2025-10-08,9:35:24.148982023,T,KO,F,100,66.4
2025-10-08,9:35:24.148982023,T,KO,F,100,66.4
2025-10-08,9:35:24.446215754,T,KO,F,200,66.39
2025-10-08,9:35:30.724927102,T,KO,F I,1,66.37
2025-10-08,9:35:30.724945996,T,KO,F I,99,66.37
2025-10-08,9:35:31.634659852,T,KO,,200,66.35
2025-10-08,9:35:31.916235534,T,KO,,100,66.35
2025-10-08,9:35:33.056097454,T,KO,I,9,66.34
2025-10-08,9:35:33.056100291,T,KO,,191,66.34
2025-10-08,9:35:33.056172450,T,KO,F I,24,66.34
2025-10-08,9:35:33.057200931,T,KO,,200,66.345
2025-10-08,9:35:33.057204519,T,KO,,800,66.35
2025-10-08,9:35:33.057204519,T,KO,,200,66.35
2025-10-08,9:35:33.057225701,T,KO,I,1,66.35
2025-10-08,9:35:33.057225701,T,KO,I,1,66.35
2025-10-08,9:35:33.057237754,T,KO,F I,64,66.35
2025-10-08,9:35:36.168341855,T,KO,,100,66.345
2025-10-08,9:35:40.114271130,T,KO,F I,4,66.36
2025-10-08,9:35:40.114484990,T,KO,,100,66.36
2025-10-08,9:35:40.288015849,T,KO,F,100,66.37
2025-10-08,9:35:41.583696873,T,KO,F I,92,66.39
2025-10-08,9:35:41.583717921,T,KO,I,1,66.39
2025-10-08,9:35:44.227169894,T,KO,,100,66.38
2025-10-08,9:35:44.382925915,T,KO,,100,66.38
2025-10-08,9:35:44.712592135,T,KO,,100,66.38
2025-10-08,9:35:45.375932987,T,KO,,100,66.38
2025-10-08,9:35:45.517245587,T,KO,,100,66.38
2025-10-08,9:35:49.978455082,T,KO,,100,66.38
2025-10-08,9:35:56.337571856,T,KO,,100,66.38
2025-10-08,9:36:04.999642818,T,KO,F I,1,66.39
2025-10-08,9:36:05.304896731,T,KO,F,100,66.4
2025-10-08,9:36:05.304896731,T,KO,F,100,66.4
2025-10-08,9:36:05.304899810,T,KO,F,300,66.4
2025-10-08,9:36:05.304902711,T,KO,F,168,66.4
2025-10-08,9:36:05.304941795,T,KO,,100,66.4
2025-10-08,9:36:05.304995917,T,KO,I,32,66.4
2025-10-08,9:36:05.305855982,T,KO,,100,66.41
2025-10-08,9:36:05.305855982,T,KO,,100,66.41
2025-10-08,9:36:05.305859060,T,KO,I,28,66.41
2025-10-08,9:36:05.321775867,T,KO,F,100,66.41
2025-10-08,9:36:05.327215831,T,KO,F,100,66.41
2025-10-08,9:36:05.327251917,T,KO,I,72,66.41
2025-10-08,9:36:05.370885929,T,KO,F I,54,66.43
2025-10-08,9:36:05.370889331,T,KO,F I,42,66.425
2025-10-08,9:36:05.370891919,T,KO,F I,7,66.42
2025-10-08,9:36:05.370916391,T,KO,F I,28,66.43
2025-10-08,9:36:05.370925556,T,KO,,400,66.42
2025-10-08,9:36:05.370931025,T,KO,,100,66.42
2025-10-08,9:36:05.370931025,T,KO,,200,66.42
2025-10-08,9:36:05.371081427,T,KO,F,100,66.42
2025-10-08,9:36:06.795337274,T,KO,F,345,66.44
2025-10-08,9:36:06.795337274,T,KO,F I,34,66.44
2025-10-08,9:36:06.795340201,T,KO,I,49,66.44
2025-10-08,9:36:06.795361233,T,KO,I,1,66.44
2025-10-08,9:36:06.796638738,T,KO,I,7,66.44
2025-10-08,9:36:06.796659793,T,KO,F I,69,66.44
2025-10-08,9:36:06.797131942,T,KO,F I,24,66.44
2025-10-08,9:36:08.959898031,T,KO,F,100,66.43
2025-10-08,9:36:10.113704123,T,KO,I,30,66.43
2025-10-08,9:36:18.683551284,T,KO,I,42,66.42
2025-10-08,9:36:18.683551284,T,KO,I,58,66.42
2025-10-08,9:36:18.683554377,T,KO,I,53,66.42
2025-10-08,9:36:18.683569494,T,KO,I,1,66.42
2025-10-08,9:36:18.683572451,T,KO,I,1,66.42
2025-10-08,9:36:18.684150438,T,KO,F I,99,66.42
2025-10-08,9:36:18.684152732,T,KO,F I,32,66.42
2025-10-08,9:36:18.684152732,T,KO,F,300,66.42
2025-10-08,9:36:18.689707028,T,KO,F,100,66.41
2025-10-08,9:36:18.689707028,T,KO,F,188,66.41
2025-10-08,9:36:18.689727994,T,KO,,100,66.41
2025-10-08,9:36:20.052249201,T,KO,,100,66.39
2025-10-08,9:36:22.530686166,T,KO,F I,14,66.4
2025-10-08,9:36:22.531182405,T,KO,,100,66.4
2025-10-08,9:36:22.531186102,T,KO,,100,66.4
2025-10-08,9:36:22.531209406,T,KO,I,1,66.4
2025-10-08,9:36:22.533507227,T,KO,F,100,66.4
2025-10-08,9:36:22.533507227,T,KO,F,100,66.4
2025-10-08,9:36:25.105060847,T,KO,F,100,66.4
2025-10-08,9:36:25.105060847,T,KO,F,100,66.4
2025-10-08,9:36:26.614508743,T,KO,I,5,66.38
2025-10-08,9:36:29.766168146,T,KO,,100,66.38
2025-10-08,9:36:38.031215371,T,KO,F I,1,66.37
2025-10-08,9:36:41.316928088,T,KO,I,6,66.35
2025-10-08,9:36:41.316931104,T,KO,I,24,66.35
2025-10-08,9:36:41.316949431,T,KO,I,6,66.35
2025-10-08,9:36:41.317337243,T,KO,,100,66.35
2025-10-08,9:36:43.094094946,T,KO,F,100,66.35
2025-10-08,9:36:43.094098078,T,KO,F,800,66.35
2025-10-08,9:36:43.821284261,T,KO,F I,92,66.355
2025-10-08,9:36:43.821286868,T,KO,F I,8,66.36
2025-10-08,9:36:43.821310931,T,KO,F I,92,66.36
2025-10-08,9:36:43.821310931,T,KO,F I,9,66.36
2025-10-08,9:36:43.821332000,T,KO,I,1,66.36
2025-10-08,9:36:43.821332000,T,KO,I,90,66.36
2025-10-08,9:36:43.821338000,T,KO,I,10,66.36
2025-10-08,9:36:50.748405472,T,KO,F I,55,66.35
2025-10-08,9:36:50.752047219,T,KO,F I,5,66.34
2025-10-08,9:36:50.752071236,T,KO,I,1,66.34
2025-10-08,9:36:53.001536887,T,KO,F I,6,66.35
2025-10-08,9:36:53.002117235,T,KO,F,100,66.35
2025-10-08,9:36:53.002120280,T,KO,F I,6,66.35
2025-10-08,9:36:53.002156858,T,KO,,100,66.35
2025-10-08,9:36:53.002156858,T,KO,,400,66.35
2025-10-08,9:36:53.002159442,T,KO,I,7,66.35
2025-10-08,9:36:53.002162894,T,KO,,800,66.35
2025-10-08,9:36:53.050484483,T,KO,I,46,66.35
2025-10-08,9:36:53.050496516,T,KO,I,54,66.35
2025-10-08,9:36:53.050499468,T,KO,I,69,66.35
2025-10-08,9:36:53.050520568,T,KO,I,1,66.35
2025-10-08,9:36:55.677662175,T,KO,F I,1,66.34
2025-10-08,9:36:55.677662175,T,KO,F I,69,66.34
2025-10-08,9:36:55.677664765,T,KO,F I,1,66.34
2025-10-08,9:36:55.677667728,T,KO,F I,7,66.34
2025-10-08,9:36:57.604074002,T,KO,I,1,66.34
2025-10-08,9:37:00.702320186,T,KO,F I,5,66.32
2025-10-08,9:37:01.547651549,T,KO,F,100,66.31
2025-10-08,9:37:04.646703707,T,KO,F I,5,66.31
2025-10-08,9:37:04.647434447,T,KO,F,300,66.32
2025-10-08,9:37:04.647903538,T,KO,,100,66.32
2025-10-08,9:37:04.647906558,T,KO,,100,66.32
2025-10-08,9:37:04.647909546,T,KO,,100,66.32
2025-10-08,9:37:04.647957673,T,KO,F I,8,66.32
2025-10-08,9:37:04.648462889,T,KO,,100,66.31
2025-10-08,9:37:04.848229487,T,KO,F,100,66.31
2025-10-08,9:37:04.848234799,T,KO,F I,28,66.31
2025-10-08,9:37:04.848234799,T,KO,F,128,66.31
2025-10-08,9:37:04.848237758,T,KO,F,100,66.31
2025-10-08,9:37:04.848237758,T,KO,F,100,66.31
2025-10-08,9:37:04.936001698,T,KO,F I,72,66.32
2025-10-08,9:37:05.180063084,T,KO,I,28,66.32
2025-10-08,9:37:06.714849520,T,KO,,300,66.32
2025-10-08,9:37:06.714849520,T,KO,,100,66.32
2025-10-08,9:37:08.045167044,T,KO,I,69,66.32
2025-10-08,9:37:08.045188021,T,KO,I,31,66.32
2025-10-08,9:37:08.045190991,T,KO,I,68,66.32
2025-10-08,9:37:08.045190991,T,KO,I,1,66.32
2025-10-08,9:37:08.045197087,T,KO,I,31,66.32
2025-10-08,9:37:08.798536282,T,KO,I,30,66.31
2025-10-08,9:37:08.798557381,T,KO,I,1,66.31
2025-10-08,9:37:24.159040734,T,KO,F,100,66.32
2025-10-08,9:37:24.159064762,T,KO,F I,22,66.32
2025-10-08,9:37:24.159067253,T,KO,I,16,66.32
2025-10-08,9:37:24.159097390,T,KO,F,162,66.32
2025-10-08,9:37:24.159097390,T,KO,F,100,66.32
2025-10-08,9:37:25.046391001,T,KO,F I,5,66.32
2025-10-08,9:37:28.596607391,T,KO,F I,56,66.32
2025-10-08,9:37:32.599907146,T,KO,F I,10,66.31
2025-10-08,9:37:32.599910108,T,KO,F,100,66.31
2025-10-08,9:37:32.599928198,T,KO,I,1,66.31
2025-10-08,9:37:32.599931705,T,KO,I,23,66.31
2025-10-08,9:37:36.188141142,T,KO,I,5,66.3
2025-10-08,9:37:36.188141142,T,KO,I,1,66.3
2025-10-08,9:37:36.188143467,T,KO,I,64,66.3
2025-10-08,9:37:36.188161510,T,KO,I,1,66.3
2025-10-08,9:37:36.188182556,T,KO,I,19,66.3
2025-10-08,9:37:36.189090703,T,KO,,100,66.305
2025-10-08,9:37:36.455429181,T,KO,F I,2,66.31
2025-10-08,9:37:36.732809618,T,KO,,100,66.315
2025-10-08,9:37:37.389478257,T,KO,,100,66.32
2025-10-08,9:37:37.389480730,T,KO,,100,66.315
2025-10-08,9:37:40.715287889,T,KO,F,100,66.31
2025-10-08,9:37:40.715302841,T,KO,I,1,66.31
2025-10-08,9:37:40.733784929,T,KO,F,100,66.31
2025-10-08,9:37:46.060921734,T,KO,F I,27,66.31
2025-10-08,9:37:46.060942803,T,KO,I,1,66.31
2025-10-08,9:37:47.724300449,T,KO,F I,72,66.31
2025-10-08,9:37:47.724318982,T,KO,I,47,66.31
2025-10-08,9:37:47.726465627,T,KO,F,100,66.31
2025-10-08,9:37:48.981315357,T,KO,F,600,66.32
2025-10-08,9:37:48.982552174,T,KO,F,100,66.33
2025-10-08,9:37:48.982554244,T,KO,F,100,66.33
2025-10-08,9:37:48.982566302,T,KO,F,100,66.33
2025-10-08,9:37:49.371461481,T,KO,,100,66.35
2025-10-08,9:37:52.939938451,T,KO,F,100,66.34
2025-10-08,9:37:52.939940723,T,KO,F,100,66.34
2025-10-08,9:37:54.683508404,T,KO,F,100,66.33
2025-10-08,9:38:01.780459634,T,KO,,100,66.315
2025-10-08,9:38:04.804934016,T,KO,I,9,66.3
2025-10-08,9:38:04.805631743,T,KO,,100,66.3
2025-10-08,9:38:04.805653338,T,KO,I,1,66.3
2025-10-08,9:38:04.805657204,T,KO,I,1,66.3
2025-10-08,9:38:04.806308725,T,KO,I,5,66.3
2025-10-08,9:38:04.806308725,T,KO,I,5,66.3
2025-10-08,9:38:04.808861674,T,KO,F I,75,66.3
2025-10-08,9:38:04.808925257,T,KO,I,24,66.3
2025-10-08,9:38:04.808928377,T,KO,I,1,66.3
2025-10-08,9:38:04.808930592,T,KO,I,1,66.3
2025-10-08,9:38:06.462253361,T,KO,I,68,66.305
2025-10-08,9:38:07.482012284,T,KO,,100,66.31
2025-10-08,9:38:07.482015210,T,KO,I,4,66.31
2025-10-08,9:38:07.483311275,T,KO,,100,66.32
2025-10-08,9:38:09.801087662,T,KO,I,17,66.335
2025-10-08,9:38:09.841200145,T,KO,I,20,66.335
2025-10-08,9:38:10.408922331,T,KO,F,100,66.34
2025-10-08,9:38:11.569182186,T,KO,I,99,66.34
2025-10-08,9:38:11.569184789,T,KO,,100,66.34
2025-10-08,9:38:11.569188364,T,KO,I,3,66.34
2025-10-08,9:38:11.569188364,T,KO,,303,66.34
2025-10-08,9:38:11.569190803,T,KO,I,56,66.34
2025-10-08,9:38:11.599298638,T,KO,I,98,66.34
2025-10-08,9:38:11.599298638,T,KO,,100,66.34
2025-10-08,9:38:12.196376607,T,KO,F I,52,66.35
2025-10-08,9:38:12.196400642,T,KO,F I,48,66.35
2025-10-08,9:38:12.196403690,T,KO,F I,48,66.35
2025-10-08,9:38:12.196403690,T,KO,F I,52,66.35
2025-10-08,9:38:18.638307690,T,KO,I,3,66.36
2025-10-08,9:38:18.638346776,T,KO,,117,66.36
2025-10-08,9:38:18.638346776,T,KO,I,3,66.36
2025-10-08,9:38:18.638409974,T,KO,I,75,66.36
2025-10-08,9:38:20.690990602,T,KO,I,12,66.36
2025-10-08,9:38:29.545928869,T,KO,F I,5,66.36
2025-10-08,9:38:30.289428620,T,KO,F,100,66.36
2025-10-08,9:38:30.289428620,T,KO,F,100,66.36
2025-10-08,9:38:30.380608873,T,KO,I,5,66.35
2025-10-08,9:38:41.019603395,T,KO,I,57,66.36
2025-10-08,9:38:41.019985407,T,KO,,100,66.36
2025-10-08,9:38:41.019985407,T,KO,,100,66.36
2025-10-08,9:38:41.019988171,T,KO,I,29,66.36
2025-10-08,9:38:41.020529418,T,KO,,100,66.36
2025-10-08,9:38:41.020529418,T,KO,,100,66.36
2025-10-08,9:38:43.262426148,T,KO,I,29,66.36
2025-10-08,9:38:43.262426148,T,KO,,100,66.36
2025-10-08,9:38:43.263180924,T,KO,,100,66.36
2025-10-08,9:38:43.263180924,T,KO,,100,66.36
2025-10-08,9:38:43.268934259,T,KO,,100,66.36
2025-10-08,9:38:43.268936802,T,KO,I,29,66.36
2025-10-08,9:38:43.268936802,T,KO,,100,66.36
2025-10-08,9:38:43.268939595,T,KO,,342,66.36
2025-10-08,9:38:43.268957617,T,KO,I,1,66.36
2025-10-08,9:38:43.270112359,T,KO,F,100,66.36
2025-10-08,9:38:45.259557727,T,KO,I,22,66.36
2025-10-08,9:38:45.259593796,T,KO,I,9,66.36
2025-10-08,9:38:45.567124231,T,KO,,100,66.355
2025-10-08,9:38:46.912965566,T,KO,I,65,66.35
2025-10-08,9:38:46.912965566,T,KO,I,4,66.35
2025-10-08,9:38:46.912967676,T,KO,,200,66.35
2025-10-08,9:38:46.913818737,T,KO,,100,66.35
2025-10-08,9:38:51.811749260,T,KO,F I,10,66.36
2025-10-08,9:38:53.665529488,T,KO,F,100,66.37
2025-10-08,9:38:53.665529488,T,KO,F,400,66.37
2025-10-08,9:38:53.665554999,T,KO,I,1,66.37
2025-10-08,9:38:53.665554999,T,KO,I,99,66.37
2025-10-08,9:38:53.665557277,T,KO,I,33,66.37
2025-10-08,9:38:53.665574674,T,KO,F I,67,66.37
2025-10-08,9:38:53.665884309,T,KO,I,10,66.37
2025-10-08,9:38:53.665908375,T,KO,F I,42,66.37
2025-10-08,9:38:59.211175742,T,KO,F,100,66.37
2025-10-08,9:38:59.212496229,T,KO,I,50,66.37
2025-10-08,9:38:59.212496229,T,KO,I,92,66.37
2025-10-08,9:38:59.212498893,T,KO,I,2,66.37
2025-10-08,9:38:59.212501952,T,KO,I,21,66.37
2025-10-08,9:38:59.212721446,T,KO,F I,79,66.37
2025-10-08,9:39:02.274042666,T,KO,F I,92,66.37
2025-10-08,9:39:02.274045853,T,KO,F,100,66.37
2025-10-08,9:39:02.274048732,T,KO,F I,1,66.37
2025-10-08,9:39:04.584165743,T,KO,,100,66.34
2025-10-08,9:39:08.797449762,T,KO,F I,1,66.34
2025-10-08,9:39:08.797453157,T,KO,F I,57,66.34
2025-10-08,9:39:08.797453157,T,KO,F,100,66.34
2025-10-08,9:39:08.797456249,T,KO,F I,41,66.34
2025-10-08,9:39:08.797474259,T,KO,I,1,66.34
2025-10-08,9:39:08.797503823,T,KO,F I,99,66.34
2025-10-08,9:39:08.797506826,T,KO,F I,1,66.34
2025-10-08,9:39:08.797513555,T,KO,F I,99,66.34
2025-10-08,9:39:08.797513555,T,KO,F I,1,66.34
2025-10-08,9:39:08.797518886,T,KO,F I,58,66.34
2025-10-08,9:39:09.244016382,T,KO,F I,10,66.34
2025-10-08,9:39:09.244019350,T,KO,F I,80,66.33
2025-10-08,9:39:09.244058426,T,KO,I,20,66.33
2025-10-08,9:39:09.244061943,T,KO,,320,66.33
2025-10-08,9:39:09.255178940,T,KO,,100,66.33
2025-10-08,9:39:09.255181903,T,KO,I,85,66.33
2025-10-08,9:39:10.347858412,T,KO,F I,85,66.33
2025-10-08,9:39:10.347861376,T,KO,F I,22,66.33
2025-10-08,9:39:10.347921516,T,KO,F I,60,66.33
2025-10-08,9:39:10.364235403,T,KO,F I,18,66.33
2025-10-08,9:39:20.583465980,T,KO,F,100,66.33
2025-10-08,9:39:20.583490093,T,KO,I,1,66.33
2025-10-08,9:39:20.583511069,T,KO,F I,99,66.33
2025-10-08,9:39:20.583532222,T,KO,F I,99,66.33
2025-10-08,9:39:20.583541271,T,KO,I,1,66.33
2025-10-08,9:39:21.731612634,T,KO,F I,10,66.33
2025-10-08,9:39:28.928151860,T,KO,I,44,66.33
2025-10-08,9:39:28.928203724,T,KO,I,5,66.33
2025-10-08,9:39:31.665529668,T,KO,I,3,66.335
2025-10-08,9:39:33.186236502,T,KO,F,100,66.33
2025-10-08,9:39:34.033970710,T,KO,I,1,66.325
2025-10-08,9:39:34.075959679,T,KO,I,40,66.34
2025-10-08,9:39:34.075959679,T,KO,,400,66.34
2025-10-08,9:39:34.708507282,T,KO,I,18,66.34
2025-10-08,9:39:35.321614321,T,KO,F I,52,66.33
2025-10-08,9:39:35.322217968,T,KO,,100,66.33
2025-10-08,9:39:35.434577473,T,KO,I,23,66.33
2025-10-08,9:39:35.435052702,T,KO,,400,66.34
2025-10-08,9:39:35.435055690,T,KO,,200,66.34
2025-10-08,9:39:36.042156627,T,KO,F,100,66.35
2025-10-08,9:39:40.787160958,T,KO,I,40,66.35
2025-10-08,9:39:40.800602940,T,KO,I,15,66.365
2025-10-08,9:39:44.910762337,T,KO,F,100,66.36
2025-10-08,9:39:51.738485250,T,KO,F I,10,66.34
2025-10-08,9:39:51.738485250,T,KO,F I,1,66.34
2025-10-08,9:39:56.873178800,T,KO,F I,1,66.32
2025-10-08,9:40:03.198368801,T,KO,I,26,66.31
2025-10-08,9:40:03.198389855,T,KO,I,1,66.31
2025-10-08,9:40:05.191163964,T,KO,I,5,66.3
2025-10-08,9:40:05.191163964,T,KO,I,2,66.3
2025-10-08,9:40:07.886387317,T,KO,,100,66.285
2025-10-08,9:40:10.437871319,T,KO,,100,66.285
2025-10-08,9:40:12.448523612,T,KO,F I,2,66.29
2025-10-08,9:40:12.448547564,T,KO,F I,18,66.29
2025-10-08,9:40:12.448547564,T,KO,F I,80,66.29
2025-10-08,9:40:12.448550194,T,KO,F,100,66.29
2025-10-08,9:40:12.462274924,T,KO,F,100,66.3
2025-10-08,9:40:13.101369030,T,KO,I,5,66.305
2025-10-08,9:40:14.518334944,T,KO,,100,66.295
2025-10-08,9:40:20.231519215,T,KO,,100,66.31
2025-10-08,9:40:24.556540350,T,KO,F,100,66.32
2025-10-08,9:40:24.564356000,T,KO,,100,66.31
2025-10-08,9:40:33.158452870,T,KO,,245,66.315
2025-10-08,9:40:37.043231379,T,KO,I,25,66.34
2025-10-08,9:40:37.043231379,T,KO,I,75,66.34
2025-10-08,9:40:37.043252433,T,KO,I,1,66.34
2025-10-08,9:40:37.043270691,T,KO,I,24,66.34
2025-10-08,9:40:37.043273519,T,KO,,400,66.34
2025-10-08,9:40:37.043276459,T,KO,,100,66.34
2025-10-08,9:40:37.043279606,T,KO,I,11,66.34
2025-10-08,9:40:37.043279606,T,KO,,100,66.34
2025-10-08,9:40:37.043523072,T,KO,,100,66.34
2025-10-08,9:40:37.043526731,T,KO,I,85,66.34
2025-10-08,9:40:37.043526731,T,KO,,100,66.34
2025-10-08,9:40:41.511453588,T,KO,F,139,66.345
2025-10-08,9:40:41.511453588,T,KO,F I,68,66.34
2025-10-08,9:40:41.511465615,T,KO,F I,17,66.34
2025-10-08,9:40:41.511465615,T,KO,F I,21,66.34
2025-10-08,9:40:41.511472319,T,KO,F I,57,66.34
2025-10-08,9:40:41.511472319,T,KO,F I,43,66.34
2025-10-08,9:40:41.511474772,T,KO,F I,1,66.34
2025-10-08,9:40:41.511489699,T,KO,I,1,66.34
2025-10-08,9:40:41.511883622,T,KO,I,67,66.34
2025-10-08,9:40:41.511883622,T,KO,I,10,66.34
2025-10-08,9:40:41.552014403,T,KO,,100,66.335
2025-10-08,9:40:41.552017271,T,KO,I,11,66.34
2025-10-08,9:40:43.903762492,T,KO,F I,11,66.34
2025-10-08,9:40:54.760081480,T,KO,F I,13,66.34
2025-10-08,9:40:54.760108453,T,KO,F I,12,66.34
2025-10-08,9:40:54.760111643,T,KO,F,400,66.34
2025-10-08,9:40:54.772001782,T,KO,,100,66.34
2025-10-08,9:40:54.772004909,T,KO,I,86,66.34
2025-10-08,9:40:54.772007823,T,KO,I,13,66.34
2025-10-08,9:40:54.779961763,T,KO,I,10,66.335
2025-10-08,9:40:55.391032213,T,KO,I,50,66.33
2025-10-08,9:41:00.548971037,T,KO,I,50,66.335
2025-10-08,9:41:02.888207125,T,KO,F I,86,66.34
2025-10-08,9:41:02.888207125,T,KO,F I,21,66.34
2025-10-08,9:41:02.888209446,T,KO,F I,1,66.34
2025-10-08,9:41:02.888275678,T,KO,F I,21,66.34
2025-10-08,9:41:02.888294080,T,KO,I,1,66.34
2025-10-08,9:41:02.888294080,T,KO,I,20,66.34
2025-10-08,9:41:02.888296951,T,KO,F I,22,66.34
2025-10-08,9:41:02.888299632,T,KO,F I,14,66.34
2025-10-08,9:41:05.407564924,T,KO,F,100,66.35
2025-10-08,9:41:06.338315111,T,KO,F,100,66.36
2025-10-08,9:41:06.338315111,T,KO,F I,25,66.36
2025-10-08,9:41:06.338317725,T,KO,F,100,66.36
2025-10-08,9:41:11.860015007,T,KO,F,100,66.36
2025-10-08,9:41:14.174450439,T,KO,I,10,66.37
2025-10-08,9:41:18.856547969,T,KO,F,100,66.375
2025-10-08,9:41:18.856828016,T,KO,I,4,66.38
2025-10-08,9:41:18.856830859,T,KO,I,80,66.38
2025-10-08,9:41:18.856833954,T,KO,,100,66.38
2025-10-08,9:41:18.856833954,T,KO,I,16,66.38
2025-10-08,9:41:18.856854698,T,KO,I,1,66.38
2025-10-08,9:41:18.857056470,T,KO,F I,80,66.38
2025-10-08,9:41:18.857059333,T,KO,F I,20,66.38
2025-10-08,9:41:20.140922047,T,KO,I,4,66.37
2025-10-08,9:41:20.146365005,T,KO,F,100,66.36
2025-10-08,9:41:20.146368058,T,KO,F I,59,66.35
2025-10-08,9:41:20.146368058,T,KO,F,400,66.35
2025-10-08,9:41:20.147799693,T,KO,I,80,66.33
2025-10-08,9:41:20.147799693,T,KO,F I,20,66.335
2025-10-08,9:41:20.377660919,T,KO,F I,25,66.325
2025-10-08,9:41:20.389379766,T,KO,F,100,66.32
2025-10-08,9:41:21.366400990,T,KO,I,70,66.315
2025-10-08,9:41:26.422532261,T,KO,F I,20,66.32
2025-10-08,9:41:26.422577380,T,KO,,187,66.32
2025-10-08,9:41:26.430218593,T,KO,,100,66.325
2025-10-08,9:41:27.483483158,T,KO,I,5,66.32
2025-10-08,9:41:38.414602249,T,KO,I,11,66.28
2025-10-08,9:41:38.414605489,T,KO,I,90,66.28
2025-10-08,9:41:38.414629306,T,KO,I,1,66.28
2025-10-08,9:41:38.414648375,T,KO,,109,66.28
2025-10-08,9:41:38.414648375,T,KO,I,1,66.28
2025-10-08,9:41:38.414654016,T,KO,I,33,66.28
2025-10-08,9:41:38.414656388,T,KO,I,28,66.28
2025-10-08,9:41:38.759265135,T,KO,,100,66.27
2025-10-08,9:41:38.765411688,T,KO,,200,66.275
2025-10-08,9:41:45.118132328,T,KO,F,100,66.28
2025-10-08,9:41:45.118144453,T,KO,F,100,66.28
2025-10-08,9:41:49.008441060,T,KO,I,12,66.29
2025-10-08,9:41:59.029647012,T,KO,,100,66.305
2025-10-08,9:42:02.241395548,T,KO,I,8,66.305
2025-10-08,9:42:02.766500242,T,KO,F,200,66.3
2025-10-08,9:42:02.766500242,T,KO,F I,50,66.3
2025-10-08,9:42:04.884267199,T,KO,F,200,66.28
2025-10-08,9:42:06.277070524,T,KO,F,100,66.28
2025-10-08,9:42:07.164454064,T,KO,F I,2,66.28
2025-10-08,9:42:07.642782339,T,KO,F I,2,66.27
2025-10-08,9:42:11.857564273,T,KO,F I,1,66.26
2025-10-08,9:42:11.857606524,T,KO,,400,66.25
2025-10-08,9:42:11.857608967,T,KO,,100,66.25
2025-10-08,9:42:11.857608967,T,KO,,100,66.25
2025-10-08,9:42:12.121180680,T,KO,I,96,66.25
2025-10-08,9:42:13.026150132,T,KO,,100,66.255
2025-10-08,9:42:20.483578947,T,KO,F,100,66.25
2025-10-08,9:42:20.836376133,T,KO,I,32,66.26
2025-10-08,9:42:21.361643248,T,KO,I,7,66.26
2025-10-08,9:42:21.389345808,T,KO,,100,66.26
2025-10-08,9:42:21.389348187,T,KO,I,25,66.26
2025-10-08,9:42:26.341086238,T,KO,I,6,66.25
2025-10-08,9:42:26.341107075,T,KO,I,54,66.25
2025-10-08,9:42:26.341110078,T,KO,I,30,66.25
2025-10-08,9:42:31.206019202,T,KO,,100,66.255
2025-10-08,9:42:36.088547038,T,KO,I,84,66.25
2025-10-08,9:42:36.088901884,T,KO,I,16,66.25
2025-10-08,9:42:36.091494066,T,KO,I,86,66.25
2025-10-08,9:42:36.091497089,T,KO,,100,66.25
2025-10-08,9:42:36.091500120,T,KO,I,20,66.25
2025-10-08,9:42:43.479569184,T,KO,F I,2,66.27
2025-10-08,9:42:43.480019691,T,KO,I,40,66.27
2025-10-08,9:42:43.480019691,T,KO,I,86,66.27
2025-10-08,9:42:43.483523119,T,KO,I,65,66.27
2025-10-08,9:42:43.483547109,T,KO,I,1,66.27
2025-10-08,9:42:44.595385593,T,KO,I,34,66.27
2025-10-08,9:42:44.595385593,T,KO,I,40,66.27
2025-10-08,9:42:51.076355312,T,KO,I,5,66.27
2025-10-08,9:42:51.076358467,T,KO,I,25,66.27
2025-10-08,9:42:51.076358467,T,KO,I,33,66.27
2025-10-08,9:42:51.077218400,T,KO,F I,17,66.26
2025-10-08,9:42:51.398882575,T,KO,I,19,66.25
2025-10-08,9:43:01.039661339,T,KO,,100,66.235
2025-10-08,9:43:06.506718607,T,KO,F I,2,66.23
2025-10-08,9:43:06.506721485,T,KO,F I,1,66.23
2025-10-08,9:43:09.111173607,T,KO,F I,2,66.22
2025-10-08,9:43:10.398091673,T,KO,,300,66.225
2025-10-08,9:43:16.779124828,T,KO,,100,66.23
2025-10-08,9:43:16.779142837,T,KO,I,1,66.23
2025-10-08,9:43:31.025559486,T,KO,,100,66.24
2025-10-08,9:43:41.300940361,T,KO,I,1,66.23
2025-10-08,9:43:41.300942880,T,KO,I,82,66.23
2025-10-08,9:43:46.099354448,T,KO,F I,3,66.24
2025-10-08,9:43:46.099354448,T,KO,F I,97,66.24
2025-10-08,9:43:46.099661136,T,KO,I,3,66.24
2025-10-08,9:43:46.099664158,T,KO,,100,66.24
2025-10-08,9:43:46.099784455,T,KO,F,100,66.24
2025-10-08,9:43:50.033715177,T,KO,F I,17,66.25
2025-10-08,9:43:54.270539244,T,KO,F I,25,66.26
2025-10-08,9:43:54.270539244,T,KO,F,400,66.26
2025-10-08,9:44:11.964501858,T,KO,,100,66.26
2025-10-08,9:44:12.751803990,T,KO,,200,66.275
2025-10-08,9:44:14.521041041,T,KO,,100,66.285
2025-10-08,9:44:21.894897665,T,KO,I,1,66.285
2025-10-08,9:44:22.630184945,T,KO,F I,60,66.29
2025-10-08,9:44:30.293186276,T,KO,,100,66.29
2025-10-08,9:44:33.659722528,T,KO,F I,3,66.29
2025-10-08,9:44:34.038176938,T,KO,,100,66.28
2025-10-08,9:44:35.486065391,T,KO,F,100,66.29
2025-10-08,9:44:36.381378881,T,KO,F,100,66.3
2025-10-08,9:44:36.381760732,T,KO,F,100,66.3
2025-10-08,9:44:39.223346304,T,KO,,100,66.3
2025-10-08,9:44:39.223348753,T,KO,I,5,66.3
2025-10-08,9:44:43.955434331,T,KO,F I,25,66.29
2025-10-08,9:44:44.017090214,T,KO,F,100,66.29
2025-10-08,9:44:46.957878529,T,KO,F,100,66.3
2025-10-08,9:44:46.957881491,T,KO,F I,6,66.3
2025-10-08,9:44:46.957896535,T,KO,I,1,66.3
2025-10-08,9:44:46.958446872,T,KO,I,99,66.3
2025-10-08,9:44:47.296731572,T,KO,F I,27,66.3
2025-10-08,9:44:58.909051213,T,KO,I,6,66.27
2025-10-08,9:45:00.018627938,T,KO,F,190,66.27
2025-10-08,9:45:00.021659257,T,KO,F,100,66.27
2025-10-08,9:45:00.021662175,T,KO,F,100,66.27
2025-10-08,9:45:00.021665205,T,KO,F I,3,66.27
2025-10-08,9:45:00.063588072,T,KO,F I,85,66.27
2025-10-08,9:45:00.063657171,T,KO,F,130,66.27
2025-10-08,9:45:00.063892631,T,KO,,100,66.27
2025-10-08,9:45:00.063895355,T,KO,I,19,66.27
2025-10-08,9:45:00.063897740,T,KO,I,11,66.27
2025-10-08,9:45:00.615173875,T,KO,F I,19,66.27
2025-10-08,9:45:00.675626842,T,KO,,100,66.265
2025-10-08,9:45:02.016427300,T,KO,,110,66.265
2025-10-08,9:45:02.019211872,T,KO,I,90,66.265
2025-10-08,9:45:02.540873338,T,KO,I,97,66.26
2025-10-08,9:45:02.540888379,T,KO,I,3,66.26
2025-10-08,9:45:02.541186864,T,KO,I,19,66.26
2025-10-08,9:45:02.541186864,T,KO,I,86,66.26
2025-10-08,9:45:02.541192849,T,KO,,100,66.26
2025-10-08,9:45:02.541192849,T,KO,I,74,66.26
2025-10-08,9:45:02.541192849,T,KO,,400,66.26
2025-10-08,9:45:02.541195327,T,KO,,200,66.26
2025-10-08,9:45:02.541216207,T,KO,I,1,66.26
2025-10-08,9:45:02.552950188,T,KO,I,19,66.26
2025-10-08,9:45:04.461123903,T,KO,F I,1,66.26
2025-10-08,9:45:04.461129932,T,KO,F I,38,66.26
2025-10-08,9:45:06.793214350,T,KO,I,2,66.27
2025-10-08,9:45:06.793235433,T,KO,I,13,66.27
2025-10-08,9:45:06.793241639,T,KO,F I,71,66.27
2025-10-08,9:45:06.793241639,T,KO,F I,90,66.27
2025-10-08,9:45:06.793244408,T,KO,F,100,66.27
2025-10-08,9:45:07.360353250,T,KO,,100,66.26
2025-10-08,9:45:09.693237544,T,KO,I,75,66.255
2025-10-08,9:45:09.693321697,T,KO,I,25,66.255
2025-10-08,9:45:09.693324732,T,KO,,400,66.26
2025-10-08,9:45:10.717756687,T,KO,I,25,66.26
2025-10-08,9:45:15.091478820,T,KO,,100,66.27
2025-10-08,9:45:15.091478820,T,KO,I,1,66.27
2025-10-08,9:45:15.104208156,T,KO,I,64,66.28
2025-10-08,9:45:15.104241193,T,KO,I,36,66.28
2025-10-08,9:45:16.088262935,T,KO,,100,66.29
2025-10-08,9:45:16.088265889,T,KO,,100,66.29
2025-10-08,9:45:16.088283884,T,KO,F,144,66.29
2025-10-08,9:45:18.126177616,T,KO,F I,3,66.3
2025-10-08,9:45:27.013707645,T,KO,F I,11,66.295
2025-10-08,9:45:27.013713593,T,KO,I,89,66.295
2025-10-08,9:45:27.014600719,T,KO,F,100,66.3
2025-10-08,9:45:29.052969606,T,KO,F I,1,66.315
2025-10-08,9:45:29.054277884,T,KO,F I,1,66.32
2025-10-08,9:45:29.258449026,T,KO,I,32,66.32
2025-10-08,9:45:29.258488148,T,KO,F I,68,66.32
2025-10-08,9:45:31.629575472,T,KO,F,100,66.33
2025-10-08,9:45:31.629578494,T,KO,F,100,66.33
2025-10-08,9:45:31.629578494,T,KO,F I,23,66.33
2025-10-08,9:45:31.629593574,T,KO,I,1,66.33
2025-10-08,9:45:36.972154267,T,KO,,100,66.33
2025-10-08,9:45:36.972158188,T,KO,,100,66.33
2025-10-08,9:45:36.972158188,T,KO,,100,66.33
2025-10-08,9:45:40.742669644,T,KO,I,15,66.32
2025-10-08,9:45:40.743481617,T,KO,F I,65,66.32
2025-10-08,9:45:40.743484688,T,KO,F,322,66.32
2025-10-08,9:45:40.743683156,T,KO,F I,14,66.32
2025-10-08,9:45:40.744206370,T,KO,F I,28,66.32
2025-10-08,9:45:48.568277380,T,KO,F I,20,66.32
2025-10-08,9:45:48.568277380,T,KO,F,200,66.32
2025-10-08,9:45:48.571612354,T,KO,I,27,66.315
2025-10-08,9:45:49.326034470,T,KO,,276,66.31
2025-10-08,9:45:49.326034470,T,KO,I,24,66.31
2025-10-08,9:45:49.326037296,T,KO,I,25,66.31
2025-10-08,9:45:49.707156660,T,KO,F I,23,66.3
2025-10-08,9:45:51.423027787,T,KO,F,100,66.29
2025-10-08,9:45:51.423027787,T,KO,F I,15,66.29
2025-10-08,9:45:56.172037745,T,KO,F I,2,66.28
2025-10-08,9:45:56.172040754,T,KO,F,100,66.28
2025-10-08,9:45:56.182713200,T,KO,I,10,66.29
2025-10-08,9:45:57.069354005,T,KO,,140,66.29
2025-10-08,9:45:57.217306399,T,KO,I,90,66.29
2025-10-08,9:46:03.469756109,T,KO,F I,1,66.3
2025-10-08,9:46:04.689761900,T,KO,,100,66.295
2025-10-08,9:46:04.689885457,T,KO,I,25,66.3
2025-10-08,9:46:04.689888199,T,KO,,275,66.3
2025-10-08,9:46:04.689909231,T,KO,F I,50,66.3
2025-10-08,9:46:04.689915224,T,KO,F I,75,66.3
2025-10-08,9:46:04.689931163,T,KO,,300,66.295
2025-10-08,9:46:04.689933700,T,KO,,100,66.29
2025-10-08,9:46:04.689936295,T,KO,I,36,66.29
2025-10-08,9:46:04.689939679,T,KO,I,25,66.29
2025-10-08,9:46:04.689939679,T,KO,,400,66.29
2025-10-08,9:46:04.689942498,T,KO,I,63,66.29
2025-10-08,9:46:04.697147439,T,KO,I,25,66.28
2025-10-08,9:46:05.003965263,T,KO,F I,23,66.28
2025-10-08,9:46:05.004100599,T,KO,F I,2,66.28
2025-10-08,9:46:05.004115622,T,KO,,100,66.28
2025-10-08,9:46:05.004232927,T,KO,F,200,66.29
2025-10-08,9:46:05.004235834,T,KO,F,100,66.29
2025-10-08,9:46:05.004235834,T,KO,F I,50,66.29
2025-10-08,9:46:05.004257690,T,KO,I,1,66.29
2025-10-08,9:46:05.004302144,T,KO,,100,66.29
2025-10-08,9:46:05.004302144,T,KO,I,91,66.29
2025-10-08,9:46:05.004305015,T,KO,I,20,66.29
2025-10-08,9:46:08.706181903,T,KO,,100,66.265
2025-10-08,9:46:08.707076250,T,KO,F I,20,66.27
2025-10-08,9:46:08.707078055,T,KO,F,113,66.27
2025-10-08,9:46:13.511804685,T,KO,F I,78,66.28
2025-10-08,9:46:13.511807965,T,KO,F I,26,66.28
2025-10-08,9:46:13.511810695,T,KO,F I,40,66.28
2025-10-08,9:46:13.511819714,T,KO,F I,60,66.28
2025-10-08,9:46:13.520690887,T,KO,I,89,66.28
2025-10-08,9:46:13.520690887,T,KO,I,11,66.28
2025-10-08,9:46:19.915617313,T,KO,F I,89,66.29
2025-10-08,9:46:19.915620057,T,KO,F,100,66.29
2025-10-08,9:46:19.915635452,T,KO,I,3,66.29
2025-10-08,9:46:19.915635452,T,KO,I,1,66.29
2025-10-08,9:46:19.916597422,T,KO,F I,85,66.29
2025-10-08,9:46:19.917060478,T,KO,I,83,66.29
2025-10-08,9:46:19.917066596,T,KO,I,43,66.29
2025-10-08,9:46:19.917069464,T,KO,I,63,66.29
2025-10-08,9:46:19.917069464,T,KO,I,85,66.29
2025-10-08,9:46:19.917072643,T,KO,I,59,66.29
2025-10-08,9:46:19.917076323,T,KO,I,15,66.29
2025-10-08,9:46:19.917076323,T,KO,I,25,66.29
2025-10-08,9:46:20.827343506,T,KO,,100,66.295
2025-10-08,9:46:21.645598444,T,KO,,200,66.295
2025-10-08,9:46:21.664525553,T,KO,I,14,66.295
2025-10-08,9:46:21.843541844,T,KO,F I,2,66.29
2025-10-08,9:46:21.843548160,T,KO,F I,83,66.29
2025-10-08,9:46:21.843548160,T,KO,F I,2,66.29
2025-10-08,9:46:21.843548160,T,KO,F I,51,66.29
2025-10-08,9:46:21.844681589,T,KO,,100,66.29
2025-10-08,9:46:21.988598346,T,KO,I,10,66.295
2025-10-08,9:46:28.945987170,T,KO,F I,1,66.3
2025-10-08,9:46:28.948032026,T,KO,F,400,66.32
2025-10-08,9:46:28.948032026,T,KO,F,200,66.32
2025-10-08,9:46:28.948035063,T,KO,F I,25,66.32
2025-10-08,9:46:28.987606246,T,KO,,100,66.325
2025-10-08,9:46:29.490331677,T,KO,,100,66.325
2025-10-08,9:46:29.502399383,T,KO,,100,66.325
2025-10-08,9:46:29.543597507,T,KO,,100,66.325
2025-10-08,9:46:29.567462404,T,KO,,100,66.325
2025-10-08,9:46:29.619002154,T,KO,,100,66.325
2025-10-08,9:46:31.466503474,T,KO,,100,66.325
2025-10-08,9:46:31.466566595,T,KO,,100,66.325
2025-10-08,9:46:33.905321250,T,KO,I,18,66.325
2025-10-08,9:46:33.907002112,T,KO,I,1,66.325
2025-10-08,9:46:39.970205327,T,KO,F I,10,66.33
2025-10-08,9:46:39.970205327,T,KO,F I,24,66.33
2025-10-08,9:46:39.970208261,T,KO,F I,1,66.33
2025-10-08,9:46:42.845855350,T,KO,,100,66.335
2025-10-08,9:46:43.095771558,T,KO,,100,66.34
2025-10-08,9:46:43.095810694,T,KO,,100,66.34
2025-10-08,9:46:44.183672776,T,KO,F I,18,66.35
2025-10-08,9:46:44.183672776,T,KO,F I,34,66.35
2025-10-08,9:46:44.755956819,T,KO,F I,16,66.34
2025-10-08,9:46:53.076185638,T,KO,F I,9,66.34
2025-10-08,9:46:53.076185638,T,KO,F,100,66.34
2025-10-08,9:46:55.023939695,T,KO,I,10,66.33
2025-10-08,9:47:01.223860399,T,KO,F I,14,66.32
2025-10-08,9:47:01.321882855,T,KO,I,73,66.32
2025-10-08,9:47:01.321885462,T,KO,,100,66.32
2025-10-08,9:47:01.321888064,T,KO,I,21,66.32
2025-10-08,9:47:01.321888064,T,KO,I,1,66.32
2025-10-08,9:47:01.321890890,T,KO,,400,66.32
2025-10-08,9:47:03.222998095,T,KO,F I,48,66.355
2025-10-08,9:47:03.222998095,T,KO,F I,48,66.355
2025-10-08,9:47:03.223001605,T,KO,F I,4,66.355
2025-10-08,9:47:03.223003829,T,KO,F I,44,66.36
2025-10-08,9:47:03.223013378,T,KO,F I,4,66.36
2025-10-08,9:47:06.421400655,T,KO,,174,66.37
2025-10-08,9:47:09.154027049,T,KO,F I,52,66.38
2025-10-08,9:47:09.154030120,T,KO,F I,32,66.38
2025-10-08,9:47:10.379202180,T,KO,,100,66.385
2025-10-08,9:47:10.519350984,T,KO,F,336,66.39
2025-10-08,9:47:10.642394973,T,KO,I,70,66.39
2025-10-08,9:47:10.642394973,T,KO,I,73,66.39
2025-10-08,9:47:10.642397998,T,KO,I,21,66.39
2025-10-08,9:47:12.531632755,T,KO,F I,70,66.39
2025-10-08,9:47:12.531635728,T,KO,F I,1,66.39
2025-10-08,9:47:13.111389499,T,KO,F I,50,66.4
2025-10-08,9:47:13.111392542,T,KO,F,101,66.4
2025-10-08,9:47:13.113978689,T,KO,F,214,66.4
2025-10-08,9:47:13.113993756,T,KO,I,74,66.4
2025-10-08,9:47:13.113996750,T,KO,I,21,66.4
2025-10-08,9:47:16.425559093,T,KO,,100,66.39
2025-10-08,9:47:16.425559093,T,KO,I,74,66.39
2025-10-08,9:47:16.425565468,T,KO,,221,66.39
2025-10-08,9:47:16.425565468,T,KO,,200,66.39
2025-10-08,9:47:16.425565468,T,KO,,900,66.39
2025-10-08,9:47:16.425580110,T,KO,I,1,66.39
2025-10-08,9:47:16.425871883,T,KO,I,1,66.39
2025-10-08,9:47:16.426142887,T,KO,F I,89,66.39
2025-10-08,9:47:16.426146198,T,KO,F,100,66.39
2025-10-08,9:47:16.426148822,T,KO,F I,9,66.39
2025-10-08,9:47:16.426148822,T,KO,F I,54,66.39
2025-10-08,9:47:16.446651290,T,KO,I,89,66.39
2025-10-08,9:47:16.446651290,T,KO,I,98,66.39
2025-10-08,9:47:16.446675333,T,KO,F,102,66.39
2025-10-08,9:47:16.446675333,T,KO,F,100,66.39
2025-10-08,9:47:16.446678762,T,KO,F I,21,66.39
2025-10-08,9:47:16.446678762,T,KO,F I,89,66.39
2025-10-08,9:47:16.446681402,T,KO,F I,22,66.39
2025-10-08,9:47:16.447150529,T,KO,F,100,66.4
2025-10-08,9:47:16.447154134,T,KO,F I,11,66.4
2025-10-08,9:47:16.447157228,T,KO,F,641,66.4
2025-10-08,9:47:16.447177627,T,KO,F,259,66.4
2025-10-08,9:47:16.447177627,T,KO,F,100,66.4
2025-10-08,9:47:16.447183563,T,KO,F,100,66.4
2025-10-08,9:47:16.449520191,T,KO,F I,99,66.4
2025-10-08,9:47:16.449548022,T,KO,F I,1,66.4
2025-10-08,9:47:16.449550231,T,KO,F,200,66.4
2025-10-08,9:47:16.482370387,T,KO,F,100,66.405
2025-10-08,9:47:16.482370387,T,KO,F,900,66.41
2025-10-08,9:47:16.482397428,T,KO,F,100,66.41
2025-10-08,9:47:16.998486672,T,KO,F I,74,66.41
2025-10-08,9:47:16.998489706,T,KO,F I,26,66.41
2025-10-08,9:47:17.150270179,T,KO,I,89,66.41
2025-10-08,9:47:17.150273676,T,KO,I,21,66.41
2025-10-08,9:47:17.150273676,T,KO,,111,66.41
2025-10-08,9:47:17.150276450,T,KO,,100,66.41
2025-10-08,9:47:17.150276450,T,KO,I,25,66.41
2025-10-08,9:47:17.150279157,T,KO,,354,66.41
2025-10-08,9:47:17.150288230,T,KO,I,1,66.41
2025-10-08,9:47:17.150300281,T,KO,I,17,66.41
2025-10-08,9:47:17.150316165,T,KO,I,1,66.41
2025-10-08,9:47:17.150324259,T,KO,,299,66.41
2025-10-08,9:47:17.150360333,T,KO,I,42,66.41
2025-10-08,9:47:17.150360333,T,KO,I,21,66.41
2025-10-08,9:47:17.150504799,T,KO,I,21,66.41
2025-10-08,9:47:17.150507934,T,KO,I,21,66.41
2025-10-08,9:47:17.150507934,T,KO,I,58,66.41
2025-10-08,9:47:17.150528805,T,KO,I,1,66.41
2025-10-08,9:47:17.497170403,T,KO,,100,66.41
2025-10-08,9:47:23.919831575,T,KO,F,100,66.4
2025-10-08,9:47:23.919852600,T,KO,I,1,66.4
2025-10-08,9:47:23.919856047,T,KO,,100,66.4
2025-10-08,9:47:24.203485134,T,KO,F,100,66.4
2025-10-08,9:47:24.203491430,T,KO,F I,23,66.4
2025-10-08,9:47:24.203491430,T,KO,F I,89,66.4
2025-10-08,9:47:24.203494829,T,KO,F,440,66.4
2025-10-08,9:47:24.203498379,T,KO,F,201,66.4
2025-10-08,9:47:24.203498379,T,KO,F,559,66.4
2025-10-08,9:47:24.203503594,T,KO,F,254,66.4
2025-10-08,9:47:31.006197722,T,KO,I,5,66.405
2025-10-08,9:47:31.207629399,T,KO,F I,23,66.4
2025-10-08,9:47:35.255227898,T,KO,F I,30,66.39
2025-10-08,9:47:35.255955578,T,KO,I,1,66.38
2025-10-08,9:47:35.255958566,T,KO,,155,66.38
2025-10-08,9:47:35.255976626,T,KO,,143,66.38
2025-10-08,9:47:35.255979603,T,KO,I,1,66.38
2025-10-08,9:47:39.143804399,T,KO,I,99,66.36
2025-10-08,9:47:41.089354861,T,KO,,1100,66.36
2025-10-08,9:47:41.089357206,T,KO,,400,66.36
2025-10-08,9:47:44.634082885,T,KO,I,40,66.355
2025-10-08,9:47:47.145255879,T,KO,F I,67,66.36
2025-10-08,9:47:47.145264902,T,KO,F I,33,66.36
2025-10-08,9:47:53.134470830,T,KO,I,64,66.36
2025-10-08,9:47:54.052389014,T,KO,F,652,66.35
2025-10-08,9:47:54.052410150,T,KO,I,1,66.35
2025-10-08,9:48:02.137096842,T,KO,,100,66.355
2025-10-08,9:48:05.299970062,T,KO,F,100,66.35
2025-10-08,9:48:05.299973020,T,KO,F I,25,66.35
2025-10-08,9:48:05.299976014,T,KO,F,724,66.35
2025-10-08,9:48:05.299976014,T,KO,F,176,66.35
2025-10-08,9:48:05.300884236,T,KO,F I,14,66.34
2025-10-08,9:48:05.300893679,T,KO,F I,14,66.34
2025-10-08,9:48:21.437602940,T,KO,,100,66.34
2025-10-08,9:48:21.437602940,T,KO,F,114,66.34
2025-10-08,9:48:24.624656750,T,KO,I,5,66.325
2025-10-08,9:48:27.460132013,T,KO,,100,66.325
2025-10-08,9:48:27.460132013,T,KO,,1200,66.33
2025-10-08,9:48:27.460137956,T,KO,,400,66.33
2025-10-08,9:48:27.460137956,T,KO,I,65,66.33
2025-10-08,9:48:27.460143154,T,KO,I,25,66.33
2025-10-08,9:48:27.460143154,T,KO,F I,75,66.33
2025-10-08,9:48:29.506811851,T,KO,,200,66.33
2025-10-08,9:48:29.507780685,T,KO,F,700,66.33
2025-10-08,9:48:29.507798367,T,KO,I,1,66.33
2025-10-08,9:48:29.507805989,T,KO,F I,99,66.33
2025-10-08,9:48:37.824385306,T,KO,F I,80,66.33
2025-10-08,9:48:43.132017684,T,KO,F,100,66.35
2025-10-08,9:48:43.132038806,T,KO,I,25,66.35
2025-10-08,9:48:43.862722579,T,KO,F I,38,66.36
2025-10-08,9:48:43.862725100,T,KO,F I,33,66.36
2025-10-08,9:48:44.668085311,T,KO,I,4,66.365
2025-10-08,9:48:46.231060928,T,KO,,100,66.365
2025-10-08,9:48:46.231999136,T,KO,,100,66.36
2025-10-08,9:48:47.948469381,T,KO,,100,66.355
2025-10-08,9:48:58.818332685,T,KO,F,100,66.35
2025-10-08,9:49:09.015069845,T,KO,,100,66.345
2025-10-08,9:49:10.168554173,T,KO,,100,66.345
2025-10-08,9:49:14.933069171,T,KO,I,10,66.335
2025-10-08,9:49:17.085599197,T,KO,F I,1,66.335
2025-10-08,9:49:17.085845612,T,KO,F I,1,66.335
2025-10-08,9:49:17.085854644,T,KO,F I,1,66.335
2025-10-08,9:49:17.085893758,T,KO,F I,1,66.335
2025-10-08,9:49:17.086200486,T,KO,F I,1,66.335
2025-10-08,9:49:17.610042122,T,KO,I,25,66.345
2025-10-08,9:49:22.456983463,T,KO,,200,66.345
2025-10-08,9:49:24.733282732,T,KO,,300,66.33
2025-10-08,9:49:24.733282732,T,KO,I,1,66.33
2025-10-08,9:49:24.733285017,T,KO,,200,66.33
2025-10-08,9:49:27.048415068,T,KO,,900,66.32
2025-10-08,9:49:27.048457458,T,KO,F,200,66.32
2025-10-08,9:49:27.048460207,T,KO,F I,2,66.32
2025-10-08,9:49:27.049118744,T,KO,F,100,66.32
2025-10-08,9:49:27.049121815,T,KO,F I,24,66.32
2025-10-08,9:49:29.564976901,T,KO,I,5,66.31
2025-10-08,9:49:29.564976901,T,KO,I,14,66.31
2025-10-08,9:49:29.564983304,T,KO,I,21,66.31
2025-10-08,9:49:32.180327274,T,KO,,100,66.3
2025-10-08,9:49:32.180333078,T,KO,I,25,66.3
2025-10-08,9:49:32.180333078,T,KO,,975,66.3
2025-10-08,9:49:32.180345677,T,KO,F,125,66.3
2025-10-08,9:49:32.180349328,T,KO,F I,25,66.3
2025-10-08,9:49:32.180351282,T,KO,F,142,66.3
2025-10-08,9:49:32.180357205,T,KO,F,158,66.3
2025-10-08,9:49:32.180958531,T,KO,,100,66.3
2025-10-08,9:49:32.180970672,T,KO,,100,66.295
2025-10-08,9:49:32.180970672,T,KO,,100,66.295
2025-10-08,9:49:32.180976847,T,KO,I,1,66.29
2025-10-08,9:49:32.180980557,T,KO,,200,66.29
2025-10-08,9:49:32.180983791,T,KO,,900,66.29
2025-10-08,9:49:32.180983791,T,KO,,400,66.29
2025-10-08,9:49:39.300033405,T,KO,,100,66.275
2025-10-08,9:49:48.893795383,T,KO,F I,23,66.27
2025-10-08,9:49:48.893799093,T,KO,F,100,66.27
2025-10-08,9:49:48.893801441,T,KO,F I,3,66.27
2025-10-08,9:49:53.991139984,T,KO,F I,63,66.27
2025-10-08,9:49:53.991143154,T,KO,F,169,66.27
2025-10-08,9:49:53.991143154,T,KO,F,100,66.27
2025-10-08,9:49:53.991145982,T,KO,F I,1,66.27
2025-10-08,9:49:53.993052591,T,KO,F,800,66.28
2025-10-08,9:49:56.537466685,T,KO,I,20,66.28
2025-10-08,9:50:01.685557207,T,KO,,100,66.29
2025-10-08,9:50:01.693442087,T,KO,,100,66.29
2025-10-08,9:50:07.913838413,T,KO,F,100,66.3
2025-10-08,9:50:07.914319442,T,KO,F I,1,66.3
2025-10-08,9:50:07.914553994,T,KO,,900,66.3
2025-10-08,9:50:07.914560249,T,KO,,100,66.3
2025-10-08,9:50:07.914560249,T,KO,I,70,66.3
2025-10-08,9:50:07.914563981,T,KO,I,26,66.3
2025-10-08,9:50:07.914569125,T,KO,I,7,66.3
2025-10-08,9:50:07.914569125,T,KO,,200,66.3
2025-10-08,9:50:07.914803674,T,KO,F I,92,66.3
2025-10-08,9:50:07.914813290,T,KO,F,708,66.3
2025-10-08,9:50:07.914824643,T,KO,F,200,66.3
2025-10-08,9:50:15.755308609,T,KO,F I,5,66.29
2025-10-08,9:50:15.755311625,T,KO,F,126,66.29
2025-10-08,9:50:15.895400225,T,KO,F I,2,66.28
2025-10-08,9:50:15.895403280,T,KO,F I,2,66.28
2025-10-08,9:50:18.385727615,T,KO,I,4,66.275
2025-10-08,9:50:21.523406696,T,KO,F,100,66.27
2025-10-08,9:50:29.305912876,T,KO,,100,66.255
2025-10-08,9:50:29.652325885,T,KO,F I,20,66.25
2025-10-08,9:50:32.063354364,T,KO,I,5,66.245
2025-10-08,9:50:33.090658149,T,KO,,100,66.245
2025-10-08,9:50:35.153081414,T,KO,F,241,66.24
2025-10-08,9:50:35.153081414,T,KO,F,100,66.24
2025-10-08,9:50:38.785174239,T,KO,F,100,66.25
2025-10-08,9:50:38.785205547,T,KO,I,1,66.25
2025-10-08,9:50:38.785205547,T,KO,I,16,66.25
2025-10-08,9:50:38.785210308,T,KO,,100,66.25
2025-10-08,9:50:38.976601138,T,KO,,100,66.265
2025-10-08,9:50:44.467051053,T,KO,,100,66.26
2025-10-08,9:50:44.467053958,T,KO,I,3,66.26
2025-10-08,9:50:44.521312256,T,KO,I,26,66.26
2025-10-08,9:50:46.326604933,T,KO,F I,26,66.26
2025-10-08,9:50:47.725497851,T,KO,F I,38,66.27
2025-10-08,9:50:48.170314320,T,KO,,100,66.275
2025-10-08,9:50:48.944905188,T,KO,,100,66.285
2025-10-08,9:50:48.946029947,T,KO,,100,66.285
2025-10-08,9:50:48.954411307,T,KO,,100,66.285
2025-10-08,9:50:53.845542189,T,KO,F I,10,66.3
2025-10-08,9:50:53.848158405,T,KO,,100,66.305
2025-10-08,9:50:53.853258534,T,KO,,100,66.305
2025-10-08,9:51:00.781396907,T,KO,F I,50,66.31
2025-10-08,9:51:00.781396907,T,KO,F I,1,66.31
2025-10-08,9:51:00.782668673,T,KO,F,100,66.32
2025-10-08,9:51:00.782668673,T,KO,F,100,66.32
2025-10-08,9:51:00.782671667,T,KO,F I,94,66.32
2025-10-08,9:51:00.782692709,T,KO,F I,6,66.32
2025-10-08,9:51:00.786650109,T,KO,,100,66.32
2025-10-08,9:51:00.786671194,T,KO,I,1,66.32
2025-10-08,9:51:02.076876131,T,KO,F,100,66.32
2025-10-08,9:51:02.076876131,T,KO,F I,50,66.32
2025-10-08,9:51:05.202788323,T,KO,,100,66.315
2025-10-08,9:51:05.971770830,T,KO,F,100,66.32
2025-10-08,9:51:07.062357336,T,KO,I,11,66.32
2025-10-08,9:51:07.402780294,T,KO,F,100,66.32
2025-10-08,9:51:07.402783211,T,KO,F,102,66.32
2025-10-08,9:51:09.980044535,T,KO,F,100,66.32
2025-10-08,9:51:11.750484270,T,KO,,300,66.32
2025-10-08,9:51:12.703697646,T,KO,,200,66.32
2025-10-08,9:51:13.205749880,T,KO,,200,66.31
2025-10-08,9:51:13.205755343,T,KO,I,50,66.31
2025-10-08,9:51:13.205755343,T,KO,I,67,66.31
2025-10-08,9:51:13.205758419,T,KO,I,50,66.31
2025-10-08,9:51:13.205770358,T,KO,,143,66.31
2025-10-08,9:51:13.205795236,T,KO,,100,66.31
2025-10-08,9:51:13.205800507,T,KO,,100,66.31
2025-10-08,9:51:13.205800507,T,KO,,100,66.31
2025-10-08,9:51:13.205827697,T,KO,,100,66.31
2025-10-08,9:51:13.205831402,T,KO,F,100,66.31
2025-10-08,9:51:13.205831402,T,KO,F I,58,66.31
2025-10-08,9:51:15.268831449,T,KO,F,100,66.31
2025-10-08,9:51:15.268831449,T,KO,F I,58,66.31
2025-10-08,9:51:15.268834969,T,KO,F,100,66.31
2025-10-08,9:51:15.268834969,T,KO,F I,31,66.31
2025-10-08,9:51:18.829624087,T,KO,I,1,66.3
2025-10-08,9:51:18.829624087,T,KO,I,50,66.3
2025-10-08,9:51:18.833683726,T,KO,,100,66.3
2025-10-08,9:51:18.833686903,T,KO,,100,66.3
2025-10-08,9:51:18.833686903,T,KO,I,59,66.3
2025-10-08,9:51:20.285605049,T,KO,I,59,66.3
2025-10-08,9:51:20.285605049,T,KO,,100,66.3
2025-10-08,9:51:20.285623044,T,KO,F,135,66.3
2025-10-08,9:51:20.285625902,T,KO,I,1,66.3
2025-10-08,9:51:20.285631930,T,KO,I,14,66.3
2025-10-08,9:51:20.463902419,T,KO,F I,2,66.29
2025-10-08,9:51:20.463935501,T,KO,,100,66.29
2025-10-08,9:51:20.463939335,T,KO,F I,46,66.29
2025-10-08,9:51:20.463965902,T,KO,,100,66.29
2025-10-08,9:51:20.463965902,T,KO,F,291,66.29
2025-10-08,9:51:20.463971659,T,KO,F,100,66.29
2025-10-08,9:51:20.463995800,T,KO,F,200,66.29
2025-10-08,9:51:20.463995800,T,KO,F,100,66.29
2025-10-08,9:51:22.319011998,T,KO,,100,66.295
2025-10-08,9:51:24.771524123,T,KO,F I,5,66.3
2025-10-08,9:51:24.771524123,T,KO,F I,5,66.3
2025-10-08,9:51:26.811423852,T,KO,F,100,66.3
2025-10-08,9:51:26.811426894,T,KO,F I,1,66.3
2025-10-08,9:51:26.811426894,T,KO,F I,1,66.3
2025-10-08,9:51:26.811510873,T,KO,F I,1,66.3
2025-10-08,9:51:26.812373994,T,KO,I,34,66.3
2025-10-08,9:51:26.812392019,T,KO,I,1,66.3
2025-10-08,9:51:30.019822290,T,KO,F I,34,66.29
2025-10-08,9:51:30.019825249,T,KO,F I,1,66.29
2025-10-08,9:51:30.774824448,T,KO,I,1,66.28
2025-10-08,9:51:30.782931756,T,KO,I,1,66.28
2025-10-08,9:51:33.799954717,T,KO,I,2,66.27
2025-10-08,9:51:33.800396652,T,KO,F I,2,66.27
2025-10-08,9:51:35.328471126,T,KO,F I,2,66.27
2025-10-08,9:51:46.160657682,T,KO,F I,4,66.26
2025-10-08,9:51:47.003234397,T,KO,I,1,66.26
2025-10-08,9:51:53.945539245,T,KO,F I,3,66.26
2025-10-08,9:51:53.945539245,T,KO,F I,21,66.26
2025-10-08,9:52:02.553706702,T,KO,F,100,66.29
2025-10-08,9:52:03.084534461,T,KO,,100,66.295
2025-10-08,9:52:07.102827516,T,KO,F I,2,66.29
2025-10-08,9:52:07.102830493,T,KO,F,100,66.29
2025-10-08,9:52:07.102908679,T,KO,F I,3,66.29
2025-10-08,9:52:12.651799759,T,KO,,100,66.285
2025-10-08,9:52:17.029292978,T,KO,F I,4,66.29
2025-10-08,9:52:17.029292978,T,KO,F I,17,66.29
2025-10-08,9:52:20.492840192,T,KO,F I,5,66.3
2025-10-08,9:52:20.492840192,T,KO,F I,18,66.3
2025-10-08,9:52:20.495282272,T,KO,I,5,66.3
2025-10-08,9:52:21.198251313,T,KO,F I,5,66.3
2025-10-08,9:52:21.198254634,T,KO,F I,19,66.3
2025-10-08,9:52:21.198278370,T,KO,I,1,66.3
2025-10-08,9:52:21.198639211,T,KO,I,20,66.3
2025-10-08,9:52:21.208562808,T,KO,,100,66.295
2025-10-08,9:52:21.330533271,T,KO,,100,66.295
2025-10-08,9:52:23.805560222,T,KO,F I,1,66.29
2025-10-08,9:52:23.805560222,T,KO,F I,2,66.29
2025-10-08,9:52:25.576192413,T,KO,I,50,66.285
2025-10-08,9:52:31.148791923,T,KO,I,7,66.285
2025-10-08,9:52:33.147231720,T,KO,F I,3,66.29
2025-10-08,9:52:33.473481750,T,KO,F I,5,66.3
2025-10-08,9:52:33.473481750,T,KO,F I,22,66.3
2025-10-08,9:52:33.473484722,T,KO,F,800,66.3
2025-10-08,9:52:33.473503691,T,KO,I,1,66.3
2025-10-08,9:52:33.473508910,T,KO,I,89,66.3
2025-10-08,9:52:36.005617665,T,KO,F I,5,66.31
2025-10-08,9:52:39.112819199,T,KO,,100,66.31
2025-10-08,9:52:39.115748152,T,KO,F,358,66.3
2025-10-08,9:52:39.115757949,T,KO,F,542,66.3
2025-10-08,9:52:39.115760284,T,KO,F I,68,66.3
2025-10-08,9:52:39.115760284,T,KO,F,100,66.3
2025-10-08,9:52:43.813209792,T,KO,F I,1,66.28
2025-10-08,9:52:43.813212320,T,KO,F I,3,66.28
2025-10-08,9:52:43.823538938,T,KO,,100,66.275
2025-10-08,9:52:45.443437159,T,KO,I,4,66.28
2025-10-08,9:52:45.443440032,T,KO,I,8,66.28
2025-10-08,9:52:45.443770791,T,KO,F I,2,66.28
2025-10-08,9:52:49.044520004,T,KO,I,5,66.3
2025-10-08,9:52:49.044802496,T,KO,,100,66.3
2025-10-08,9:52:52.482172427,T,KO,I,3,66.3
2025-10-08,9:52:52.489732373,T,KO,F,100,66.3
2025-10-08,9:52:58.941039759,T,KO,,100,66.3
2025-10-08,9:52:58.941039759,T,KO,,100,66.3
2025-10-08,9:52:58.941042738,T,KO,I,3,66.3
2025-10-08,9:53:04.900456517,T,KO,I,50,66.27
2025-10-08,9:53:04.900892524,T,KO,,800,66.26
2025-10-08,9:53:04.900892524,T,KO,,400,66.26
2025-10-08,9:53:04.900913584,T,KO,I,50,66.26
2025-10-08,9:53:06.169385792,T,KO,F,950,66.27
2025-10-08,9:53:06.169391781,T,KO,F I,3,66.27
2025-10-08,9:53:06.169391781,T,KO,F I,1,66.27
2025-10-08,9:53:07.308715369,T,KO,,100,66.275
2025-10-08,9:53:14.529964565,T,KO,I,4,66.28
2025-10-08,9:53:14.633395877,T,KO,F I,25,66.29
2025-10-08,9:53:22.474024303,T,KO,F,100,66.3
2025-10-08,9:53:22.474027435,T,KO,F,100,66.3
2025-10-08,9:53:22.474030373,T,KO,F I,2,66.3
2025-10-08,9:53:23.211212067,T,KO,F,100,66.29
2025-10-08,9:53:23.211212067,T,KO,F I,2,66.29
2025-10-08,9:53:32.601362188,T,KO,,100,66.275
2025-10-08,9:53:33.646817089,T,KO,,100,66.275
2025-10-08,9:53:33.648612368,T,KO,,100,66.275
2025-10-08,9:53:34.062470051,T,KO,,100,66.275
2025-10-08,9:53:36.690976486,T,KO,I,1,66.28
2025-10-08,9:53:39.340412722,T,KO,I,3,66.28
2025-10-08,9:53:39.340412722,T,KO,I,97,66.28
2025-10-08,9:53:39.340427718,T,KO,I,1,66.28
2025-10-08,9:53:41.485942201,T,KO,F,100,66.29
2025-10-08,9:53:41.485944858,T,KO,F I,16,66.29
2025-10-08,9:53:41.485948462,T,KO,F I,50,66.29
2025-10-08,9:53:41.485948462,T,KO,F,200,66.29
2025-10-08,9:53:41.485951089,T,KO,F,400,66.29
2025-10-08,9:53:41.485951089,T,KO,F,100,66.29
2025-10-08,9:53:41.485963810,T,KO,,100,66.29
2025-10-08,9:53:46.081806110,T,KO,F I,3,66.3
2025-10-08,9:53:46.081806110,T,KO,F,100,66.3
2025-10-08,9:53:46.081835960,T,KO,F I,23,66.3
2025-10-08,9:53:46.081848175,T,KO,I,77,66.3
2025-10-08,9:53:46.081848175,T,KO,I,66,66.3
2025-10-08,9:53:46.081875472,T,KO,F,100,66.3
2025-10-08,9:53:46.081878335,T,KO,F I,3,66.3
2025-10-08,9:53:46.081881885,T,KO,F I,77,66.3
2025-10-08,9:53:46.081881885,T,KO,F I,23,66.3
2025-10-08,9:53:46.081891430,T,KO,I,77,66.3
2025-10-08,9:53:46.081929227,T,KO,F,100,66.3
2025-10-08,9:53:46.082047186,T,KO,F,100,66.3
2025-10-08,9:53:46.082154751,T,KO,F,100,66.3
2025-10-08,9:53:46.082203058,T,KO,F I,54,66.3
2025-10-08,9:53:59.303372328,T,KO,,200,66.295
2025-10-08,9:54:02.855074860,T,KO,I,50,66.32
2025-10-08,9:54:02.855077502,T,KO,,100,66.32
2025-10-08,9:54:02.855080544,T,KO,I,50,66.32
2025-10-08,9:54:03.919564872,T,KO,I,8,66.32
2025-10-08,9:54:07.256170828,T,KO,F I,19,66.325
2025-10-08,9:54:07.259127373,T,KO,I,40,66.33
2025-10-08,9:54:07.259130161,T,KO,,100,66.33
2025-10-08,9:54:07.259132860,T,KO,I,62,66.33
2025-10-08,9:54:07.262942935,T,KO,I,5,66.33
2025-10-08,9:54:07.287827252,T,KO,,100,66.325
2025-10-08,9:54:13.019882250,T,KO,,100,66.33
2025-10-08,9:54:13.019885114,T,KO,,151,66.33
2025-10-08,9:54:13.019885114,T,KO,,140,66.33
2025-10-08,9:54:13.311883160,T,KO,I,92,66.32
2025-10-08,9:54:13.311883160,T,KO,,100,66.32
2025-10-08,9:54:13.312388347,T,KO,F,100,66.32
2025-10-08,9:54:13.312388347,T,KO,F I,59,66.32
2025-10-08,9:54:13.312391288,T,KO,F I,49,66.32
2025-10-08,9:54:13.312406230,T,KO,F,151,66.32
2025-10-08,9:54:13.312406230,T,KO,F I,89,66.32
2025-10-08,9:54:13.312409648,T,KO,F I,50,66.32
2025-10-08,9:54:13.312412997,T,KO,I,1,66.32
2025-10-08,9:54:13.312412997,T,KO,,100,66.32
2025-10-08,9:54:13.312418314,T,KO,F I,99,66.32
2025-10-08,9:54:13.312418314,T,KO,F,100,66.32
2025-10-08,9:54:13.314998390,T,KO,,100,66.32
2025-10-08,9:54:13.325655811,T,KO,F,100,66.32
2025-10-08,9:54:13.325661800,T,KO,F,100,66.32
2025-10-08,9:54:13.325661800,T,KO,F,100,66.32
2025-10-08,9:54:13.325661800,T,KO,F,100,66.32
2025-10-08,9:54:13.530768313,T,KO,,100,66.315
2025-10-08,9:54:13.573031333,T,KO,I,15,66.31
2025-10-08,9:54:13.573031333,T,KO,I,50,66.31
2025-10-08,9:54:13.573034029,T,KO,,200,66.31
2025-10-08,9:54:13.574285739,T,KO,,100,66.31
2025-10-08,9:54:13.574288527,T,KO,,153,66.31
2025-10-08,9:54:13.574291014,T,KO,,200,66.31
2025-10-08,9:54:13.588283964,T,KO,F I,59,66.31
2025-10-08,9:54:13.588283964,T,KO,F,100,66.31
2025-10-08,9:54:13.588286346,T,KO,F,100,66.31
2025-10-08,9:54:13.588289340,T,KO,F,247,66.31
2025-10-08,9:54:13.588326310,T,KO,F,100,66.31
2025-10-08,9:54:13.588331843,T,KO,F,100,66.31
2025-10-08,9:54:13.588335681,T,KO,F,100,66.31
2025-10-08,9:54:13.588356504,T,KO,F,100,66.31
2025-10-08,9:54:13.588677622,T,KO,F,200,66.32
2025-10-08,9:54:13.902637235,T,KO,F,200,66.32
2025-10-08,9:54:13.902639935,T,KO,F,100,66.32
2025-10-08,9:54:18.957373289,T,KO,F,100,66.325
2025-10-08,9:54:18.957376054,T,KO,F I,67,66.33
2025-10-08,9:54:19.355392460,T,KO,,100,66.325
2025-10-08,9:54:19.355395121,T,KO,,100,66.325
2025-10-08,9:54:20.177054190,T,KO,F I,33,66.33
2025-10-08,9:54:20.177056982,T,KO,F I,2,66.33
2025-10-08,9:54:21.950230272,T,KO,,200,66.33
2025-10-08,9:54:21.950233234,T,KO,,100,66.33
2025-10-08,9:54:21.950452850,T,KO,I,50,66.33
2025-10-08,9:54:23.924669828,T,KO,I,6,66.325
2025-10-08,9:54:24.902177999,T,KO,F,100,66.32
2025-10-08,9:54:27.342878179,T,KO,F,100,66.32
2025-10-08,9:54:27.343326163,T,KO,I,50,66.32
2025-10-08,9:54:27.343350296,T,KO,,113,66.32
2025-10-08,9:54:27.343368642,T,KO,I,1,66.32
2025-10-08,9:54:27.343372203,T,KO,I,36,66.32
2025-10-08,9:54:27.343372203,T,KO,I,64,66.32
2025-10-08,9:54:27.343434509,T,KO,I,36,66.32
2025-10-08,9:54:27.343437473,T,KO,,1100,66.32
2025-10-08,9:54:27.345584774,T,KO,,100,66.32
2025-10-08,9:54:27.345584774,T,KO,,100,66.32
2025-10-08,9:54:28.478361615,T,KO,F,100,66.32
2025-10-08,9:54:33.941097446,T,KO,F,100,66.32
2025-10-08,9:54:33.941100538,T,KO,F I,14,66.32
2025-10-08,9:54:37.554482591,T,KO,F I,40,66.32
2025-10-08,9:54:45.502030661,T,KO,F I,2,66.33
2025-10-08,9:54:45.502048989,T,KO,I,98,66.33
2025-10-08,9:54:46.158082117,T,KO,,100,66.335
2025-10-08,9:54:48.948103220,T,KO,F I,1,66.34
2025-10-08,9:55:01.759556627,T,KO,F,100,66.34
2025-10-08,9:55:01.759556627,T,KO,F I,3,66.34
2025-10-08,9:55:01.759559418,T,KO,F I,2,66.34
2025-10-08,9:55:01.759559418,T,KO,F,140,66.34
2025-10-08,9:55:01.759561988,T,KO,F,100,66.34
2025-10-08,9:55:01.759625408,T,KO,F I,36,66.34
2025-10-08,9:55:01.759637097,T,KO,I,28,66.34
2025-10-08,9:55:07.094180589,T,KO,I,4,66.345
2025-10-08,9:55:09.082119329,T,KO,F I,19,66.34
2025-10-08,9:55:09.082122487,T,KO,F,140,66.34
2025-10-08,9:55:09.082122487,T,KO,F,200,66.34
2025-10-08,9:55:09.082221546,T,KO,F I,5,66.34
2025-10-08,9:55:11.648428700,T,KO,F I,2,66.33
2025-10-08,9:55:11.648449697,T,KO,I,2,66.33
2025-10-08,9:55:11.733868127,T,KO,,100,66.325
2025-10-08,9:55:16.045381086,T,KO,I,5,66.33
2025-10-08,9:55:20.138270308,T,KO,I,5,66.335
2025-10-08,9:55:25.966646912,T,KO,F I,1,66.33
2025-10-08,9:55:29.596905462,T,KO,F I,5,66.33
2025-10-08,9:55:32.186297568,T,KO,I,50,66.33
2025-10-08,9:55:32.186297568,T,KO,I,50,66.33
2025-10-08,9:55:37.706557527,T,KO,F I,1,66.33
2025-10-08,9:55:37.706560401,T,KO,F,100,66.33
2025-10-08,9:55:39.524119378,T,KO,I,1,66.32
2025-10-08,9:55:39.524140488,T,KO,F I,1,66.32
2025-10-08,9:55:48.431565770,T,KO,F I,1,66.31
2025-10-08,9:55:48.431568741,T,KO,F I,62,66.31
2025-10-08,9:55:48.431568741,T,KO,F,400,66.31
2025-10-08,9:55:48.431571776,T,KO,F,200,66.31
2025-10-08,9:55:48.431571776,T,KO,F I,5,66.31
2025-10-08,9:55:48.525398174,T,KO,I,1,66.3
2025-10-08,9:55:48.525398174,T,KO,,100,66.3
2025-10-08,9:55:56.080174742,T,KO,,100,66.285
2025-10-08,9:55:56.080232222,T,KO,F I,14,66.29
2025-10-08,9:55:56.080237858,T,KO,F,200,66.29
2025-10-08,9:55:56.080240949,T,KO,F,600,66.29
2025-10-08,9:55:56.080240949,T,KO,F,400,66.29
2025-10-08,9:55:56.103347918,T,KO,F I,6,66.3
2025-10-08,9:55:56.103350983,T,KO,F I,63,66.3
2025-10-08,9:55:56.103350983,T,KO,F I,37,66.3
2025-10-08,9:55:56.103353961,T,KO,F I,5,66.3
2025-10-08,9:55:56.103402034,T,KO,F I,2,66.3
2025-10-08,9:55:56.103408133,T,KO,F I,98,66.3
2025-10-08,9:55:56.103429160,T,KO,F I,76,66.3
2025-10-08,9:55:56.198278135,T,KO,I,5,66.305
2025-10-08,9:55:57.095549086,T,KO,F I,5,66.31
2025-10-08,9:55:57.095555102,T,KO,F,100,66.31
2025-10-08,9:55:57.243811248,T,KO,I,6,66.315
2025-10-08,9:55:58.116456739,T,KO,F I,50,66.32
2025-10-08,9:55:58.116492935,T,KO,,100,66.315
2025-10-08,9:55:58.116492935,T,KO,,100,66.315
2025-10-08,9:55:58.116495830,T,KO,,100,66.31
2025-10-08,9:55:58.116499108,T,KO,,800,66.31
2025-10-08,9:55:58.116499108,T,KO,I,50,66.31
2025-10-08,9:55:58.116502071,T,KO,,400,66.31
2025-10-08,9:55:58.116504849,T,KO,,200,66.31
2025-10-08,9:55:58.116504849,T,KO,,279,66.31
2025-10-08,9:55:58.116514111,T,KO,I,1,66.31
2025-10-08,9:55:58.140895945,T,KO,F,100,66.31
2025-10-08,9:55:58.140895945,T,KO,F,100,66.31
2025-10-08,9:55:58.690812626,T,KO,,400,66.315
2025-10-08,9:55:59.293796803,T,KO,F,100,66.315
2025-10-08,9:55:59.293796803,T,KO,F,100,66.315
2025-10-08,9:55:59.293803153,T,KO,F I,5,66.32
2025-10-08,9:55:59.293803153,T,KO,F,200,66.32
2025-10-08,9:55:59.293803153,T,KO,F I,56,66.32
2025-10-08,9:55:59.293818086,T,KO,I,1,66.32
2025-10-08,9:55:59.294016329,T,KO,F I,61,66.32
2025-10-08,9:55:59.294199808,T,KO,F,400,66.32
2025-10-08,9:56:00.375701669,T,KO,F I,2,66.33
2025-10-08,9:56:00.375734732,T,KO,,998,66.33
2025-10-08,9:56:15.363936847,T,KO,F,100,66.34
2025-10-08,9:56:15.363939899,T,KO,F I,7,66.34
2025-10-08,9:56:16.751381372,T,KO,F,186,66.34
2025-10-08,9:56:16.751384409,T,KO,F I,2,66.34
2025-10-08,9:56:16.751387357,T,KO,F,100,66.34
2025-10-08,9:56:16.751456563,T,KO,F I,12,66.34
2025-10-08,9:56:27.797509555,T,KO,F,100,66.33
2025-10-08,9:56:27.797509555,T,KO,F I,1,66.33
2025-10-08,9:56:27.797512594,T,KO,F I,16,66.33
2025-10-08,9:56:41.329842071,T,KO,,100,66.31
2025-10-08,9:56:54.365307217,T,KO,F,200,66.3
2025-10-08,9:56:54.365310151,T,KO,F I,1,66.3
2025-10-08,9:57:04.280769420,T,KO,F I,3,66.31
2025-10-08,9:57:06.023513152,T,KO,,100,66.315
2025-10-08,9:57:06.057314281,T,KO,F I,50,66.32
2025-10-08,9:57:06.057334779,T,KO,F I,1,66.32
2025-10-08,9:57:06.057340741,T,KO,F,799,66.32
2025-10-08,9:57:08.246043650,T,KO,F I,32,66.33
2025-10-08,9:57:09.064506422,T,KO,F I,38,66.34
2025-10-08,9:57:09.064506422,T,KO,F,100,66.34
2025-10-08,9:57:09.064542447,T,KO,,100,66.34
2025-10-08,9:57:09.064542447,T,KO,,137,66.34
2025-10-08,9:57:09.070195627,T,KO,,100,66.34
2025-10-08,9:57:09.070412079,T,KO,I,77,66.34
2025-10-08,9:57:09.070415104,T,KO,I,20,66.34
2025-10-08,9:57:14.086921597,T,KO,F,100,66.34
2025-10-08,9:57:25.812015426,T,KO,F I,50,66.35
2025-10-08,9:57:25.824143273,T,KO,,100,66.36
2025-10-08,9:57:27.047020827,T,KO,I,6,66.35
2025-10-08,9:57:32.026343319,T,KO,,100,66.345
2025-10-08,9:57:38.425211828,T,KO,,100,66.35
2025-10-08,9:57:38.425671990,T,KO,F I,50,66.35
2025-10-08,9:57:41.083465201,T,KO,,100,66.355
2025-10-08,9:57:41.932417369,T,KO,F,261,66.36
2025-10-08,9:57:41.932417369,T,KO,F,100,66.36
2025-10-08,9:57:46.200281521,T,KO,F I,6,66.37
2025-10-08,9:57:46.200284216,T,KO,F,100,66.37
2025-10-08,9:57:46.200284216,T,KO,F I,61,66.37
2025-10-08,9:57:50.291850252,T,KO,I,6,66.375
2025-10-08,9:57:55.388407285,T,KO,F,183,66.38
2025-10-08,9:57:55.388407285,T,KO,F,100,66.38
2025-10-08,9:57:55.388410049,T,KO,F I,34,66.38
2025-10-08,9:58:01.420997807,T,KO,F I,18,66.39
2025-10-08,9:58:02.852653537,T,KO,F I,19,66.39
2025-10-08,9:58:02.852656516,T,KO,F,172,66.39
2025-10-08,9:58:02.852659506,T,KO,F,100,66.39
2025-10-08,9:58:02.852659506,T,KO,F I,3,66.39
2025-10-08,9:58:03.152671561,T,KO,I,47,66.385
2025-10-08,9:58:03.155134519,T,KO,I,49,66.385
2025-10-08,9:58:03.168549428,T,KO,I,59,66.385
2025-10-08,9:58:06.954994612,T,KO,F,100,66.38
2025-10-08,9:58:06.954994612,T,KO,F I,3,66.38
2025-10-08,9:58:06.954996860,T,KO,F,200,66.38
2025-10-08,9:58:06.954999794,T,KO,F,100,66.38
2025-10-08,9:58:12.608624392,T,KO,I,3,66.37
2025-10-08,9:58:12.608628081,T,KO,I,1,66.37
2025-10-08,9:58:12.608631256,T,KO,I,1,66.37
2025-10-08,9:58:20.742156420,T,KO,,100,66.365
2025-10-08,9:58:29.049144891,T,KO,I,1,66.36
2025-10-08,9:58:29.049144891,T,KO,I,2,66.36
2025-10-08,9:58:29.049234969,T,KO,F I,8,66.36
2025-10-08,9:58:29.699443667,T,KO,,100,66.355
2025-10-08,9:58:29.699446524,T,KO,,100,66.355
2025-10-08,9:58:30.754741090,T,KO,,100,66.355
2025-10-08,9:58:36.712873801,T,KO,,100,66.35
2025-10-08,9:58:36.712891812,T,KO,I,1,66.35
2025-10-08,9:58:36.712909934,T,KO,I,26,66.35
2025-10-08,9:58:36.713165517,T,KO,,473,66.35
2025-10-08,9:58:37.024710496,T,KO,,200,66.35
2025-10-08,9:58:37.686544924,T,KO,,100,66.355
2025-10-08,9:58:49.654521543,T,KO,F I,3,66.35
2025-10-08,9:58:49.654524503,T,KO,F,100,66.35
2025-10-08,9:58:58.344854002,T,KO,F,100,66.35
2025-10-08,9:58:58.344856848,T,KO,F,100,66.35
2025-10-08,9:58:58.344856848,T,KO,F I,5,66.35
2025-10-08,9:58:58.657084349,T,KO,,800,66.35
2025-10-08,9:59:00.839842216,T,KO,,100,66.345
2025-10-08,9:59:03.790674353,T,KO,,100,66.355
2025-10-08,9:59:07.012902836,T,KO,F,100,66.36
2025-10-08,9:59:07.012902836,T,KO,F,100,66.36
2025-10-08,9:59:07.012906013,T,KO,F I,8,66.36
2025-10-08,9:59:07.012926938,T,KO,I,1,66.36
2025-10-08,9:59:07.012930146,T,KO,I,99,66.36
2025-10-08,9:59:13.302364871,T,KO,F I,40,66.36
2025-10-08,9:59:15.536680501,T,KO,F I,81,66.36
2025-10-08,9:59:15.536680501,T,KO,F,100,66.36
2025-10-08,9:59:17.125039866,T,KO,I,22,66.35
2025-10-08,9:59:17.125042613,T,KO,I,1,66.35
2025-10-08,9:59:23.380484549,T,KO,I,2,66.34
2025-10-08,9:59:23.380616857,T,KO,I,98,66.34
2025-10-08,9:59:31.986820772,T,KO,I,77,66.335
2025-10-08,9:59:32.798655255,T,KO,,100,66.335
2025-10-08,9:59:37.011891185,T,KO,F I,24,66.34
2025-10-08,9:59:39.272266848,T,KO,,100,66.345
2025-10-08,9:59:40.591289914,T,KO,,100,66.34
2025-10-08,9:59:40.591295868,T,KO,,100,66.34
2025-10-08,9:59:40.591295868,T,KO,,100,66.34
2025-10-08,9:59:40.591298499,T,KO,,348,66.34
2025-10-08,9:59:40.591301380,T,KO,,200,66.34
2025-10-08,9:59:47.941657176,T,KO,I,25,66.335
2025-10-08,9:59:50.345158679,T,KO,F I,6,66.33
2025-10-08,9:59:57.279955626,T,KO,F I,14,66.33
2025-10-08,9:59:57.279960573,T,KO,F I,1,66.33
2025-10-08,9:59:57.279966782,T,KO,F I,10,66.33
2025-10-08,9:59:57.279966782,T,KO,F I,2,66.33
2025-10-08,9:59:57.279970529,T,KO,F,200,66.33
2025-10-08,9:59:59.200722364,T,KO,I,50,66.32
2025-10-08,9:59:59.212880330,T,KO,,100,66.315
2025-10-08,9:59:59.434354776,T,KO,F,100,66.315
2025-10-08,9:59:59.434357822,T,KO,F I,59,66.32
2025-10-08,9:59:59.434357822,T,KO,F,357,66.32
2025-10-08,9:59:59.434360794,T,KO,F,343,66.32
2025-10-08,9:59:59.434370579,T,KO,F I,24,66.32
2025-10-08,9:59:59.434373038,T,KO,I,1,66.32
2025-10-08,9:59:59.434378989,T,KO,I,1,66.32
2025-10-08,9:59:59.434378989,T,KO,F I,74,66.32
2025-10-08,9:59:59.434481130,T,KO,F,913,66.32
2025-10-08,9:59:59.434505196,T,KO,F,287,66.32
2025-10-08,10:00:00.018757712,T,KO,I,1,66.32
2025-10-08,10:00:01.579550198,T,KO,,100,66.33
2025-10-08,10:00:06.908564237,T,KO,F,100,66.34
2025-10-08,10:00:06.908566834,T,KO,F,100,66.34
2025-10-08,10:00:06.908566834,T,KO,F I,47,66.34
2025-10-08,10:00:10.530721321,T,KO,F I,50,66.34
2025-10-08,10:00:10.530726704,T,KO,F I,39,66.34
2025-10-08,10:00:10.530726704,T,KO,F I,5,66.34
2025-10-08,10:00:10.530726704,T,KO,F,100,66.34
2025-10-08,10:00:11.242527980,T,KO,F I,7,66.33
2025-10-08,10:00:11.242533966,T,KO,F,993,66.33
2025-10-08,10:00:11.721605080,T,KO,,100,66.325
2025-10-08,10:00:14.318470142,T,KO,F,100,66.33
2025-10-08,10:00:14.318473663,T,KO,F,100,66.33
2025-10-08,10:00:14.318476243,T,KO,F,110,66.33
2025-10-08,10:00:14.319291742,T,KO,,100,66.33
2025-10-08,10:00:14.319291742,T,KO,I,61,66.33
2025-10-08,10:00:14.319297211,T,KO,,100,66.33
2025-10-08,10:00:14.319297211,T,KO,,100,66.33
2025-10-08,10:00:14.319300572,T,KO,I,50,66.33
2025-10-08,10:00:16.194310917,T,KO,I,21,66.33
2025-10-08,10:00:16.194322877,T,KO,F,100,66.33
2025-10-08,10:00:22.405596741,T,KO,F I,85,66.34
2025-10-08,10:00:22.405599313,T,KO,F I,40,66.34
2025-10-08,10:00:22.405604637,T,KO,F,100,66.34
2025-10-08,10:00:22.417230355,T,KO,,1000,66.34
2025-10-08,10:00:22.417407805,T,KO,F,101,66.34
2025-10-08,10:00:22.417464906,T,KO,F I,99,66.34
2025-10-08,10:00:22.422381725,T,KO,F I,50,66.35
2025-10-08,10:00:22.422384963,T,KO,F,400,66.35
2025-10-08,10:00:22.422384963,T,KO,F I,50,66.35
2025-10-08,10:00:22.429589798,T,KO,F,100,66.34
2025-10-08,10:00:22.470463219,T,KO,I,10,66.35
2025-10-08,10:00:22.470466121,T,KO,,100,66.35
2025-10-08,10:00:22.478149529,T,KO,,100,66.35
2025-10-08,10:00:22.479400494,T,KO,I,70,66.35
2025-10-08,10:00:22.608266319,T,KO,F I,34,66.34
2025-10-08,10:00:22.609132395,T,KO,F I,66,66.34
2025-10-08,10:00:22.609174489,T,KO,I,1,66.34
2025-10-08,10:00:22.613210120,T,KO,,174,66.34
2025-10-08,10:00:23.939239551,T,KO,,500,66.33
2025-10-08,10:00:24.108040702,T,KO,F I,1,66.32
2025-10-08,10:00:24.108043904,T,KO,F,100,66.32
2025-10-08,10:00:25.075796505,T,KO,F,290,66.32
2025-10-08,10:00:25.092227569,T,KO,,100,66.325
2025-10-08,10:00:25.582434075,T,KO,I,84,66.33
2025-10-08,10:00:25.582452202,T,KO,I,1,66.33
2025-10-08,10:00:26.941349675,T,KO,F,100,66.33
2025-10-08,10:00:34.424619334,T,KO,F,100,66.34
2025-10-08,10:00:35.189851394,T,KO,I,50,66.35
2025-10-08,10:00:35.189851394,T,KO,I,2,66.35
2025-10-08,10:00:35.190329525,T,KO,F,900,66.35
2025-10-08,10:00:35.190353510,T,KO,I,1,66.35
2025-10-08,10:00:35.190518969,T,KO,I,29,66.35
2025-10-08,10:00:45.660144034,T,KO,F I,1,66.35
2025-10-08,10:00:45.660183031,T,KO,I,15,66.35
2025-10-08,10:00:45.660243276,T,KO,F,100,66.35
2025-10-08,10:00:46.421593499,T,KO,,100,66.355
2025-10-08,10:00:57.105698420,T,KO,F,100,66.35
2025-10-08,10:00:57.105698420,T,KO,F I,1,66.35
2025-10-08,10:01:02.063958698,T,KO,I,1,66.33
2025-10-08,10:01:02.662275793,T,KO,,100,66.325
2025-10-08,10:01:04.216834354,T,KO,,100,66.335
2025-10-08,10:01:05.698363983,T,KO,I,2,66.335
2025-10-08,10:01:05.706594581,T,KO,,100,66.335
2025-10-08,10:01:06.671066660,T,KO,,100,66.335
2025-10-08,10:01:06.671108751,T,KO,,100,66.335
2025-10-08,10:01:06.671111722,T,KO,I,6,66.34
2025-10-08,10:01:06.671111722,T,KO,I,8,66.34
2025-10-08,10:01:06.739359357,T,KO,,100,66.34
2025-10-08,10:01:06.739362265,T,KO,I,16,66.34
2025-10-08,10:01:06.739384064,T,KO,I,54,66.34
2025-10-08,10:01:06.739387620,T,KO,I,1,66.34
2025-10-08,10:01:06.739392680,T,KO,,100,66.34
2025-10-08,10:01:06.739392680,T,KO,I,1,66.34
2025-10-08,10:01:06.740231769,T,KO,F,100,66.34
2025-10-08,10:01:06.740231769,T,KO,F,160,66.34
2025-10-08,10:01:06.740255454,T,KO,I,1,66.34
2025-10-08,10:01:06.740339685,T,KO,F I,39,66.34
2025-10-08,10:01:06.740902009,T,KO,,100,66.34
2025-10-08,10:01:06.741016249,T,KO,I,40,66.34
2025-10-08,10:01:06.741019651,T,KO,,626,66.34
2025-10-08,10:01:06.741380159,T,KO,I,50,66.34
2025-10-08,10:01:06.741380159,T,KO,I,76,66.34
2025-10-08,10:01:06.741443228,T,KO,I,24,66.34
2025-10-08,10:01:06.855336575,T,KO,F,115,66.335
2025-10-08,10:01:06.855378682,T,KO,I,11,66.335
2025-10-08,10:01:06.855378682,T,KO,I,76,66.34
2025-10-08,10:01:06.855381692,T,KO,I,24,66.34
2025-10-08,10:01:06.855381692,T,KO,I,4,66.34
2025-10-08,10:01:06.855565063,T,KO,I,1,66.34
2025-10-08,10:01:08.203174416,T,KO,F I,9,66.34
2025-10-08,10:01:08.203176755,T,KO,F,300,66.34
2025-10-08,10:01:11.668059202,T,KO,F,200,66.34
2025-10-08,10:01:14.813635217,T,KO,,100,66.335
2025-10-08,10:01:14.814293730,T,KO,F,400,66.34
2025-10-08,10:01:14.814293730,T,KO,F,665,66.34
2025-10-08,10:01:14.814296725,T,KO,F,235,66.34
2025-10-08,10:01:14.860252169,T,KO,,126,66.345
2025-10-08,10:01:14.860252169,T,KO,I,74,66.345
2025-10-08,10:01:15.476925022,T,KO,I,7,66.345
2025-10-08,10:01:19.790311415,T,KO,F I,90,66.345
2025-10-08,10:01:22.899227869,T,KO,F I,7,66.35
2025-10-08,10:01:22.899230106,T,KO,F I,1,66.35
2025-10-08,10:01:23.947491431,T,KO,F I,50,66.35
2025-10-08,10:01:23.947491431,T,KO,F I,96,66.35
2025-10-08,10:01:23.947493857,T,KO,F I,2,66.35
2025-10-08,10:01:23.947497019,T,KO,F,200,66.35
2025-10-08,10:01:23.947497019,T,KO,F,100,66.35
2025-10-08,10:01:24.500580099,T,KO,F I,50,66.35
2025-10-08,10:01:27.077838612,T,KO,F I,1,66.35
2025-10-08,10:01:30.076267921,T,KO,,100,66.345
2025-10-08,10:01:36.205135389,T,KO,F I,40,66.34
2025-10-08,10:01:36.205628451,T,KO,F,260,66.34
2025-10-08,10:01:37.905376165,T,KO,F,100,66.33
2025-10-08,10:01:37.905376165,T,KO,F I,1,66.33
2025-10-08,10:01:37.905378857,T,KO,F I,15,66.33
2025-10-08,10:01:37.905418632,T,KO,I,50,66.33
2025-10-08,10:01:37.905421012,T,KO,,100,66.33
2025-10-08,10:01:37.905424098,T,KO,,100,66.33
2025-10-08,10:01:37.905424098,T,KO,I,50,66.33
2025-10-08,10:01:37.905451128,T,KO,I,50,66.33
2025-10-08,10:01:37.905451128,T,KO,I,50,66.33
2025-10-08,10:01:40.121170628,T,KO,I,50,66.33
2025-10-08,10:01:40.121170628,T,KO,I,50,66.33
2025-10-08,10:01:40.121191515,T,KO,I,1,66.33
2025-10-08,10:01:40.121191515,T,KO,I,1,66.33
2025-10-08,10:01:40.121200466,T,KO,F I,48,66.33
2025-10-08,10:01:40.121203420,T,KO,F I,2,66.33
2025-10-08,10:01:40.121206447,T,KO,F,124,66.33
2025-10-08,10:01:40.121745113,T,KO,F,100,66.33
2025-10-08,10:01:40.121745113,T,KO,F,100,66.33
2025-10-08,10:01:40.121750799,T,KO,F,100,66.33
2025-10-08,10:01:40.121753803,T,KO,F I,44,66.33
2025-10-08,10:01:40.121753803,T,KO,F I,50,66.33
2025-10-08,10:01:40.121756767,T,KO,F I,50,66.33
2025-10-08,10:01:40.122277057,T,KO,F,100,66.33
2025-10-08,10:01:40.122284449,T,KO,F,100,66.33
2025-10-08,10:01:40.122284449,T,KO,F I,83,66.33
2025-10-08,10:01:40.122289202,T,KO,F I,50,66.33
2025-10-08,10:01:40.122289202,T,KO,F I,50,66.33
2025-10-08,10:01:40.122289202,T,KO,F,100,66.33
2025-10-08,10:01:40.122292031,T,KO,F,100,66.33
2025-10-08,10:01:40.122295730,T,KO,F I,82,66.33
2025-10-08,10:01:40.122337204,T,KO,I,18,66.33
2025-10-08,10:01:40.990766655,T,KO,F I,5,66.32
2025-10-08,10:01:40.990766655,T,KO,F,100,66.32
2025-10-08,10:01:40.990787572,T,KO,F,117,66.32
2025-10-08,10:01:40.990791123,T,KO,I,72,66.32
2025-10-08,10:01:44.976363330,T,KO,I,4,66.315
2025-10-08,10:01:51.208553707,T,KO,F I,8,66.32
2025-10-08,10:01:51.208571710,T,KO,F I,55,66.32
2025-10-08,10:01:51.444072178,T,KO,,126,66.315
2025-10-08,10:01:51.444072178,T,KO,,100,66.315
2025-10-08,10:01:51.444074596,T,KO,,145,66.31
2025-10-08,10:01:51.444089665,T,KO,I,1,66.31
2025-10-08,10:01:56.374845235,T,KO,I,20,66.32
2025-10-08,10:01:56.374849522,T,KO,,162,66.32
2025-10-08,10:01:56.374852493,T,KO,I,5,66.32
2025-10-08,10:01:56.374855765,T,KO,I,5,66.32
2025-10-08,10:01:56.374867513,T,KO,,100,66.32
2025-10-08,10:01:56.375316194,T,KO,F I,10,66.32
2025-10-08,10:01:56.375333944,T,KO,F I,10,66.32
2025-10-08,10:01:56.375339647,T,KO,I,1,66.32
2025-10-08,10:01:56.375453971,T,KO,I,27,66.32
2025-10-08,10:02:00.624466100,T,KO,I,9,66.325
2025-10-08,10:02:04.141339756,T,KO,F I,8,66.33
2025-10-08,10:02:04.141342910,T,KO,F I,40,66.33
2025-10-08,10:02:04.141342910,T,KO,F I,6,66.33
2025-10-08,10:02:04.141345907,T,KO,F,100,66.33
2025-10-08,10:02:04.141934796,T,KO,I,9,66.33
2025-10-08,10:02:04.142656464,T,KO,,166,66.34
2025-10-08,10:02:05.334830868,T,KO,,100,66.35
2025-10-08,10:02:14.872370948,T,KO,F,100,66.34
2025-10-08,10:02:15.600014016,T,KO,F,100,66.335
2025-10-08,10:02:15.600017122,T,KO,F I,12,66.34
2025-10-08,10:02:15.600017122,T,KO,F,400,66.34
2025-10-08,10:02:15.600019931,T,KO,F I,88,66.34
2025-10-08,10:02:15.600031983,T,KO,F I,12,66.34
2025-10-08,10:02:15.600035547,T,KO,I,75,66.34
2025-10-08,10:02:15.600038512,T,KO,I,1,66.34
2025-10-08,10:02:23.095850240,T,KO,F I,5,66.35
2025-10-08,10:02:25.338769414,T,KO,I,50,66.35
2025-10-08,10:02:31.366584001,T,KO,F I,6,66.35
2025-10-08,10:02:31.366941863,T,KO,I,8,66.35
2025-10-08,10:02:35.707413647,T,KO,F I,5,66.35
2025-10-08,10:02:35.707413647,T,KO,F I,11,66.35
2025-10-08,10:02:35.707422702,T,KO,F I,16,66.35
2025-10-08,10:02:35.707425686,T,KO,F I,16,66.35
2025-10-08,10:02:35.707428628,T,KO,F I,16,66.35
2025-10-08,10:02:35.707437672,T,KO,F I,16,66.35
2025-10-08,10:02:37.643460941,T,KO,F I,2,66.35
2025-10-08,10:02:37.643463931,T,KO,F,100,66.35
2025-10-08,10:02:40.639839512,T,KO,,100,66.345
2025-10-08,10:02:43.005634119,T,KO,,100,66.345
2025-10-08,10:02:45.523943034,T,KO,F I,5,66.35
2025-10-08,10:02:45.523943034,T,KO,F,100,66.35
2025-10-08,10:02:45.523946075,T,KO,F I,91,66.35
2025-10-08,10:02:45.528877841,T,KO,F,200,66.35
2025-10-08,10:02:45.530811366,T,KO,F,100,66.35
2025-10-08,10:02:45.533084790,T,KO,I,50,66.35
2025-10-08,10:02:45.533087785,T,KO,I,50,66.35
2025-10-08,10:02:45.534865026,T,KO,F I,50,66.35
2025-10-08,10:02:46.327763518,T,KO,F I,25,66.35
2025-10-08,10:02:46.612614038,T,KO,I,27,66.35
2025-10-08,10:02:50.812699559,T,KO,F,100,66.34
2025-10-08,10:02:57.810736106,T,KO,F I,10,66.33
2025-10-08,10:02:57.810739725,T,KO,F,278,66.33
2025-10-08,10:02:57.810754332,T,KO,F,622,66.33
2025-10-08,10:02:57.812380971,T,KO,F,200,66.32
2025-10-08,10:02:59.858376007,T,KO,I,50,66.32
2025-10-08,10:03:01.671956565,T,KO,F,100,66.32
2025-10-08,10:03:01.671956565,T,KO,F I,15,66.32
2025-10-08,10:03:01.671971723,T,KO,F I,2,66.32
2025-10-08,10:03:01.671980775,T,KO,I,1,66.32
2025-10-08,10:03:01.671983578,T,KO,I,1,66.32
2025-10-08,10:03:01.672001775,T,KO,F I,4,66.32
2025-10-08,10:03:01.672398642,T,KO,F I,27,66.32
2025-10-08,10:03:08.010290822,T,KO,F I,3,66.33
2025-10-08,10:03:08.024193099,T,KO,F I,14,66.33
2025-10-08,10:03:08.024193099,T,KO,F I,5,66.33
2025-10-08,10:03:14.997523523,T,KO,F,100,66.34
2025-10-08,10:03:14.997523523,T,KO,F I,5,66.34
2025-10-08,10:03:14.997525913,T,KO,F I,18,66.34
2025-10-08,10:03:14.997528796,T,KO,F,105,66.34
2025-10-08,10:03:14.997528796,T,KO,F,105,66.34
2025-10-08,10:03:15.111764842,T,KO,,100,66.345
2025-10-08,10:03:15.189653437,T,KO,I,8,66.35
2025-10-08,10:03:15.190281910,T,KO,I,50,66.35
2025-10-08,10:03:15.223598235,T,KO,I,50,66.35
2025-10-08,10:03:25.756250138,T,KO,F I,30,66.33
2025-10-08,10:03:25.756253102,T,KO,F I,7,66.33
2025-10-08,10:03:29.973759821,T,KO,F I,35,66.33
2025-10-08,10:03:29.973759821,T,KO,F I,22,66.33
2025-10-08,10:03:29.973762139,T,KO,F I,47,66.33
2025-10-08,10:03:34.757450548,T,KO,F,100,66.33
2025-10-08,10:03:38.913863089,T,KO,F I,7,66.32
2025-10-08,10:03:39.212645686,T,KO,,100,66.32
2025-10-08,10:03:42.068325177,T,KO,I,3,66.31
2025-10-08,10:03:42.068328627,T,KO,I,5,66.31
2025-10-08,10:03:42.068328627,T,KO,I,7,66.31
2025-10-08,10:03:42.068331192,T,KO,I,85,66.31
2025-10-08,10:03:43.186652764,T,KO,,126,66.315
2025-10-08,10:03:43.190971062,T,KO,,100,66.32
2025-10-08,10:03:44.743644143,T,KO,I,35,66.315
2025-10-08,10:03:57.634906927,T,KO,I,1,66.32
2025-10-08,10:03:57.647031932,T,KO,F I,88,66.32
2025-10-08,10:03:57.647034834,T,KO,F I,12,66.32
2025-10-08,10:04:00.070305474,T,KO,I,9,66.325
2025-10-08,10:04:00.139509569,T,KO,F I,50,66.33
2025-10-08,10:04:00.139509569,T,KO,F,100,66.33
2025-10-08,10:04:00.139512341,T,KO,F I,38,66.33
2025-10-08,10:04:00.139512341,T,KO,F I,10,66.33
2025-10-08,10:04:03.941395462,T,KO,F I,14,66.35
2025-10-08,10:04:08.471003040,T,KO,F I,58,66.35
2025-10-08,10:04:08.471006056,T,KO,F I,5,66.35
2025-10-08,10:04:20.950336037,T,KO,F I,88,66.35
2025-10-08,10:04:20.950336037,T,KO,F,100,66.35
2025-10-08,10:04:20.950338371,T,KO,F I,21,66.35
2025-10-08,10:04:20.950341225,T,KO,F I,6,66.35
2025-10-08,10:04:21.771311605,T,KO,,100,66.34
2025-10-08,10:04:21.771335644,T,KO,,100,66.34
2025-10-08,10:04:24.607805356,T,KO,F,200,66.34
2025-10-08,10:04:26.847347393,T,KO,F I,23,66.34
2025-10-08,10:04:26.847431564,T,KO,F,143,66.34
2025-10-08,10:04:26.847431564,T,KO,F I,6,66.34
2025-10-08,10:04:27.004793414,T,KO,,100,66.345
2025-10-08,10:04:36.478250961,T,KO,F,100,66.335
2025-10-08,10:04:36.478253819,T,KO,F,100,66.335
2025-10-08,10:04:36.478256705,T,KO,F,126,66.335
2025-10-08,10:04:36.478256705,T,KO,F I,79,66.335
2025-10-08,10:04:37.126005546,T,KO,F I,5,66.33
2025-10-08,10:04:39.367430015,T,KO,I,2,66.335
2025-10-08,10:04:44.070734161,T,KO,,100,66.335
2025-10-08,10:04:52.437233894,T,KO,F,100,66.33
2025-10-08,10:04:55.081371634,T,KO,,100,66.325
2025-10-08,10:04:55.087957271,T,KO,,100,66.325
2025-10-08,10:04:55.102379615,T,KO,,100,66.325
2025-10-08,10:04:55.152782662,T,KO,,100,66.325
2025-10-08,10:05:04.177123467,T,KO,F I,11,66.33
2025-10-08,10:05:04.177123467,T,KO,F,100,66.33
2025-10-08,10:05:05.235939031,T,KO,,100,66.335
2025-10-08,10:05:06.621134533,T,KO,F I,2,66.34
2025-10-08,10:05:06.621137683,T,KO,F I,5,66.34
2025-10-08,10:05:12.926143095,T,KO,I,50,66.35
2025-10-08,10:05:16.770691859,T,KO,,100,66.355
2025-10-08,10:05:26.683734354,T,KO,F I,5,66.35
2025-10-08,10:05:26.683736115,T,KO,F I,19,66.35
2025-10-08,10:05:27.877949572,T,KO,F,100,66.35
2025-10-08,10:05:27.877952479,T,KO,F,177,66.35
2025-10-08,10:05:27.877956114,T,KO,F I,7,66.35
2025-10-08,10:05:27.877956114,T,KO,F I,2,66.35
2025-10-08,10:05:27.877958851,T,KO,F I,10,66.35
2025-10-08,10:05:27.877958851,T,KO,F I,61,66.35
2025-10-08,10:05:27.877961956,T,KO,,239,66.35
2025-10-08,10:05:27.878247120,T,KO,F I,1,66.35
2025-10-08,10:05:27.911473816,T,KO,,100,66.36
2025-10-08,10:05:27.911476261,T,KO,,100,66.36
2025-10-08,10:05:28.453132385,T,KO,,100,66.365
2025-10-08,10:05:28.453132385,T,KO,I,26,66.365
2025-10-08,10:05:28.453153458,T,KO,,200,66.365
2025-10-08,10:05:30.475812937,T,KO,F I,1,66.37
2025-10-08,10:05:30.475834321,T,KO,F,120,66.37
2025-10-08,10:05:30.475837116,T,KO,F,100,66.37
2025-10-08,10:05:30.475840085,T,KO,F I,5,66.37
2025-10-08,10:05:30.476914346,T,KO,,100,66.38
2025-10-08,10:05:30.476920169,T,KO,I,5,66.38
2025-10-08,10:05:30.476920169,T,KO,,100,66.38
2025-10-08,10:05:30.481424240,T,KO,F I,50,66.38
2025-10-08,10:05:30.481430295,T,KO,F I,82,66.38
2025-10-08,10:05:30.481430295,T,KO,F,200,66.38
2025-10-08,10:05:31.837498019,T,KO,F,100,66.375
2025-10-08,10:05:31.840036147,T,KO,,100,66.375
2025-10-08,10:05:31.840378961,T,KO,,100,66.375
2025-10-08,10:05:38.729210297,T,KO,F,200,66.36
2025-10-08,10:05:39.385048395,T,KO,I,82,66.34
2025-10-08,10:05:43.280319110,T,KO,F I,50,66.35
2025-10-08,10:05:43.280319110,T,KO,F I,5,66.35
2025-10-08,10:05:43.280322048,T,KO,F I,9,66.35
2025-10-08,10:05:43.365226308,T,KO,,100,66.355
2025-10-08,10:05:48.744702636,T,KO,F I,62,66.35
2025-10-08,10:05:48.744726705,T,KO,I,58,66.35
2025-10-08,10:05:52.661366205,T,KO,I,48,66.35
2025-10-08,10:05:58.756839108,T,KO,F I,5,66.36
2025-10-08,10:05:58.756845112,T,KO,F,100,66.36
2025-10-08,10:05:58.756848028,T,KO,F,105,66.36
2025-10-08,10:05:58.758020857,T,KO,F I,50,66.36
2025-10-08,10:05:58.758024191,T,KO,F I,89,66.36
2025-10-08,10:05:58.758024191,T,KO,F I,78,66.36
2025-10-08,10:05:58.758024191,T,KO,F I,46,66.36
2025-10-08,10:05:59.473521018,T,KO,F I,5,66.35
2025-10-08,10:05:59.473521018,T,KO,F,400,66.35
2025-10-08,10:05:59.530780347,T,KO,I,8,66.345
2025-10-08,10:06:00.314410731,T,KO,F I,5,66.34
2025-10-08,10:06:11.138637294,T,KO,F I,84,66.34
2025-10-08,10:06:11.138812012,T,KO,F I,5,66.34
2025-10-08,10:06:11.138812012,T,KO,F I,63,66.34
2025-10-08,10:06:17.396153989,T,KO,I,15,66.34
2025-10-08,10:06:17.396157491,T,KO,,100,66.34
2025-10-08,10:06:17.396176037,T,KO,I,1,66.34
2025-10-08,10:06:22.561977714,T,KO,,100,66.335
2025-10-08,10:06:25.025114077,T,KO,I,85,66.33
2025-10-08,10:06:25.025117126,T,KO,,100,66.33
2025-10-08,10:06:25.025168901,T,KO,F,100,66.33
2025-10-08,10:06:25.224573124,T,KO,,100,66.325
2025-10-08,10:06:29.027129993,T,KO,I,5,66.32
2025-10-08,10:06:29.747808385,T,KO,,100,66.315
2025-10-08,10:06:34.031027038,T,KO,I,1,66.31
2025-10-08,10:06:34.031027038,T,KO,,100,66.31
2025-10-08,10:06:34.811695231,T,KO,I,27,66.31
2025-10-08,10:06:34.811722312,T,KO,F I,23,66.31
2025-10-08,10:06:34.814308408,T,KO,,100,66.305
2025-10-08,10:06:34.907097512,T,KO,I,27,66.31
2025-10-08,10:06:34.907124523,T,KO,F I,23,66.31
2025-10-08,10:06:35.090290729,T,KO,F I,50,66.31
2025-10-08,10:06:35.090293757,T,KO,F I,50,66.31
2025-10-08,10:06:43.074715579,T,KO,,100,66.305
2025-10-08,10:06:45.038566994,T,KO,I,10,66.3
2025-10-08,10:06:45.038573026,T,KO,I,1,66.3
2025-10-08,10:06:45.038573026,T,KO,I,10,66.3
2025-10-08,10:06:45.038576467,T,KO,I,6,66.3
2025-10-08,10:06:45.038576467,T,KO,I,1,66.3
2025-10-08,10:06:45.038579005,T,KO,I,1,66.3
2025-10-08,10:06:46.230786625,T,KO,,100,66.295
2025-10-08,10:06:46.230786625,T,KO,,100,66.295
2025-10-08,10:06:46.846575212,T,KO,F,100,66.3
2025-10-08,10:06:46.846584295,T,KO,F I,50,66.3
2025-10-08,10:06:46.846593268,T,KO,F I,50,66.3
2025-10-08,10:06:46.846596260,T,KO,I,1,66.3
2025-10-08,10:06:46.846602968,T,KO,F,149,66.3
2025-10-08,10:06:46.846602968,T,KO,F I,78,66.3
2025-10-08,10:06:46.896746749,T,KO,I,50,66.3
2025-10-08,10:06:46.896767953,T,KO,F I,13,66.3
2025-10-08,10:06:46.896770774,T,KO,,100,66.3
2025-10-08,10:06:47.383967197,T,KO,I,50,66.3
2025-10-08,10:06:47.524873778,T,KO,,100,66.305
2025-10-08,10:06:53.069338341,T,KO,,100,66.305
2025-10-08,10:06:56.955782908,T,KO,,100,66.305
2025-10-08,10:06:56.955782908,T,KO,,100,66.305
2025-10-08,10:06:57.067301505,T,KO,I,50,66.31
2025-10-08,10:06:57.067301505,T,KO,I,1,66.31
2025-10-08,10:06:57.067306448,T,KO,I,25,66.31
2025-10-08,10:06:57.067321518,T,KO,F I,75,66.31
2025-10-08,10:06:57.067324877,T,KO,F I,1,66.31
2025-10-08,10:06:57.380821120,T,KO,I,50,66.31
2025-10-08,10:07:02.171534353,T,KO,F,100,66.31
2025-10-08,10:07:02.171534353,T,KO,F I,1,66.31
2025-10-08,10:07:02.180691155,T,KO,,100,66.305
2025-10-08,10:07:03.098239550,T,KO,I,50,66.31
2025-10-08,10:07:04.629131958,T,KO,F I,26,66.32
2025-10-08,10:07:04.629131958,T,KO,F I,24,66.32
2025-10-08,10:07:04.629156411,T,KO,I,42,66.32
2025-10-08,10:07:04.629158920,T,KO,I,4,66.32
2025-10-08,10:07:04.629161941,T,KO,F I,96,66.32
2025-10-08,10:07:05.524541415,T,KO,F I,28,66.33
2025-10-08,10:07:05.524544460,T,KO,F I,43,66.33
2025-10-08,10:07:14.010494682,T,KO,I,37,66.325
2025-10-08,10:07:14.030877207,T,KO,,100,66.325
