DATE,TIME_M,EX,SYM_ROOT,TR_SCOND,SIZE,PRICE
2025-12-04,9:30:00.103311726,T,KO,TI,1,70.83
2025-12-04,9:30:01.372457412,T,KO,F I,13,70.82
2025-12-04,9:30:01.372463456,T,KO,Q,13,70.82
2025-12-04,9:30:01.372959567,T,KO,I,50,70.83
2025-12-04,9:30:01.373079900,T,KO,I,50,70.83
2025-12-04,9:30:01.373554988,T,KO,,500,70.83
2025-12-04,9:30:01.386134084,T,KO,I,59,70.82
2025-12-04,9:30:01.386134084,T,KO,,100,70.82
2025-12-04,9:30:01.386136940,T,KO,I,57,70.82
2025-12-04,9:30:01.434363348,T,KO,F I,10,70.81
2025-12-04,9:30:01.434365993,T,KO,F I,2,70.81
2025-12-04,9:30:01.434369329,T,KO,F,100,70.81
2025-12-04,9:30:01.685773570,T,KO,F I,5,70.83
2025-12-04,9:30:01.793231510,T,KO,,100,70.87
2025-12-04,9:30:01.793457066,T,KO,I,59,70.86
2025-12-04,9:30:01.793881095,T,KO,,100,70.88
2025-12-04,9:30:01.794010500,T,KO,,100,70.88
2025-12-04,9:30:01.794548768,T,KO,F,100,70.87
2025-12-04,9:30:01.872250794,T,KO,I,7,70.88
2025-12-04,9:30:01.872521336,T,KO,I,93,70.88
2025-12-04,9:30:01.891628943,T,KO,,100,70.86
2025-12-04,9:30:01.892218330,T,KO,,100,70.88
2025-12-04,9:30:01.892221383,T,KO,I,2,70.88
2025-12-04,9:30:01.892221383,T,KO,,100,70.88
2025-12-04,9:30:01.892368646,T,KO,,100,70.88
2025-12-04,9:30:01.892437871,T,KO,,100,70.88
2025-12-04,9:30:01.956752033,T,KO,,100,70.89
2025-12-04,9:30:01.957375174,T,KO,I,1,70.9
2025-12-04,9:30:01.957377936,T,KO,,100,70.9
2025-12-04,9:30:02.045562605,T,KO,I,2,70.89
2025-12-04,9:30:02.045565534,T,KO,I,40,70.89
2025-12-04,9:30:02.045610701,T,KO,I,4,70.89
2025-12-04,9:30:02.407676112,T,KO,F,500,70.92
2025-12-04,9:30:02.703220092,T,KO,I,2,70.925
2025-12-04,9:30:02.703220092,T,KO,I,1,70.925
2025-12-04,9:30:02.816977885,T,KO,I,14,70.94
2025-12-04,9:30:03.111430121,T,KO,I,50,70.93
2025-12-04,9:30:03.111577763,T,KO,I,50,70.94
2025-12-04,9:30:03.111577763,T,KO,I,2,70.93
2025-12-04,9:30:03.111583839,T,KO,,100,70.93
2025-12-04,9:30:03.111583839,T,KO,I,50,70.93
2025-12-04,9:30:03.111652603,T,KO,F I,50,70.93
2025-12-04,9:30:03.461881889,T,KO,F I,50,70.93
2025-12-04,9:30:03.462062263,T,KO,,100,70.94
2025-12-04,9:30:03.462131337,T,KO,I,1,70.94
2025-12-04,9:30:04.038213384,T,KO,F I,4,70.94
2025-12-04,9:30:04.038240454,T,KO,,395,70.94
2025-12-04,9:30:04.581264773,T,KO,F I,26,70.94
2025-12-04,9:30:05.289670836,T,KO,I,4,70.94
2025-12-04,9:30:05.371285235,T,KO,,100,70.945
2025-12-04,9:30:06.651425173,T,KO,F,679,70.96
2025-12-04,9:30:09.024382595,T,KO,F,200,71.0
2025-12-04,9:30:09.024386077,T,KO,F I,10,71.0
2025-12-04,9:30:09.024386077,T,KO,F,150,71.0
2025-12-04,9:30:09.024388652,T,KO,F,140,71.0
2025-12-04,9:30:09.024400747,T,KO,F I,53,71.0
2025-12-04,9:30:09.991699504,T,KO,,100,71.01
2025-12-04,9:30:10.326213240,T,KO,F,193,71.02
2025-12-04,9:30:10.326474914,T,KO,,100,71.015
2025-12-04,9:30:10.326486861,T,KO,F,100,71.01
2025-12-04,9:30:10.326498812,T,KO,F I,4,71.02
2025-12-04,9:30:10.326498812,T,KO,F I,3,71.02
2025-12-04,9:30:10.326508250,T,KO,I,1,71.01
2025-12-04,9:30:10.326514048,T,KO,I,99,71.01
2025-12-04,9:30:10.326541013,T,KO,,100,71.01
2025-12-04,9:30:10.326646232,T,KO,,100,71.02
2025-12-04,9:30:10.327004027,T,KO,,100,71.01
2025-12-04,9:30:10.327007127,T,KO,,100,71.01
2025-12-04,9:30:10.327172438,T,KO,,100,71.02
2025-12-04,9:30:10.327176090,T,KO,,100,71.02
2025-12-04,9:30:10.327284591,T,KO,F,100,71.01
2025-12-04,9:30:10.327286702,T,KO,F,100,71.01
2025-12-04,9:30:10.327289800,T,KO,F I,37,71.01
2025-12-04,9:30:10.327407261,T,KO,,100,71.02
2025-12-04,9:30:10.327491902,T,KO,,100,71.02
2025-12-04,9:30:10.764825793,T,KO,,100,71.015
2025-12-04,9:30:10.764864856,T,KO,,100,71.0
2025-12-04,9:30:10.764867942,T,KO,,100,71.0
2025-12-04,9:30:13.333279000,T,KO,,193,71.03
2025-12-04,9:30:13.333351136,T,KO,F,100,71.03
2025-12-04,9:30:14.340215187,T,KO,F I,1,71.02
2025-12-04,9:30:16.351191681,T,KO,,100,71.025
2025-12-04,9:30:16.351194705,T,KO,,193,71.04
2025-12-04,9:30:16.351342106,T,KO,F I,13,71.03
2025-12-04,9:30:16.351342106,T,KO,F I,50,71.03
2025-12-04,9:30:16.352854577,T,KO,,100,71.02
2025-12-04,9:30:16.353549296,T,KO,F,100,71.01
2025-12-04,9:30:16.353549296,T,KO,F,300,71.01
2025-12-04,9:30:16.353552224,T,KO,F,400,71.01
2025-12-04,9:30:16.353588340,T,KO,F,300,71.01
2025-12-04,9:30:16.353591322,T,KO,F,2000,71.01
2025-12-04,9:30:16.354093623,T,KO,F,100,71.01
2025-12-04,9:30:16.354093623,T,KO,F I,13,71.01
2025-12-04,9:30:16.354096970,T,KO,I,13,71.02
2025-12-04,9:30:16.354328157,T,KO,,100,71.01
2025-12-04,9:30:16.354569671,T,KO,F,100,71.02
2025-12-04,9:30:16.354569671,T,KO,F,100,71.02
2025-12-04,9:30:16.354574783,T,KO,F,100,71.02
2025-12-04,9:30:16.354574783,T,KO,F,100,71.02
2025-12-04,9:30:16.454388405,T,KO,F,100,71.02
2025-12-04,9:30:16.457579382,T,KO,,100,71.02
2025-12-04,9:30:16.457579382,T,KO,,100,71.02
2025-12-04,9:30:18.485810531,T,KO,I,2,71.02
2025-12-04,9:30:19.354456455,T,KO,,200,71.02
2025-12-04,9:30:19.354459496,T,KO,I,50,71.02
2025-12-04,9:30:19.354510497,T,KO,,1300,71.02
2025-12-04,9:30:19.432624666,T,KO,,100,71.025
2025-12-04,9:30:19.783013082,T,KO,F I,36,71.03
2025-12-04,9:30:21.410425994,T,KO,,100,71.04
2025-12-04,9:30:21.410429449,T,KO,I,1,71.03
2025-12-04,9:30:21.410429449,T,KO,I,50,71.03
2025-12-04,9:30:21.410432086,T,KO,I,48,71.03
2025-12-04,9:30:21.410435029,T,KO,I,1,71.03
2025-12-04,9:30:21.410441064,T,KO,I,1,71.03
2025-12-04,9:30:21.411698251,T,KO,F I,1,71.04
2025-12-04,9:30:21.411701100,T,KO,F I,27,71.04
2025-12-04,9:30:21.417195128,T,KO,I,50,71.04
2025-12-04,9:30:21.417195128,T,KO,I,27,71.04
2025-12-04,9:30:21.444539344,T,KO,I,50,71.04
2025-12-04,9:30:21.444572439,T,KO,,200,71.04
2025-12-04,9:30:21.489740045,T,KO,I,4,71.04
2025-12-04,9:30:21.489773088,T,KO,,100,71.04
2025-12-04,9:30:21.839256423,T,KO,F,200,71.04
2025-12-04,9:30:22.043401542,T,KO,,198,71.03
2025-12-04,9:30:22.043401542,T,KO,I,2,71.03
2025-12-04,9:30:22.043433624,T,KO,I,48,71.03
2025-12-04,9:30:22.043689301,T,KO,,200,71.03
2025-12-04,9:30:22.044441345,T,KO,,100,71.035
2025-12-04,9:30:22.044441345,T,KO,I,62,71.03
2025-12-04,9:30:22.048672106,T,KO,,138,71.03
2025-12-04,9:30:22.048675553,T,KO,I,50,71.03
2025-12-04,9:30:22.225836120,T,KO,,200,71.035
2025-12-04,9:30:22.356386301,T,KO,,200,71.03
2025-12-04,9:30:22.356386301,T,KO,I,50,71.03
2025-12-04,9:30:22.356395058,T,KO,,200,71.03
2025-12-04,9:30:22.356398106,T,KO,I,50,71.03
2025-12-04,9:30:22.356434131,T,KO,,200,71.03
2025-12-04,9:30:22.356479261,T,KO,,200,71.03
2025-12-04,9:30:22.356533425,T,KO,I,50,71.03
2025-12-04,9:30:22.356791966,T,KO,,100,71.02
2025-12-04,9:30:22.621780096,T,KO,,100,71.015
2025-12-04,9:30:24.506500967,T,KO,,100,71.02
2025-12-04,9:30:24.517837887,T,KO,,200,71.03
2025-12-04,9:30:26.156365348,T,KO,,100,71.02
2025-12-04,9:30:30.420027891,T,KO,I,7,70.99
2025-12-04,9:30:30.421092472,T,KO,I,7,70.98
2025-12-04,9:30:30.473768858,T,KO,F,100,71.0
2025-12-04,9:30:30.473772036,T,KO,F I,2,71.0
2025-12-04,9:30:30.474138759,T,KO,F,100,71.0
2025-12-04,9:30:30.474207943,T,KO,F I,14,71.0
2025-12-04,9:30:30.474235089,T,KO,F I,24,71.0
2025-12-04,9:30:30.474935631,T,KO,F,100,71.01
2025-12-04,9:30:34.101537763,T,KO,I,10,71.0
2025-12-04,9:30:34.101543118,T,KO,,100,71.0
2025-12-04,9:30:34.101543118,T,KO,,100,71.0
2025-12-04,9:30:34.101546763,T,KO,I,28,71.0
2025-12-04,9:30:34.101546763,T,KO,F I,72,71.0
2025-12-04,9:30:34.101549125,T,KO,F,100,71.0
2025-12-04,9:30:34.101552200,T,KO,F,100,71.0
2025-12-04,9:30:34.101591258,T,KO,,100,71.01
2025-12-04,9:30:34.101603255,T,KO,I,23,71.01
2025-12-04,9:30:34.101633228,T,KO,,100,71.01
2025-12-04,9:30:34.101657301,T,KO,,100,71.0
2025-12-04,9:30:34.101657301,T,KO,I,23,71.0
2025-12-04,9:30:34.101660424,T,KO,I,23,71.01
2025-12-04,9:30:34.101955105,T,KO,,100,71.0
2025-12-04,9:30:34.101958354,T,KO,,100,71.01
2025-12-04,9:30:34.101964090,T,KO,,100,71.01
2025-12-04,9:30:34.101964090,T,KO,I,23,71.01
2025-12-04,9:30:34.101964090,T,KO,,100,71.01
2025-12-04,9:30:34.101967110,T,KO,,100,71.01
2025-12-04,9:30:39.321699664,T,KO,,100,71.02
2025-12-04,9:30:39.321735785,T,KO,I,38,71.0
2025-12-04,9:30:39.321787168,T,KO,I,81,71.02
2025-12-04,9:30:39.321811034,T,KO,I,1,71.02
2025-12-04,9:30:39.322148217,T,KO,I,99,71.03
2025-12-04,9:30:39.322153896,T,KO,I,10,71.04
2025-12-04,9:30:39.322153896,T,KO,,100,71.04
2025-12-04,9:30:39.322156795,T,KO,I,1,71.04
2025-12-04,9:30:40.503337061,T,KO,I,2,71.04
2025-12-04,9:30:40.503337061,T,KO,I,15,71.04
2025-12-04,9:30:40.504359506,T,KO,I,50,71.04
2025-12-04,9:30:40.504359506,T,KO,I,99,71.04
2025-12-04,9:30:40.504362468,T,KO,,200,71.04
2025-12-04,9:30:40.504365507,T,KO,I,16,71.04
2025-12-04,9:30:40.504365507,T,KO,I,46,71.04
2025-12-04,9:30:40.507634179,T,KO,,100,71.01
2025-12-04,9:30:40.507634179,T,KO,,100,71.01
2025-12-04,9:30:40.507796592,T,KO,I,33,71.02
2025-12-04,9:30:40.508118821,T,KO,I,23,71.03
2025-12-04,9:30:40.508118821,T,KO,,100,71.03
2025-12-04,9:30:40.508124347,T,KO,,100,71.03
2025-12-04,9:30:40.508124347,T,KO,,100,71.03
2025-12-04,9:30:40.508127336,T,KO,,100,71.03
2025-12-04,9:30:43.521872171,T,KO,I,33,71.03
2025-12-04,9:30:43.521878064,T,KO,I,33,71.03
2025-12-04,9:30:43.521878064,T,KO,I,10,71.03
2025-12-04,9:30:43.521881161,T,KO,I,25,71.03
2025-12-04,9:30:43.521942046,T,KO,I,75,71.03
2025-12-04,9:30:43.558766917,T,KO,F,100,71.04
2025-12-04,9:30:43.558800091,T,KO,,100,71.035
2025-12-04,9:30:46.543098670,T,KO,,100,71.04
2025-12-04,9:30:46.543113723,T,KO,I,1,71.04
2025-12-04,9:30:47.378858088,T,KO,,100,71.01
2025-12-04,9:30:47.378861125,T,KO,,100,71.01
2025-12-04,9:30:52.457449671,T,KO,F,100,71.04
2025-12-04,9:30:55.673305688,T,KO,F I,10,71.06
2025-12-04,9:30:55.673350800,T,KO,F I,60,71.07
2025-12-04,9:30:55.674153778,T,KO,I,66,71.08
2025-12-04,9:30:55.674171885,T,KO,I,36,71.08
2025-12-04,9:30:55.674183806,T,KO,,100,71.08
2025-12-04,9:30:57.345447794,T,KO,I,31,71.07
2025-12-04,9:30:57.345450517,T,KO,,100,71.07
2025-12-04,9:30:57.345453294,T,KO,I,1,71.07
2025-12-04,9:30:57.345453294,T,KO,I,1,71.07
2025-12-04,9:31:00.218309449,T,KO,I,10,71.08
2025-12-04,9:31:00.220444464,T,KO,F I,35,71.07
2025-12-04,9:31:00.220448088,T,KO,F,100,71.07
2025-12-04,9:31:00.220727109,T,KO,F,100,71.06
2025-12-04,9:31:00.220754974,T,KO,I,39,71.08
2025-12-04,9:31:00.220757249,T,KO,I,61,71.08
2025-12-04,9:31:00.220778341,T,KO,F I,84,71.06
2025-12-04,9:31:00.220778341,T,KO,I,1,71.08
2025-12-04,9:31:00.220818389,T,KO,F I,16,71.07
2025-12-04,9:31:00.220818389,T,KO,F I,23,71.07
2025-12-04,9:31:00.220832790,T,KO,F I,55,71.07
2025-12-04,9:31:00.220835440,T,KO,F I,29,71.07
2025-12-04,9:31:00.220844453,T,KO,F I,10,71.07
2025-12-04,9:31:00.220844453,T,KO,F,100,71.06
2025-12-04,9:31:00.221298598,T,KO,,100,71.06
2025-12-04,9:31:00.221298598,T,KO,I,10,71.07
2025-12-04,9:31:00.221353598,T,KO,F I,39,71.06
2025-12-04,9:31:00.221368357,T,KO,I,90,71.07
2025-12-04,9:31:00.221368357,T,KO,I,10,71.07
2025-12-04,9:31:00.221370691,T,KO,I,16,71.06
2025-12-04,9:31:00.221373719,T,KO,I,13,71.06
2025-12-04,9:31:00.221518057,T,KO,F,100,71.06
2025-12-04,9:31:00.221659373,T,KO,I,39,71.06
2025-12-04,9:31:00.221662365,T,KO,I,39,71.06
2025-12-04,9:31:00.221698703,T,KO,F,100,71.06
2025-12-04,9:31:00.221761629,T,KO,F,100,71.06
2025-12-04,9:31:00.221765095,T,KO,F I,11,71.06
2025-12-04,9:31:00.221765095,T,KO,F I,28,71.06
2025-12-04,9:31:00.222152492,T,KO,,100,71.06
2025-12-04,9:31:00.222152492,T,KO,I,21,71.06
2025-12-04,9:31:00.222152492,T,KO,I,7,71.06
2025-12-04,9:31:00.222155550,T,KO,I,8,71.06
2025-12-04,9:31:00.222209670,T,KO,F,100,71.06
2025-12-04,9:31:00.224402618,T,KO,,100,71.05
2025-12-04,9:31:00.224404850,T,KO,,100,71.05
2025-12-04,9:31:00.225295160,T,KO,,100,71.05
2025-12-04,9:31:00.226034754,T,KO,F,100,71.05
2025-12-04,9:31:00.229469404,T,KO,F,135,71.06
2025-12-04,9:31:00.229483961,T,KO,I,65,71.06
2025-12-04,9:31:00.229487415,T,KO,,100,71.05
2025-12-04,9:31:00.229487415,T,KO,I,35,71.05
2025-12-04,9:31:00.231011654,T,KO,F,200,71.05
2025-12-04,9:31:00.231120127,T,KO,F I,28,71.04
2025-12-04,9:31:00.231123687,T,KO,F I,60,71.04
2025-12-04,9:31:00.231123687,T,KO,F I,28,71.04
2025-12-04,9:31:00.231126114,T,KO,F,100,71.04
2025-12-04,9:31:00.231385067,T,KO,,100,71.05
2025-12-04,9:31:00.231387599,T,KO,,100,71.05
2025-12-04,9:31:00.231390526,T,KO,,100,71.05
2025-12-04,9:31:00.231390526,T,KO,I,16,71.05
2025-12-04,9:31:00.235465636,T,KO,F,100,71.05
2025-12-04,9:31:00.235468500,T,KO,F I,73,71.05
2025-12-04,9:31:00.235486336,T,KO,I,1,71.05
2025-12-04,9:31:00.236490743,T,KO,I,99,71.05
2025-12-04,9:31:00.236893646,T,KO,F I,10,71.04
2025-12-04,9:31:00.236896669,T,KO,F,100,71.04
2025-12-04,9:31:00.237654421,T,KO,,100,71.05
2025-12-04,9:31:00.237657688,T,KO,I,10,71.05
2025-12-04,9:31:00.237861941,T,KO,I,80,71.05
2025-12-04,9:31:00.247331621,T,KO,F I,10,71.04
2025-12-04,9:31:00.436097116,T,KO,F I,80,71.04
2025-12-04,9:31:04.374018139,T,KO,I,6,71.06
2025-12-04,9:31:04.374619518,T,KO,,100,71.05
2025-12-04,9:31:04.374640435,T,KO,I,1,71.05
2025-12-04,9:31:04.379097043,T,KO,F,100,71.06
2025-12-04,9:31:04.379118157,T,KO,I,1,71.06
2025-12-04,9:31:04.379121105,T,KO,I,20,71.06
2025-12-04,9:31:04.388978640,T,KO,I,10,71.06
2025-12-04,9:31:04.388978640,T,KO,I,10,71.06
2025-12-04,9:31:04.407959761,T,KO,,100,71.05
2025-12-04,9:31:04.440879305,T,KO,,100,71.06
2025-12-04,9:31:04.441173985,T,KO,,100,71.07
2025-12-04,9:31:04.475347296,T,KO,,100,71.07
2025-12-04,9:31:04.475437491,T,KO,,100,71.06
2025-12-04,9:31:04.475437491,T,KO,I,10,71.06
2025-12-04,9:31:05.149595208,T,KO,,100,71.06
2025-12-04,9:31:05.548759797,T,KO,F I,2,71.07
2025-12-04,9:31:05.673106491,T,KO,I,36,71.09
2025-12-04,9:31:05.673109004,T,KO,I,39,71.09
2025-12-04,9:31:05.673124090,T,KO,I,74,71.09
2025-12-04,9:31:05.719644904,T,KO,I,24,71.08
2025-12-04,9:31:05.719792254,T,KO,,100,71.09
2025-12-04,9:31:05.721148582,T,KO,F I,10,71.095
2025-12-04,9:31:05.721172483,T,KO,F I,10,71.095
2025-12-04,9:31:05.721575487,T,KO,,100,71.1
2025-12-04,9:31:05.727929651,T,KO,,100,71.1
2025-12-04,9:31:05.728031780,T,KO,I,28,71.1
2025-12-04,9:31:05.732816291,T,KO,F,100,71.11
2025-12-04,9:31:05.751764734,T,KO,I,31,71.1
2025-12-04,9:31:05.751767506,T,KO,,100,71.1
2025-12-04,9:31:05.751767506,T,KO,I,10,71.1
2025-12-04,9:31:05.752609381,T,KO,,100,71.1
2025-12-04,9:31:05.752612866,T,KO,,100,71.11
2025-12-04,9:31:05.752612866,T,KO,I,47,71.11
2025-12-04,9:31:05.752615489,T,KO,I,27,71.11
2025-12-04,9:31:05.752618433,T,KO,I,29,71.11
2025-12-04,9:31:05.753087526,T,KO,I,71,71.11
2025-12-04,9:31:05.845061643,T,KO,I,52,71.11
2025-12-04,9:31:08.046370347,T,KO,F I,59,71.1
2025-12-04,9:31:08.046472587,T,KO,,100,71.1
2025-12-04,9:31:08.046644161,T,KO,F,100,71.1
2025-12-04,9:31:08.049536955,T,KO,,100,71.09
2025-12-04,9:31:08.052333597,T,KO,F,100,71.09
2025-12-04,9:31:09.608756453,T,KO,,100,71.1
2025-12-04,9:31:11.165350825,T,KO,,100,71.1
2025-12-04,9:31:11.186891091,T,KO,,200,71.1
2025-12-04,9:31:11.220023939,T,KO,F,100,71.1
2025-12-04,9:31:11.868813173,T,KO,I,60,71.1
2025-12-04,9:31:13.490852447,T,KO,F,100,71.1
2025-12-04,9:31:13.490852447,T,KO,F,100,71.1
2025-12-04,9:31:13.491544375,T,KO,,100,71.105
2025-12-04,9:31:13.491544375,T,KO,,100,71.11
2025-12-04,9:31:13.491547390,T,KO,I,68,71.11
2025-12-04,9:31:13.491562092,T,KO,I,1,71.11
2025-12-04,9:31:13.491631250,T,KO,,100,71.1
2025-12-04,9:31:13.491634281,T,KO,I,31,71.11
2025-12-04,9:31:13.491638399,T,KO,I,22,71.11
2025-12-04,9:31:13.491638399,T,KO,I,25,71.11
2025-12-04,9:31:13.491643945,T,KO,,200,71.11
2025-12-04,9:31:13.491643945,T,KO,I,75,71.11
2025-12-04,9:31:13.491655849,T,KO,I,25,71.11
2025-12-04,9:31:13.491700359,T,KO,I,75,71.11
2025-12-04,9:31:13.491889821,T,KO,I,14,71.1
2025-12-04,9:31:13.491977549,T,KO,I,86,71.1
2025-12-04,9:31:13.491977549,T,KO,I,29,71.1
2025-12-04,9:31:13.491980102,T,KO,,100,71.1
2025-12-04,9:31:13.569153262,T,KO,F I,25,71.105
2025-12-04,9:31:13.569156830,T,KO,F,100,71.11
2025-12-04,9:31:13.569159385,T,KO,F,100,71.11
2025-12-04,9:31:13.569159385,T,KO,F I,18,71.11
2025-12-04,9:31:13.569162553,T,KO,F I,7,71.11
2025-12-04,9:31:13.569162553,T,KO,F I,89,71.11
2025-12-04,9:31:13.569195039,T,KO,I,52,71.1
2025-12-04,9:31:13.633728659,T,KO,,200,71.1
2025-12-04,9:31:13.710787237,T,KO,,100,71.1
2025-12-04,9:31:13.788970365,T,KO,,100,71.1
2025-12-04,9:31:13.979368859,T,KO,F,200,71.105
2025-12-04,9:31:13.979372161,T,KO,F I,31,71.11
2025-12-04,9:31:13.979374831,T,KO,F I,9,71.11
2025-12-04,9:31:13.979374831,T,KO,F I,12,71.11
2025-12-04,9:31:13.979390727,T,KO,F I,40,71.11
2025-12-04,9:31:13.979393758,T,KO,F I,10,71.11
2025-12-04,9:31:13.979395883,T,KO,F,100,71.11
2025-12-04,9:31:13.979402603,T,KO,F I,29,71.11
2025-12-04,9:31:13.979405705,T,KO,F I,21,71.11
2025-12-04,9:31:15.009959452,T,KO,F I,10,71.115
2025-12-04,9:31:16.233360085,T,KO,F I,10,71.1
2025-12-04,9:31:16.234593003,T,KO,,100,71.095
2025-12-04,9:31:16.234593003,T,KO,I,10,71.1
2025-12-04,9:31:16.476603414,T,KO,,200,71.1
2025-12-04,9:31:17.395832721,T,KO,,100,71.09
2025-12-04,9:31:17.397017514,T,KO,F,100,71.09
2025-12-04,9:31:17.397038570,T,KO,I,1,71.09
2025-12-04,9:31:17.397074642,T,KO,F,199,71.09
2025-12-04,9:31:17.718925224,T,KO,I,10,71.08
2025-12-04,9:31:17.718928924,T,KO,I,10,71.08
2025-12-04,9:31:17.719451488,T,KO,,100,71.08
2025-12-04,9:31:17.719451488,T,KO,,100,71.08
2025-12-04,9:31:17.719457588,T,KO,,100,71.09
2025-12-04,9:31:17.719457588,T,KO,I,52,71.09
2025-12-04,9:31:17.719460581,T,KO,I,29,71.09
2025-12-04,9:31:17.719463914,T,KO,,100,71.09
2025-12-04,9:31:17.719463914,T,KO,,100,71.09
2025-12-04,9:31:17.719526695,T,KO,,100,71.09
2025-12-04,9:31:17.719565785,T,KO,I,52,71.09
2025-12-04,9:31:17.719716530,T,KO,,100,71.09
2025-12-04,9:31:17.719818368,T,KO,I,48,71.09
2025-12-04,9:31:17.719818368,T,KO,I,52,71.09
2025-12-04,9:31:17.750344024,T,KO,F,100,71.1
2025-12-04,9:31:17.750347083,T,KO,F,100,71.1
2025-12-04,9:31:17.765064166,T,KO,,200,71.105
2025-12-04,9:31:17.765118203,T,KO,,100,71.12
2025-12-04,9:31:17.765122424,T,KO,,100,71.12
2025-12-04,9:31:17.765476247,T,KO,,100,71.12
2025-12-04,9:31:17.765500096,T,KO,F I,19,71.12
2025-12-04,9:31:17.765617476,T,KO,I,81,71.12
2025-12-04,9:31:17.765617476,T,KO,,100,71.12
2025-12-04,9:31:17.765821895,T,KO,F,100,71.12
2025-12-04,9:31:17.768922243,T,KO,,100,71.12
2025-12-04,9:31:17.768925284,T,KO,,100,71.12
2025-12-04,9:31:17.768985450,T,KO,,100,71.11
2025-12-04,9:31:17.769389474,T,KO,,100,71.11
2025-12-04,9:31:17.769389474,T,KO,,100,71.12
2025-12-04,9:31:17.769394560,T,KO,,100,71.12
2025-12-04,9:31:17.769394560,T,KO,I,29,71.12
2025-12-04,9:31:17.769398316,T,KO,I,10,71.12
2025-12-04,9:31:17.769398316,T,KO,,100,71.12
2025-12-04,9:31:17.769484707,T,KO,F,100,71.12
2025-12-04,9:31:17.769665036,T,KO,F,100,71.12
2025-12-04,9:31:17.779868463,T,KO,F,100,71.12
2025-12-04,9:31:17.779871366,T,KO,F,100,71.13
2025-12-04,9:31:17.779889530,T,KO,F I,21,71.13
2025-12-04,9:31:17.779895680,T,KO,I,79,71.13
2025-12-04,9:31:17.779898428,T,KO,I,21,71.13
2025-12-04,9:31:17.780828115,T,KO,I,60,71.13
2025-12-04,9:31:17.780828115,T,KO,,100,71.13
2025-12-04,9:31:17.780831021,T,KO,I,10,71.13
2025-12-04,9:31:17.781104693,T,KO,I,17,71.13
2025-12-04,9:31:17.781104693,T,KO,I,10,71.13
2025-12-04,9:31:17.781107267,T,KO,I,13,71.13
2025-12-04,9:31:17.781110886,T,KO,I,8,71.13
2025-12-04,9:31:17.781110886,T,KO,I,2,71.13
2025-12-04,9:31:17.781113411,T,KO,I,12,71.13
2025-12-04,9:31:17.781116668,T,KO,,100,71.13
2025-12-04,9:31:17.781119562,T,KO,I,96,71.13
2025-12-04,9:31:17.781119562,T,KO,I,13,71.13
2025-12-04,9:31:17.781122410,T,KO,,200,71.13
2025-12-04,9:31:17.838977205,T,KO,F,100,71.125
2025-12-04,9:31:17.873364019,T,KO,I,10,71.12
2025-12-04,9:31:17.873367129,T,KO,I,25,71.12
2025-12-04,9:31:17.873367129,T,KO,I,35,71.12
2025-12-04,9:31:17.883771894,T,KO,F,100,71.13
2025-12-04,9:31:17.883783845,T,KO,F I,10,71.13
2025-12-04,9:31:17.930557947,T,KO,I,29,71.12
2025-12-04,9:31:18.656122320,T,KO,F I,24,71.115
2025-12-04,9:31:18.657132762,T,KO,,100,71.11
2025-12-04,9:31:18.657731411,T,KO,,100,71.11
2025-12-04,9:31:18.657731411,T,KO,,100,71.12
2025-12-04,9:31:18.657734266,T,KO,I,52,71.12
2025-12-04,9:31:18.657734266,T,KO,I,29,71.12
2025-12-04,9:31:18.657738192,T,KO,I,24,71.12
2025-12-04,9:31:18.657738192,T,KO,I,10,71.12
2025-12-04,9:31:18.657743641,T,KO,,100,71.12
2025-12-04,9:31:18.657743641,T,KO,I,33,71.12
2025-12-04,9:31:18.669916210,T,KO,F,100,71.12
2025-12-04,9:31:18.709715909,T,KO,I,52,71.12
2025-12-04,9:31:18.709715909,T,KO,I,86,71.12
2025-12-04,9:31:19.346671981,T,KO,I,10,71.1
2025-12-04,9:31:19.375790530,T,KO,F,200,71.095
2025-12-04,9:31:19.375793635,T,KO,F,100,71.1
2025-12-04,9:31:19.375793635,T,KO,F,100,71.1
2025-12-04,9:31:19.375811396,T,KO,I,1,71.1
2025-12-04,9:31:19.387704642,T,KO,F,100,71.095
2025-12-04,9:31:19.387719747,T,KO,F I,99,71.1
2025-12-04,9:31:19.399946837,T,KO,F,100,71.1
2025-12-04,9:31:19.399949840,T,KO,F I,10,71.1
2025-12-04,9:31:20.649482922,T,KO,,200,71.1
2025-12-04,9:31:20.649482922,T,KO,,100,71.1
2025-12-04,9:31:20.650781982,T,KO,,200,71.1
2025-12-04,9:31:20.650781982,T,KO,,100,71.1
2025-12-04,9:31:20.650784994,T,KO,I,15,71.11
2025-12-04,9:31:20.650812801,T,KO,F I,69,71.1
2025-12-04,9:31:20.650812801,T,KO,F,100,71.09
2025-12-04,9:31:20.650815463,T,KO,F,133,71.09
2025-12-04,9:31:20.650839722,T,KO,F I,67,71.09
2025-12-04,9:31:20.650839722,T,KO,F I,2,71.09
2025-12-04,9:31:20.650842586,T,KO,F I,25,71.09
2025-12-04,9:31:20.650845106,T,KO,F,185,71.09
2025-12-04,9:31:20.650854201,T,KO,F I,15,71.09
2025-12-04,9:31:20.650854201,T,KO,F I,54,71.09
2025-12-04,9:31:20.650887138,T,KO,F I,2,71.09
2025-12-04,9:31:20.650899488,T,KO,F I,1,71.09
2025-12-04,9:31:20.650903006,T,KO,,197,71.09
2025-12-04,9:31:20.650903006,T,KO,I,49,71.09
2025-12-04,9:31:20.650941289,T,KO,F,200,71.09
2025-12-04,9:31:20.650947374,T,KO,,200,71.09
2025-12-04,9:31:20.650986427,T,KO,,200,71.09
2025-12-04,9:31:20.650986427,T,KO,,200,71.09
2025-12-04,9:31:20.651034513,T,KO,I,51,71.09
2025-12-04,9:31:22.342404209,T,KO,I,69,71.09
2025-12-04,9:31:22.342406979,T,KO,,100,71.09
2025-12-04,9:31:22.342421956,T,KO,F,120,71.09
2025-12-04,9:31:22.342424853,T,KO,I,1,71.09
2025-12-04,9:31:22.342427844,T,KO,I,79,71.09
2025-12-04,9:31:23.435552218,T,KO,I,30,71.09
2025-12-04,9:31:24.104745044,T,KO,F I,10,71.11
2025-12-04,9:31:25.666216956,T,KO,F I,4,71.12
2025-12-04,9:31:25.666220000,T,KO,F I,25,71.12
2025-12-04,9:31:30.778861691,T,KO,F,2000,71.14
2025-12-04,9:31:30.824396019,T,KO,,100,71.13
2025-12-04,9:31:30.824399000,T,KO,I,43,71.13
2025-12-04,9:31:30.824402047,T,KO,I,10,71.13
2025-12-04,9:31:30.824402047,T,KO,I,80,71.13
2025-12-04,9:31:30.824417069,T,KO,I,1,71.13
2025-12-04,9:31:31.473711457,T,KO,,100,71.13
2025-12-04,9:31:32.691819599,T,KO,I,53,71.14
2025-12-04,9:31:32.691819599,T,KO,I,10,71.14
2025-12-04,9:31:32.691822741,T,KO,I,25,71.14
2025-12-04,9:31:32.691825569,T,KO,,146,71.14
2025-12-04,9:31:32.691834599,T,KO,I,1,71.14
2025-12-04,9:31:41.518080719,T,KO,I,33,71.16
2025-12-04,9:31:41.518080719,T,KO,I,6,71.16
2025-12-04,9:31:41.518958767,T,KO,F I,52,71.17
2025-12-04,9:31:41.518958767,T,KO,F I,81,71.17
2025-12-04,9:31:41.519018944,T,KO,I,19,71.17
2025-12-04,9:31:41.519241501,T,KO,I,38,71.18
2025-12-04,9:31:41.519401632,T,KO,I,72,71.18
2025-12-04,9:31:41.519614360,T,KO,,100,71.18
2025-12-04,9:31:41.519635574,T,KO,I,1,71.18
2025-12-04,9:31:41.519758714,T,KO,I,1,71.18
2025-12-04,9:31:41.536237940,T,KO,F I,4,71.18
2025-12-04,9:31:41.536237940,T,KO,I,36,71.18
2025-12-04,9:31:41.536277022,T,KO,I,35,71.18
2025-12-04,9:31:41.536280344,T,KO,,100,71.18
2025-12-04,9:31:41.536283725,T,KO,,100,71.18
2025-12-04,9:31:41.536283725,T,KO,,100,71.18
2025-12-04,9:31:41.536286238,T,KO,,160,71.18
2025-12-04,9:31:41.536298211,T,KO,I,1,71.18
2025-12-04,9:31:41.536340209,T,KO,F,100,71.18
2025-12-04,9:31:41.536367362,T,KO,F I,3,71.18
2025-12-04,9:31:41.536523714,T,KO,F I,54,71.19
2025-12-04,9:31:41.536526628,T,KO,F I,4,71.19
2025-12-04,9:31:41.549054582,T,KO,F,200,71.18
2025-12-04,9:31:41.595358808,T,KO,I,16,71.18
2025-12-04,9:31:41.595445917,T,KO,I,82,71.17
2025-12-04,9:31:41.620892664,T,KO,F,100,71.17
2025-12-04,9:31:41.620901705,T,KO,F I,10,71.17
2025-12-04,9:31:42.295176507,T,KO,I,17,71.16
2025-12-04,9:31:42.295179497,T,KO,,100,71.16
2025-12-04,9:31:42.295829000,T,KO,,100,71.16
2025-12-04,9:31:42.295831996,T,KO,,100,71.165
2025-12-04,9:31:42.295835676,T,KO,I,41,71.17
2025-12-04,9:31:42.295838252,T,KO,I,79,71.17
2025-12-04,9:31:42.295838252,T,KO,I,33,71.17
2025-12-04,9:31:42.295841083,T,KO,I,53,71.17
2025-12-04,9:31:42.296147745,T,KO,F I,46,71.17
2025-12-04,9:31:42.296186900,T,KO,I,1,71.17
2025-12-04,9:31:42.375252034,T,KO,I,41,71.17
2025-12-04,9:31:42.375254311,T,KO,I,79,71.17
2025-12-04,9:31:42.375257264,T,KO,,102,71.17
2025-12-04,9:31:42.375257264,T,KO,I,25,71.17
2025-12-04,9:31:42.736447431,T,KO,F,100,71.17
2025-12-04,9:31:42.815412471,T,KO,,100,71.16
2025-12-04,9:31:42.894368529,T,KO,,100,71.16
2025-12-04,9:31:42.911211680,T,KO,F,200,71.16
2025-12-04,9:31:42.911226739,T,KO,F I,74,71.165
2025-12-04,9:31:43.739880316,T,KO,F,139,71.16
2025-12-04,9:31:43.739886327,T,KO,F I,10,71.16
2025-12-04,9:31:43.740132992,T,KO,,100,71.14
2025-12-04,9:31:43.740887757,T,KO,,100,71.15
2025-12-04,9:31:43.740890759,T,KO,I,61,71.15
2025-12-04,9:31:43.740908811,T,KO,I,1,71.15
2025-12-04,9:31:44.210080257,T,KO,F,100,71.14
2025-12-04,9:31:44.274223633,T,KO,F,100,71.12
2025-12-04,9:31:44.744973729,T,KO,F I,8,71.11
2025-12-04,9:31:44.744976149,T,KO,F I,10,71.11
2025-12-04,9:31:44.745288880,T,KO,F I,79,71.12
2025-12-04,9:31:44.745295562,T,KO,F,200,71.12
2025-12-04,9:31:44.745343005,T,KO,I,33,71.12
2025-12-04,9:31:44.745758420,T,KO,F I,67,71.12
2025-12-04,9:31:44.745842248,T,KO,I,79,71.12
2025-12-04,9:31:44.745842248,T,KO,I,21,71.12
2025-12-04,9:31:44.745860367,T,KO,I,1,71.12
2025-12-04,9:31:44.745876235,T,KO,I,99,71.12
2025-12-04,9:31:44.745878338,T,KO,,112,71.12
2025-12-04,9:31:45.082478943,T,KO,F I,81,71.11
2025-12-04,9:31:46.571739901,T,KO,I,90,71.1
2025-12-04,9:31:46.571754834,T,KO,I,1,71.1
2025-12-04,9:31:46.571842107,T,KO,,100,71.1
2025-12-04,9:31:46.572178817,T,KO,,100,71.1
2025-12-04,9:31:46.572178817,T,KO,I,10,71.1
2025-12-04,9:31:46.593403405,T,KO,F I,34,71.11
2025-12-04,9:31:50.548750702,T,KO,F,100,71.11
2025-12-04,9:31:50.548753762,T,KO,F I,2,71.11
2025-12-04,9:31:50.548753762,T,KO,F I,25,71.11
2025-12-04,9:31:52.094552328,T,KO,I,10,71.11
2025-12-04,9:31:52.796550262,T,KO,I,10,71.12
2025-12-04,9:31:55.808987248,T,KO,I,25,71.11
2025-12-04,9:31:55.808987248,T,KO,,100,71.11
2025-12-04,9:31:55.809011198,T,KO,F,100,71.11
2025-12-04,9:31:55.809013855,T,KO,F I,24,71.11
2025-12-04,9:31:55.809016903,T,KO,I,1,71.11
2025-12-04,9:31:56.395590901,T,KO,I,1,71.11
2025-12-04,9:31:58.055027140,T,KO,,110,71.12
2025-12-04,9:31:58.055030720,T,KO,I,99,71.11
2025-12-04,9:31:58.055030720,T,KO,I,91,71.11
2025-12-04,9:31:58.082503637,T,KO,I,9,71.11
2025-12-04,9:31:58.082503637,T,KO,I,10,71.11
2025-12-04,9:31:58.082506551,T,KO,I,81,71.11
2025-12-04,9:31:58.083002865,T,KO,F,100,71.12
2025-12-04,9:31:58.126655067,T,KO,I,80,71.12
2025-12-04,9:31:58.126655067,T,KO,I,19,71.11
2025-12-04,9:31:58.126658108,T,KO,I,1,71.11
2025-12-04,9:32:02.044174958,T,KO,F I,25,71.13
2025-12-04,9:32:02.044190014,T,KO,I,25,71.13
2025-12-04,9:32:02.044238129,T,KO,F,100,71.13
2025-12-04,9:32:02.044259223,T,KO,I,1,71.13
2025-12-04,9:32:02.056287789,T,KO,F I,13,71.13
2025-12-04,9:32:02.966664796,T,KO,I,2,71.12
2025-12-04,9:32:02.966667074,T,KO,I,37,71.12
2025-12-04,9:32:03.376663568,T,KO,I,37,71.13
2025-12-04,9:32:03.376682043,T,KO,I,22,71.13
2025-12-04,9:32:04.016918355,T,KO,F,110,71.14
2025-12-04,9:32:04.016936989,T,KO,I,1,71.14
2025-12-04,9:32:04.016936989,T,KO,I,94,71.14
2025-12-04,9:32:06.819584803,T,KO,F,100,71.12
2025-12-04,9:32:06.819584803,T,KO,F,100,71.12
2025-12-04,9:32:06.819602505,T,KO,F I,17,71.12
2025-12-04,9:32:06.819605502,T,KO,I,1,71.12
2025-12-04,9:32:06.819629543,T,KO,F I,82,71.12
2025-12-04,9:32:06.841593941,T,KO,I,91,71.12
2025-12-04,9:32:06.841593941,T,KO,I,25,71.12
2025-12-04,9:32:06.841644903,T,KO,F I,1,71.13
2025-12-04,9:32:06.841666799,T,KO,I,39,71.13
2025-12-04,9:32:06.841668973,T,KO,I,91,71.13
2025-12-04,9:32:06.925346673,T,KO,I,40,71.14
2025-12-04,9:32:06.925346673,T,KO,I,60,71.14
2025-12-04,9:32:06.925367412,T,KO,F I,40,71.14
2025-12-04,9:32:08.872459693,T,KO,I,35,71.13
2025-12-04,9:32:08.971714087,T,KO,I,35,71.14
2025-12-04,9:32:19.321614038,T,KO,F I,2,71.14
2025-12-04,9:32:19.321614038,T,KO,F I,47,71.14
2025-12-04,9:32:19.321653137,T,KO,I,38,71.145
2025-12-04,9:32:19.321872890,T,KO,I,38,71.15
2025-12-04,9:32:19.321875991,T,KO,,100,71.15
2025-12-04,9:32:19.321881643,T,KO,I,84,71.15
2025-12-04,9:32:19.321881643,T,KO,I,41,71.15
2025-12-04,9:32:19.321885510,T,KO,I,25,71.15
2025-12-04,9:32:19.321887710,T,KO,I,10,71.15
2025-12-04,9:32:19.321895184,T,KO,I,1,71.14
2025-12-04,9:32:19.321911748,T,KO,I,99,71.14
2025-12-04,9:32:19.322284602,T,KO,,110,71.15
2025-12-04,9:32:19.322516231,T,KO,I,90,71.15
2025-12-04,9:32:19.449728202,T,KO,,125,71.15
2025-12-04,9:32:19.449731318,T,KO,I,84,71.15
2025-12-04,9:32:19.449734313,T,KO,I,10,71.15
2025-12-04,9:32:19.449734313,T,KO,I,10,71.15
2025-12-04,9:32:19.449737169,T,KO,I,47,71.15
2025-12-04,9:32:19.449749238,T,KO,I,1,71.15
2025-12-04,9:32:19.449755509,T,KO,F,199,71.15
2025-12-04,9:32:21.025827026,T,KO,,200,71.15
2025-12-04,9:32:21.025827026,T,KO,,100,71.15
2025-12-04,9:32:21.039771749,T,KO,I,24,71.14
2025-12-04,9:32:21.039774060,T,KO,I,7,71.14
2025-12-04,9:32:24.777947181,T,KO,F I,10,71.15
2025-12-04,9:32:35.690538641,T,KO,I,10,71.14
2025-12-04,9:32:35.690541311,T,KO,I,17,71.14
2025-12-04,9:32:35.690965260,T,KO,,100,71.14
2025-12-04,9:32:35.690987166,T,KO,I,37,71.15
2025-12-04,9:32:35.690987166,T,KO,,100,71.15
2025-12-04,9:32:35.690992539,T,KO,,100,71.15
2025-12-04,9:32:35.690992539,T,KO,I,33,71.15
2025-12-04,9:32:35.690996049,T,KO,I,77,71.15
2025-12-04,9:32:35.690996049,T,KO,I,95,71.15
2025-12-04,9:32:35.690998617,T,KO,I,25,71.15
2025-12-04,9:32:35.690998617,T,KO,,100,71.15
2025-12-04,9:32:35.691001980,T,KO,,100,71.15
2025-12-04,9:32:35.691008063,T,KO,I,1,71.14
2025-12-04,9:32:35.691014934,T,KO,I,99,71.14
2025-12-04,9:32:35.691540139,T,KO,F I,17,71.15
2025-12-04,9:32:36.020715649,T,KO,I,39,71.17
2025-12-04,9:32:36.020718625,T,KO,,100,71.17
2025-12-04,9:32:36.020718625,T,KO,I,10,71.17
2025-12-04,9:32:37.127104573,T,KO,F I,10,71.18
2025-12-04,9:32:37.127122749,T,KO,I,10,71.18
2025-12-04,9:32:37.127441346,T,KO,I,35,71.18
2025-12-04,9:32:37.128629315,T,KO,I,65,71.19
2025-12-04,9:32:37.481913647,T,KO,F I,33,71.18
2025-12-04,9:32:37.481916657,T,KO,F,193,71.18
2025-12-04,9:32:37.481919725,T,KO,F,172,71.18
2025-12-04,9:32:37.481919725,T,KO,F I,25,71.18
2025-12-04,9:32:37.481934762,T,KO,I,1,71.18
2025-12-04,9:32:43.909220359,T,KO,,100,71.17
2025-12-04,9:32:43.909244450,T,KO,,100,71.17
2025-12-04,9:32:43.909253378,T,KO,,100,71.17
2025-12-04,9:32:47.266683672,T,KO,I,99,71.17
2025-12-04,9:32:47.266698714,T,KO,I,1,71.17
2025-12-04,9:32:47.814835194,T,KO,,100,71.16
2025-12-04,9:32:47.920386507,T,KO,F,100,71.16
2025-12-04,9:32:48.360337400,T,KO,,100,71.17
2025-12-04,9:32:48.362361127,T,KO,,100,71.17
2025-12-04,9:32:48.377060182,T,KO,,200,71.17
2025-12-04,9:32:51.656478609,T,KO,,200,71.18
2025-12-04,9:32:56.660074479,T,KO,I,10,71.19
2025-12-04,9:32:56.703982401,T,KO,I,6,71.2
2025-12-04,9:32:56.703982401,T,KO,I,10,71.2
2025-12-04,9:32:56.738029229,T,KO,F,100,71.2
2025-12-04,9:32:56.738032117,T,KO,F,100,71.2
2025-12-04,9:32:56.834980142,T,KO,,100,71.19
2025-12-04,9:32:56.834980142,T,KO,I,25,71.19
2025-12-04,9:33:01.822060600,T,KO,F I,2,71.17
2025-12-04,9:33:01.822114745,T,KO,F I,2,71.17
2025-12-04,9:33:01.822337262,T,KO,I,98,71.17
2025-12-04,9:33:06.861486762,T,KO,F,100,71.16
2025-12-04,9:33:06.861486762,T,KO,F I,10,71.16
2025-12-04,9:33:06.861504853,T,KO,I,45,71.16
2025-12-04,9:33:06.861508570,T,KO,F I,35,71.16
2025-12-04,9:33:06.861508570,T,KO,I,1,71.16
2025-12-04,9:33:06.861561980,T,KO,I,19,71.16
2025-12-04,9:33:12.374922992,T,KO,I,25,71.14
2025-12-04,9:33:12.388888369,T,KO,I,5,71.15
2025-12-04,9:33:28.204488835,T,KO,I,10,71.12
2025-12-04,9:33:33.003405267,T,KO,I,3,71.15
2025-12-04,9:33:37.329169636,T,KO,,100,71.17
2025-12-04,9:33:37.329169636,T,KO,I,20,71.17
2025-12-04,9:33:37.329172643,T,KO,F,120,71.17
2025-12-04,9:33:37.329184367,T,KO,I,10,71.17
2025-12-04,9:33:37.329187262,T,KO,I,80,71.17
2025-12-04,9:33:37.329806415,T,KO,F,120,71.18
2025-12-04,9:33:37.330170398,T,KO,F,100,71.18
2025-12-04,9:33:37.330173173,T,KO,F I,20,71.18
2025-12-04,9:33:37.330627275,T,KO,F I,10,71.17
2025-12-04,9:33:37.340433640,T,KO,I,2,71.17
2025-12-04,9:33:37.340458127,T,KO,F I,98,71.17
2025-12-04,9:33:37.340462203,T,KO,F I,7,71.17
2025-12-04,9:33:37.340463782,T,KO,F I,93,71.17
2025-12-04,9:33:37.340467503,T,KO,F,100,71.17
2025-12-04,9:33:37.340470253,T,KO,F,157,71.17
2025-12-04,9:33:37.340470253,T,KO,F,768,71.17
2025-12-04,9:33:37.340472733,T,KO,F,100,71.17
2025-12-04,9:33:37.340472733,T,KO,F,100,71.17
2025-12-04,9:33:39.692497544,T,KO,I,21,71.185
2025-12-04,9:33:39.692497544,T,KO,I,14,71.185
2025-12-04,9:33:42.226148996,T,KO,I,80,71.185
2025-12-04,9:33:42.282885062,T,KO,I,10,71.185
2025-12-04,9:33:43.583879563,T,KO,,200,71.185
2025-12-04,9:33:43.599534733,T,KO,I,10,71.185
2025-12-04,9:33:44.028268824,T,KO,I,10,71.185
2025-12-04,9:33:45.643902894,T,KO,I,20,71.185
2025-12-04,9:33:49.427366833,T,KO,,100,71.185
2025-12-04,9:33:53.689895656,T,KO,I,2,71.2
2025-12-04,9:33:53.992678293,T,KO,I,33,71.2
2025-12-04,9:33:53.992680910,T,KO,,100,71.2
2025-12-04,9:33:53.992683876,T,KO,I,10,71.2
2025-12-04,9:33:55.838185186,T,KO,I,7,71.21
2025-12-04,9:33:55.838188123,T,KO,I,12,71.21
2025-12-04,9:33:55.839306853,T,KO,I,20,71.21
2025-12-04,9:33:59.191258094,T,KO,I,1,71.23
2025-12-04,9:33:59.208976603,T,KO,F I,10,71.23
2025-12-04,9:33:59.208979302,T,KO,F,100,71.23
2025-12-04,9:33:59.208982267,T,KO,F I,25,71.23
2025-12-04,9:33:59.208988284,T,KO,F,100,71.23
2025-12-04,9:33:59.306257907,T,KO,,100,71.225
2025-12-04,9:34:00.011416394,T,KO,F I,74,71.23
2025-12-04,9:34:00.011419369,T,KO,F I,26,71.23
2025-12-04,9:34:00.034433224,T,KO,I,8,71.24
2025-12-04,9:34:02.246946648,T,KO,I,30,71.25
2025-12-04,9:34:02.246949651,T,KO,I,1,71.25
2025-12-04,9:34:03.735936867,T,KO,,100,71.25
2025-12-04,9:34:03.735963938,T,KO,F,200,71.25
2025-12-04,9:34:03.736715741,T,KO,F I,2,71.25
2025-12-04,9:34:04.697843943,T,KO,F,100,71.23
2025-12-04,9:34:06.967673870,T,KO,,100,71.22
2025-12-04,9:34:06.967676896,T,KO,I,2,71.22
2025-12-04,9:34:06.968137571,T,KO,F,100,71.21
2025-12-04,9:34:06.968160941,T,KO,I,4,71.21
2025-12-04,9:34:07.120212111,T,KO,F,100,71.2
2025-12-04,9:34:07.120212111,T,KO,F I,25,71.2
2025-12-04,9:34:11.365507335,T,KO,F I,25,71.22
2025-12-04,9:34:11.365567199,T,KO,I,97,71.21
2025-12-04,9:34:11.365570024,T,KO,,200,71.21
2025-12-04,9:34:11.365591086,T,KO,I,1,71.21
2025-12-04,9:34:11.372248942,T,KO,I,21,71.22
2025-12-04,9:34:11.408689712,T,KO,I,12,71.22
2025-12-04,9:34:11.408689712,T,KO,I,97,71.22
2025-12-04,9:34:12.531774473,T,KO,F,100,71.23
2025-12-04,9:34:12.542131200,T,KO,I,37,71.24
2025-12-04,9:34:12.542149122,T,KO,F I,63,71.24
2025-12-04,9:34:12.722521840,T,KO,I,33,71.24
2025-12-04,9:34:12.723775779,T,KO,F,100,71.24
2025-12-04,9:34:16.139514870,T,KO,F I,7,71.24
2025-12-04,9:34:16.316760095,T,KO,F I,2,71.23
2025-12-04,9:34:16.316781154,T,KO,I,2,71.23
2025-12-04,9:34:19.422295278,T,KO,F I,39,71.23
2025-12-04,9:34:22.908627487,T,KO,I,4,71.235
2025-12-04,9:34:26.736179613,T,KO,I,1,71.25
2025-12-04,9:34:26.736197573,T,KO,F I,58,71.25
2025-12-04,9:34:26.736200636,T,KO,F I,20,71.25
2025-12-04,9:34:26.797345310,T,KO,F I,1,71.25
2025-12-04,9:34:26.797943801,T,KO,F I,30,71.24
2025-12-04,9:34:26.797949679,T,KO,F,100,71.24
2025-12-04,9:34:26.798373707,T,KO,F I,7,71.24
2025-12-04,9:34:26.798388779,T,KO,F I,7,71.24
2025-12-04,9:34:26.798431199,T,KO,F I,82,71.24
2025-12-04,9:34:26.798572284,T,KO,F I,11,71.24
2025-12-04,9:34:27.490387819,T,KO,I,30,71.24
2025-12-04,9:34:27.490390785,T,KO,,120,71.24
2025-12-04,9:34:29.631751851,T,KO,F I,2,71.24
2025-12-04,9:34:29.631751851,T,KO,F,100,71.24
2025-12-04,9:34:29.631770655,T,KO,F,100,71.24
2025-12-04,9:34:34.573676977,T,KO,,100,71.235
2025-12-04,9:34:37.456760496,T,KO,,100,71.25
2025-12-04,9:34:37.456844663,T,KO,,100,71.25
2025-12-04,9:34:37.456865710,T,KO,I,1,71.25
2025-12-04,9:34:37.456931812,T,KO,I,24,71.25
2025-12-04,9:34:37.457043078,T,KO,F,200,71.25
2025-12-04,9:34:43.355528616,T,KO,F I,55,71.26
2025-12-04,9:34:43.355528616,T,KO,F I,2,71.26
2025-12-04,9:34:43.357332669,T,KO,I,15,71.27
2025-12-04,9:34:43.357353742,T,KO,F I,4,71.27
2025-12-04,9:34:43.358655791,T,KO,I,14,71.27
2025-12-04,9:34:43.358655791,T,KO,I,20,71.27
2025-12-04,9:34:45.943182166,T,KO,I,20,71.28
2025-12-04,9:34:47.249288944,T,KO,,100,71.285
2025-12-04,9:34:48.973096698,T,KO,I,7,71.285
2025-12-04,9:34:49.616060881,T,KO,,118,71.28
2025-12-04,9:34:49.616081909,T,KO,I,1,71.28
2025-12-04,9:34:49.616084839,T,KO,I,24,71.28
2025-12-04,9:34:49.616084839,T,KO,I,1,71.28
2025-12-04,9:34:50.112374754,T,KO,,100,71.275
2025-12-04,9:34:50.112398885,T,KO,,300,71.275
2025-12-04,9:34:50.112437947,T,KO,I,2,71.27
2025-12-04,9:34:50.112437947,T,KO,I,55,71.27
2025-12-04,9:34:50.112456314,T,KO,F I,45,71.27
2025-12-04,9:34:50.112459127,T,KO,F,100,71.27
2025-12-04,9:34:50.112462585,T,KO,,100,71.27
2025-12-04,9:34:50.112462585,T,KO,I,45,71.27
2025-12-04,9:34:50.112876934,T,KO,F,100,71.27
2025-12-04,9:34:51.045479099,T,KO,I,5,71.26
2025-12-04,9:34:53.512924940,T,KO,F,100,71.25
2025-12-04,9:34:53.512948892,T,KO,I,69,71.25
2025-12-04,9:35:00.540515195,T,KO,I,10,71.23
2025-12-04,9:35:00.547603010,T,KO,,200,71.23
2025-12-04,9:35:00.550150153,T,KO,,200,71.23
2025-12-04,9:35:00.630642779,T,KO,,200,71.23
2025-12-04,9:35:03.915958284,T,KO,F I,2,71.23
2025-12-04,9:35:03.915976420,T,KO,F I,48,71.23
2025-12-04,9:35:03.915979379,T,KO,F I,68,71.23
2025-12-04,9:35:03.915982784,T,KO,F,100,71.23
2025-12-04,9:35:03.915985671,T,KO,F,162,71.23
2025-12-04,9:35:03.915997380,T,KO,,100,71.23
2025-12-04,9:35:03.915997380,T,KO,I,21,71.23
2025-12-04,9:35:03.928834927,T,KO,I,2,71.23
2025-12-04,9:35:03.928834927,T,KO,I,2,71.23
2025-12-04,9:35:03.928838002,T,KO,,180,71.23
2025-12-04,9:35:05.065939161,T,KO,I,3,71.235
2025-12-04,9:35:08.694663853,T,KO,I,25,71.255
2025-12-04,9:35:11.467988997,T,KO,,100,71.24
2025-12-04,9:35:15.392347441,T,KO,I,14,71.245
2025-12-04,9:35:15.392347441,T,KO,I,33,71.24
2025-12-04,9:35:15.392347441,T,KO,I,53,71.24
2025-12-04,9:35:19.367129862,T,KO,F I,10,71.26
2025-12-04,9:35:19.367136052,T,KO,F I,66,71.26
2025-12-04,9:35:19.367139727,T,KO,F I,5,71.26
2025-12-04,9:35:20.636964181,T,KO,F I,12,71.28
2025-12-04,9:35:20.637484418,T,KO,,100,71.27
2025-12-04,9:35:21.849304577,T,KO,F I,10,71.26
2025-12-04,9:35:21.849945094,T,KO,F,100,71.26
2025-12-04,9:35:21.850375218,T,KO,,100,71.26
2025-12-04,9:35:21.850399860,T,KO,I,1,71.26
2025-12-04,9:35:21.851123917,T,KO,I,35,71.27
2025-12-04,9:35:21.851123917,T,KO,I,11,71.27
2025-12-04,9:35:21.926303072,T,KO,,200,71.275
2025-12-04,9:35:30.670778449,T,KO,I,7,71.29
2025-12-04,9:35:32.790827626,T,KO,I,9,71.29
2025-12-04,9:35:37.636971734,T,KO,I,37,71.28
2025-12-04,9:35:37.636974522,T,KO,I,35,71.28
2025-12-04,9:35:37.637305287,T,KO,I,72,71.28
2025-12-04,9:35:37.822420246,T,KO,I,83,71.28
2025-12-04,9:35:38.715836105,T,KO,I,34,71.27
2025-12-04,9:35:41.848517043,T,KO,I,30,71.27
2025-12-04,9:35:41.848688408,T,KO,I,5,71.26
2025-12-04,9:35:41.848694350,T,KO,I,37,71.26
2025-12-04,9:35:41.852260826,T,KO,I,1,71.255
2025-12-04,9:35:44.727231954,T,KO,F I,16,71.26
2025-12-04,9:35:44.727234504,T,KO,F I,11,71.26
2025-12-04,9:35:44.727237093,T,KO,F,134,71.26
2025-12-04,9:35:44.727249089,T,KO,F,187,71.26
2025-12-04,9:35:44.727252160,T,KO,I,1,71.26
2025-12-04,9:35:44.727255138,T,KO,I,12,71.26
2025-12-04,9:35:44.737813289,T,KO,,100,71.27
2025-12-04,9:35:47.421386759,T,KO,,100,71.27
2025-12-04,9:35:49.767800047,T,KO,I,23,71.265
2025-12-04,9:35:49.791117613,T,KO,I,1,71.24
2025-12-04,9:35:49.844239179,T,KO,,100,71.22
2025-12-04,9:35:49.844239179,T,KO,I,81,71.22
2025-12-04,9:35:49.844242062,T,KO,I,25,71.22
2025-12-04,9:35:49.896425442,T,KO,F,100,71.21
2025-12-04,9:35:49.896450427,T,KO,I,1,71.21
2025-12-04,9:35:49.896456026,T,KO,,100,71.21
2025-12-04,9:35:50.001991837,T,KO,I,10,71.21
2025-12-04,9:35:50.002016290,T,KO,I,40,71.21
2025-12-04,9:35:50.002019266,T,KO,I,14,71.21
2025-12-04,9:35:53.625345393,T,KO,F I,16,71.21
2025-12-04,9:35:53.627495457,T,KO,F I,1,71.19
2025-12-04,9:35:57.141887597,T,KO,I,7,71.17
2025-12-04,9:35:57.148518348,T,KO,I,81,71.16
2025-12-04,9:35:57.314044545,T,KO,I,41,71.155
2025-12-04,9:35:58.929164175,T,KO,I,15,71.16
2025-12-04,9:35:58.968825663,T,KO,I,29,71.165
2025-12-04,9:36:02.705787528,T,KO,F I,2,71.17
2025-12-04,9:36:02.705787528,T,KO,F I,50,71.17
2025-12-04,9:36:02.705789847,T,KO,F I,30,71.17
2025-12-04,9:36:02.705792660,T,KO,F I,25,71.17
2025-12-04,9:36:03.955040048,T,KO,F,100,71.2
2025-12-04,9:36:03.955042943,T,KO,F I,17,71.2
2025-12-04,9:36:03.955054921,T,KO,F,100,71.2
2025-12-04,9:36:03.955064133,T,KO,I,1,71.2
2025-12-04,9:36:03.955085451,T,KO,F,100,71.2
2025-12-04,9:36:03.955415963,T,KO,F I,82,71.2
2025-12-04,9:36:09.960727434,T,KO,F I,2,71.22
2025-12-04,9:36:09.973745485,T,KO,I,2,71.22
2025-12-04,9:36:09.973745485,T,KO,I,12,71.22
2025-12-04,9:36:10.382015895,T,KO,I,40,71.21
2025-12-04,9:36:11.771478022,T,KO,,165,71.19
2025-12-04,9:36:21.464935678,T,KO,I,40,71.2
2025-12-04,9:36:21.467362429,T,KO,,200,71.21
2025-12-04,9:36:22.220415995,T,KO,F I,45,71.19
2025-12-04,9:36:22.220418961,T,KO,F,100,71.19
2025-12-04,9:36:24.393165826,T,KO,,100,71.19
2025-12-04,9:36:28.193145223,T,KO,,200,71.195
2025-12-04,9:36:28.193145223,T,KO,I,7,71.195
2025-12-04,9:36:28.194898225,T,KO,F I,45,71.2
2025-12-04,9:36:28.194901272,T,KO,F I,11,71.2
2025-12-04,9:36:28.196212404,T,KO,F,100,71.21
2025-12-04,9:36:28.196212404,T,KO,F I,50,71.21
2025-12-04,9:36:28.196215328,T,KO,F,100,71.21
2025-12-04,9:36:28.196233980,T,KO,I,1,71.21
2025-12-04,9:36:28.196236484,T,KO,F,199,71.21
2025-12-04,9:36:33.312312180,T,KO,I,75,71.22
2025-12-04,9:36:33.312330213,T,KO,F I,25,71.22
2025-12-04,9:36:36.627685346,T,KO,F I,43,71.22
2025-12-04,9:36:38.637484963,T,KO,F,100,71.24
2025-12-04,9:36:38.638044272,T,KO,F I,10,71.24
2025-12-04,9:36:47.772620865,T,KO,,100,71.25
2025-12-04,9:36:47.772623909,T,KO,,100,71.25
2025-12-04,9:36:47.772636212,T,KO,F,126,71.25
2025-12-04,9:36:47.772636212,T,KO,I,1,71.25
2025-12-04,9:36:47.772873472,T,KO,I,34,71.25
2025-12-04,9:36:47.772876776,T,KO,I,11,71.25
2025-12-04,9:36:47.772876776,T,KO,I,7,71.25
2025-12-04,9:36:47.773321493,T,KO,I,7,71.25
2025-12-04,9:36:47.774398108,T,KO,I,30,71.25
2025-12-04,9:36:47.789070115,T,KO,I,84,71.25
2025-12-04,9:36:47.800476273,T,KO,F,100,71.26
2025-12-04,9:36:47.800488241,T,KO,F I,10,71.26
2025-12-04,9:36:47.800495007,T,KO,F I,33,71.26
2025-12-04,9:36:47.800503311,T,KO,I,10,71.26
2025-12-04,9:36:47.801038557,T,KO,F,100,71.26
2025-12-04,9:36:47.801619007,T,KO,I,7,71.25
2025-12-04,9:36:47.801622163,T,KO,,160,71.25
2025-12-04,9:36:47.801624976,T,KO,I,7,71.25
2025-12-04,9:36:47.801624976,T,KO,I,7,71.25
2025-12-04,9:36:47.802779811,T,KO,,100,71.25
2025-12-04,9:36:47.802782777,T,KO,I,10,71.25
2025-12-04,9:36:50.130323039,T,KO,I,10,71.25
2025-12-04,9:36:50.130323039,T,KO,I,60,71.25
2025-12-04,9:36:50.130374237,T,KO,F I,36,71.25
2025-12-04,9:36:50.130599766,T,KO,,100,71.25
2025-12-04,9:36:50.130602790,T,KO,I,36,71.25
2025-12-04,9:36:50.130602790,T,KO,I,36,71.25
2025-12-04,9:36:50.130656846,T,KO,F I,36,71.25
2025-12-04,9:36:50.130659854,T,KO,F,100,71.25
2025-12-04,9:36:50.130659854,T,KO,F,100,71.25
2025-12-04,9:36:50.130662854,T,KO,F I,36,71.25
2025-12-04,9:36:50.130771760,T,KO,I,36,71.25
2025-12-04,9:36:50.130771760,T,KO,,100,71.25
2025-12-04,9:36:50.130774285,T,KO,,100,71.25
2025-12-04,9:36:50.130777596,T,KO,I,36,71.25
2025-12-04,9:36:50.130777596,T,KO,,100,71.25
2025-12-04,9:36:51.994504959,T,KO,F I,36,71.25
2025-12-04,9:36:52.711234935,T,KO,F,160,71.24
2025-12-04,9:36:52.711250039,T,KO,I,1,71.24
2025-12-04,9:36:52.711256851,T,KO,I,99,71.24
2025-12-04,9:36:52.711256851,T,KO,I,1,71.24
2025-12-04,9:36:52.712155464,T,KO,I,36,71.24
2025-12-04,9:36:52.712155464,T,KO,,100,71.24
2025-12-04,9:36:52.712158401,T,KO,I,25,71.24
2025-12-04,9:36:52.712158401,T,KO,I,5,71.24
2025-12-04,9:36:54.141396101,T,KO,,100,71.25
2025-12-04,9:36:54.141399206,T,KO,I,50,71.25
2025-12-04,9:36:54.164746682,T,KO,F I,7,71.255
2025-12-04,9:36:54.164749711,T,KO,F I,36,71.25
2025-12-04,9:36:54.164752947,T,KO,F I,36,71.25
2025-12-04,9:36:54.164752947,T,KO,F I,18,71.25
2025-12-04,9:36:54.164770787,T,KO,F I,7,71.25
2025-12-04,9:36:54.551485879,T,KO,I,36,71.25
2025-12-04,9:37:00.224758763,T,KO,,200,71.25
2025-12-04,9:37:00.319427193,T,KO,F I,73,71.255
2025-12-04,9:37:00.320239846,T,KO,F I,63,71.26
2025-12-04,9:37:00.320239846,T,KO,F I,10,71.26
2025-12-04,9:37:00.320242116,T,KO,F I,27,71.26
2025-12-04,9:37:00.320293293,T,KO,F I,34,71.26
2025-12-04,9:37:00.320305345,T,KO,F,100,71.26
2025-12-04,9:37:00.320308997,T,KO,F I,1,71.26
2025-12-04,9:37:00.320308997,T,KO,F I,2,71.26
2025-12-04,9:37:00.320311337,T,KO,F I,32,71.26
2025-12-04,9:37:00.320314489,T,KO,F I,68,71.26
2025-12-04,9:37:00.320864587,T,KO,I,34,71.26
2025-12-04,9:37:00.320864587,T,KO,I,66,71.26
2025-12-04,9:37:00.320882662,T,KO,I,1,71.26
2025-12-04,9:37:01.311180179,T,KO,I,10,71.255
2025-12-04,9:37:01.472481455,T,KO,,100,71.25
2025-12-04,9:37:01.472481455,T,KO,I,3,71.25
2025-12-04,9:37:01.472505621,T,KO,I,1,71.25
2025-12-04,9:37:01.472505621,T,KO,I,99,71.25
2025-12-04,9:37:01.472508447,T,KO,I,1,71.25
2025-12-04,9:37:01.472523508,T,KO,,100,71.25
2025-12-04,9:37:01.472565538,T,KO,I,99,71.25
2025-12-04,9:37:04.257056387,T,KO,F I,1,71.22
2025-12-04,9:37:04.257155583,T,KO,I,1,71.22
2025-12-04,9:37:04.802008306,T,KO,I,47,71.23
2025-12-04,9:37:04.802011230,T,KO,I,11,71.23
2025-12-04,9:37:08.171307775,T,KO,I,47,71.23
2025-12-04,9:37:12.220067407,T,KO,I,47,71.24
2025-12-04,9:37:12.220067407,T,KO,I,54,71.24
2025-12-04,9:37:12.420521208,T,KO,I,14,71.24
2025-12-04,9:37:14.101350276,T,KO,F I,47,71.23
2025-12-04,9:37:14.101350276,T,KO,F I,50,71.23
2025-12-04,9:37:16.233335036,T,KO,F I,10,71.23
2025-12-04,9:37:16.233350347,T,KO,I,10,71.23
2025-12-04,9:37:29.154878635,T,KO,I,3,71.25
2025-12-04,9:37:31.325932400,T,KO,,100,71.255
2025-12-04,9:37:32.593899450,T,KO,I,7,71.255
2025-12-04,9:37:32.593902294,T,KO,,100,71.255
2025-12-04,9:37:32.593905175,T,KO,I,6,71.25
2025-12-04,9:37:32.593914199,T,KO,I,7,71.25
2025-12-04,9:37:32.593914199,T,KO,,100,71.25
2025-12-04,9:37:32.593917620,T,KO,I,6,71.25
2025-12-04,9:37:32.593917620,T,KO,,113,71.25
2025-12-04,9:37:32.593932443,T,KO,I,1,71.25
2025-12-04,9:37:32.593935242,T,KO,I,9,71.25
2025-12-04,9:37:32.593989453,T,KO,I,90,71.25
2025-12-04,9:37:32.593989453,T,KO,,100,71.25
2025-12-04,9:37:32.616125110,T,KO,I,10,71.255
2025-12-04,9:37:32.616152234,T,KO,I,11,71.255
2025-12-04,9:37:35.053544199,T,KO,F I,4,71.26
2025-12-04,9:37:37.093708269,T,KO,I,43,71.27
2025-12-04,9:37:37.094126328,T,KO,,100,71.27
2025-12-04,9:37:38.454307700,T,KO,F,100,71.26
2025-12-04,9:37:38.454322685,T,KO,I,1,71.26
2025-12-04,9:37:38.454328911,T,KO,I,99,71.26
2025-12-04,9:37:38.454328911,T,KO,I,1,71.26
2025-12-04,9:37:38.454370814,T,KO,,100,71.26
2025-12-04,9:37:38.454590322,T,KO,F I,99,71.26
2025-12-04,9:37:40.970923363,T,KO,I,1,71.26
2025-12-04,9:37:40.970926412,T,KO,I,14,71.26
2025-12-04,9:37:42.694189616,T,KO,I,10,71.26
2025-12-04,9:37:42.694189616,T,KO,,200,71.26
2025-12-04,9:37:42.694622686,T,KO,F,100,71.26
2025-12-04,9:37:42.694640659,T,KO,F I,36,71.26
2025-12-04,9:37:42.694643749,T,KO,I,2,71.26
2025-12-04,9:37:42.694646647,T,KO,I,1,71.26
2025-12-04,9:37:42.846547409,T,KO,I,2,71.26
2025-12-04,9:37:42.846550936,T,KO,I,36,71.26
2025-12-04,9:37:42.846553429,T,KO,I,52,71.26
2025-12-04,9:37:42.846589602,T,KO,I,36,71.26
2025-12-04,9:37:42.846592561,T,KO,,100,71.26
2025-12-04,9:37:43.876909415,T,KO,I,1,71.26
2025-12-04,9:37:43.876909415,T,KO,I,9,71.26
2025-12-04,9:37:43.956042932,T,KO,I,27,71.26
2025-12-04,9:37:45.115424155,T,KO,F I,1,71.26
2025-12-04,9:37:45.395685623,T,KO,,100,71.255
2025-12-04,9:37:46.543276181,T,KO,F,160,71.25
2025-12-04,9:37:46.543278938,T,KO,F,100,71.25
2025-12-04,9:37:46.543278938,T,KO,F I,2,71.25
2025-12-04,9:37:47.839825830,T,KO,F,100,71.25
2025-12-04,9:37:47.839895409,T,KO,F I,41,71.26
2025-12-04,9:37:47.839897896,T,KO,F I,25,71.26
2025-12-04,9:37:47.839901007,T,KO,F I,11,71.26
2025-12-04,9:37:47.840376183,T,KO,F I,83,71.26
2025-12-04,9:37:47.840391173,T,KO,,100,71.26
2025-12-04,9:37:47.840424205,T,KO,I,37,71.26
2025-12-04,9:37:47.840758152,T,KO,F I,63,71.26
2025-12-04,9:37:47.840761063,T,KO,F I,20,71.26
2025-12-04,9:37:47.840839261,T,KO,F I,63,71.26
2025-12-04,9:37:47.840854893,T,KO,F I,17,71.26
2025-12-04,9:37:47.840858167,T,KO,F I,37,71.26
2025-12-04,9:37:47.843822697,T,KO,,100,71.265
2025-12-04,9:37:47.843825972,T,KO,I,37,71.26
2025-12-04,9:37:47.843828305,T,KO,I,55,71.26
2025-12-04,9:37:47.843828305,T,KO,I,25,71.26
2025-12-04,9:37:47.843831380,T,KO,,100,71.26
2025-12-04,9:37:47.843834483,T,KO,,117,71.26
2025-12-04,9:37:47.843846978,T,KO,I,83,71.26
2025-12-04,9:37:47.843903536,T,KO,,100,71.26
2025-12-04,9:37:47.843903536,T,KO,I,37,71.26
2025-12-04,9:37:47.844144267,T,KO,,100,71.26
2025-12-04,9:37:47.844144267,T,KO,,100,71.26
2025-12-04,9:37:47.844147110,T,KO,I,17,71.26
2025-12-04,9:37:47.844808613,T,KO,F I,29,71.26
2025-12-04,9:37:47.849352622,T,KO,F I,8,71.26
2025-12-04,9:37:49.003835175,T,KO,F I,29,71.26
2025-12-04,9:37:49.003838082,T,KO,F I,8,71.26
2025-12-04,9:37:49.003841137,T,KO,F,100,71.26
2025-12-04,9:37:49.003853083,T,KO,I,14,71.26
2025-12-04,9:37:49.003859164,T,KO,I,1,71.26
2025-12-04,9:37:51.143593321,T,KO,F I,11,71.27
2025-12-04,9:37:51.143596249,T,KO,F I,11,71.27
2025-12-04,9:37:51.143611872,T,KO,F I,11,71.27
2025-12-04,9:37:51.143611872,T,KO,F I,11,71.27
2025-12-04,9:37:51.143647442,T,KO,F I,11,71.27
2025-12-04,9:37:51.143842869,T,KO,F I,11,71.27
2025-12-04,9:37:51.144414339,T,KO,I,45,71.27
2025-12-04,9:37:53.423557436,T,KO,I,45,71.27
2025-12-04,9:37:53.423557436,T,KO,I,87,71.27
2025-12-04,9:37:53.423572755,T,KO,F I,13,71.27
2025-12-04,9:37:53.461083791,T,KO,F I,36,71.27
2025-12-04,9:37:53.461173912,T,KO,F,100,71.26
2025-12-04,9:37:53.500215978,T,KO,F,200,71.26
2025-12-04,9:37:53.583330986,T,KO,,100,71.255
2025-12-04,9:37:55.165747946,T,KO,F I,36,71.26
2025-12-04,9:37:55.165747946,T,KO,F I,14,71.26
2025-12-04,9:37:55.436241921,T,KO,I,7,71.27
2025-12-04,9:37:58.453339583,T,KO,I,7,71.28
2025-12-04,9:37:59.816744898,T,KO,,100,71.28
2025-12-04,9:38:01.608595344,T,KO,F I,10,71.28
2025-12-04,9:38:02.481763951,T,KO,F,100,71.29
2025-12-04,9:38:07.005967699,T,KO,F I,3,71.3
2025-12-04,9:38:07.005970172,T,KO,F I,17,71.3
2025-12-04,9:38:07.005982293,T,KO,F I,29,71.3
2025-12-04,9:38:07.005982293,T,KO,F I,30,71.3
2025-12-04,9:38:07.006556890,T,KO,F,100,71.31
2025-12-04,9:38:07.492147097,T,KO,,100,71.32
2025-12-04,9:38:07.492162626,T,KO,I,1,71.32
2025-12-04,9:38:07.492213549,T,KO,I,35,71.32
2025-12-04,9:38:07.492216191,T,KO,,100,71.32
2025-12-04,9:38:07.492219327,T,KO,I,11,71.32
2025-12-04,9:38:07.492922869,T,KO,I,7,71.32
2025-12-04,9:38:07.492929322,T,KO,I,93,71.32
2025-12-04,9:38:07.492929322,T,KO,I,8,71.32
2025-12-04,9:38:07.492932225,T,KO,I,35,71.32
2025-12-04,9:38:07.492934964,T,KO,,100,71.32
2025-12-04,9:38:08.869135529,T,KO,F I,2,71.32
2025-12-04,9:38:08.870828631,T,KO,I,2,71.31
2025-12-04,9:38:09.805671081,T,KO,F I,26,71.31
2025-12-04,9:38:11.676652032,T,KO,F I,10,71.29
2025-12-04,9:38:11.676655105,T,KO,F,120,71.29
2025-12-04,9:38:14.380728258,T,KO,I,14,71.28
2025-12-04,9:38:16.199619223,T,KO,F I,13,71.29
2025-12-04,9:38:26.686663734,T,KO,I,76,71.315
2025-12-04,9:38:26.779570013,T,KO,I,10,71.3
2025-12-04,9:38:26.807557675,T,KO,I,12,71.29
2025-12-04,9:38:26.807582248,T,KO,F,108,71.29
2025-12-04,9:38:26.807584675,T,KO,F,100,71.29
2025-12-04,9:38:26.807587828,T,KO,F I,1,71.29
2025-12-04,9:38:37.168762374,T,KO,I,7,71.3
2025-12-04,9:38:37.168762374,T,KO,I,6,71.3
2025-12-04,9:38:37.168765018,T,KO,I,10,71.3
2025-12-04,9:38:39.521223048,T,KO,I,99,71.3
2025-12-04,9:38:39.521243386,T,KO,I,1,71.3
2025-12-04,9:38:39.521252891,T,KO,F,100,71.3
2025-12-04,9:38:42.477019172,T,KO,I,10,71.31
2025-12-04,9:38:42.547061954,T,KO,I,5,71.32
2025-12-04,9:38:46.107057838,T,KO,F,160,71.32
2025-12-04,9:38:46.107060953,T,KO,F,211,71.32
2025-12-04,9:38:46.107719456,T,KO,,100,71.31
2025-12-04,9:38:46.108898304,T,KO,,100,71.31
2025-12-04,9:38:46.702030948,T,KO,F I,1,71.31
2025-12-04,9:38:47.530729462,T,KO,,100,71.3
2025-12-04,9:38:51.462389406,T,KO,,100,71.305
2025-12-04,9:38:56.308810635,T,KO,F I,17,71.31
2025-12-04,9:38:56.308812989,T,KO,F,180,71.31
2025-12-04,9:38:56.308831055,T,KO,I,1,71.31
2025-12-04,9:38:56.309634134,T,KO,I,36,71.31
2025-12-04,9:38:56.309634134,T,KO,,100,71.31
2025-12-04,9:38:56.309636876,T,KO,I,10,71.31
2025-12-04,9:38:57.345652427,T,KO,F I,10,71.3
2025-12-04,9:38:57.345670577,T,KO,F I,2,71.3
2025-12-04,9:38:57.345673395,T,KO,I,10,71.3
2025-12-04,9:38:57.345763571,T,KO,I,10,71.3
2025-12-04,9:39:00.174892755,T,KO,I,36,71.29
2025-12-04,9:39:00.174974694,T,KO,F I,16,71.3
2025-12-04,9:39:00.174980400,T,KO,F I,2,71.3
2025-12-04,9:39:00.174995181,T,KO,F I,10,71.3
2025-12-04,9:39:00.174997977,T,KO,F I,43,71.3
2025-12-04,9:39:00.594163217,T,KO,I,5,71.3
2025-12-04,9:39:06.513449039,T,KO,F I,5,71.31
2025-12-04,9:39:06.513452026,T,KO,F I,20,71.31
2025-12-04,9:39:06.513473026,T,KO,F I,25,71.31
2025-12-04,9:39:06.513864525,T,KO,F I,20,71.31
2025-12-04,9:39:06.514041445,T,KO,F,154,71.31
2025-12-04,9:39:06.514044465,T,KO,F,196,71.31
2025-12-04,9:39:06.514125635,T,KO,I,4,71.31
2025-12-04,9:39:06.514183838,T,KO,F I,35,71.31
2025-12-04,9:39:06.514187105,T,KO,F I,1,71.31
2025-12-04,9:39:06.514192365,T,KO,F I,32,71.31
2025-12-04,9:39:06.514192365,T,KO,F,200,71.31
2025-12-04,9:39:06.514201073,T,KO,,100,71.315
2025-12-04,9:39:06.514333140,T,KO,I,96,71.315
2025-12-04,9:39:06.514336269,T,KO,I,9,71.315
2025-12-04,9:39:06.514336269,T,KO,,100,71.31
2025-12-04,9:39:06.514582706,T,KO,F I,2,71.31
2025-12-04,9:39:06.515771159,T,KO,F I,35,71.31
2025-12-04,9:39:06.515773882,T,KO,F I,30,71.31
2025-12-04,9:39:06.515776617,T,KO,F I,35,71.31
2025-12-04,9:39:06.515776617,T,KO,F I,10,71.31
2025-12-04,9:39:07.587866215,T,KO,I,30,71.31
2025-12-04,9:39:07.587868839,T,KO,I,35,71.31
2025-12-04,9:39:08.775216954,T,KO,F I,54,71.31
2025-12-04,9:39:08.775219864,T,KO,F I,25,71.31
2025-12-04,9:39:12.623175398,T,KO,I,5,71.31
2025-12-04,9:39:12.623175398,T,KO,I,20,71.31
2025-12-04,9:39:12.623181301,T,KO,,120,71.31
2025-12-04,9:39:12.623181301,T,KO,I,31,71.31
2025-12-04,9:39:16.737445136,T,KO,I,10,71.305
2025-12-04,9:39:18.437670511,T,KO,I,71,71.305
2025-12-04,9:39:18.438085430,T,KO,I,29,71.305
2025-12-04,9:39:20.358886251,T,KO,I,5,71.285
2025-12-04,9:39:20.358886251,T,KO,I,5,71.285
2025-12-04,9:39:20.358889114,T,KO,I,90,71.285
2025-12-04,9:39:21.132243955,T,KO,F I,13,71.29
2025-12-04,9:39:29.518187471,T,KO,I,24,71.3
2025-12-04,9:39:30.141578113,T,KO,I,10,71.3
2025-12-04,9:39:32.930281834,T,KO,I,10,71.3
2025-12-04,9:39:33.012858594,T,KO,F,100,71.29
2025-12-04,9:39:33.012880027,T,KO,I,1,71.29
2025-12-04,9:39:33.012883443,T,KO,I,99,71.29
2025-12-04,9:39:33.012883443,T,KO,I,1,71.29
2025-12-04,9:39:33.012885581,T,KO,I,7,71.29
2025-12-04,9:39:33.012889335,T,KO,I,25,71.29
2025-12-04,9:39:33.012889335,T,KO,I,75,71.29
2025-12-04,9:39:33.382550045,T,KO,I,10,71.29
2025-12-04,9:39:34.233862609,T,KO,,100,71.285
2025-12-04,9:39:37.823048806,T,KO,,100,71.3
2025-12-04,9:39:41.709568220,T,KO,,100,71.31
2025-12-04,9:39:43.239994153,T,KO,F I,2,71.32
2025-12-04,9:39:43.239997446,T,KO,F I,25,71.32
2025-12-04,9:39:43.239997446,T,KO,F I,30,71.32
2025-12-04,9:39:43.244360809,T,KO,F I,48,71.31
2025-12-04,9:39:43.244360809,T,KO,F I,25,71.31
2025-12-04,9:39:43.244366678,T,KO,F,100,71.31
2025-12-04,9:39:43.244366678,T,KO,F I,20,71.31
2025-12-04,9:39:43.244369521,T,KO,F I,2,71.31
2025-12-04,9:39:44.396332173,T,KO,I,10,71.3
2025-12-04,9:39:44.396392343,T,KO,F I,90,71.3
2025-12-04,9:39:45.963746240,T,KO,F I,1,71.31
2025-12-04,9:39:45.963746240,T,KO,F I,47,71.31
2025-12-04,9:39:45.963752216,T,KO,F I,3,71.31
2025-12-04,9:39:45.963776362,T,KO,F I,2,71.31
2025-12-04,9:39:45.965986618,T,KO,I,6,71.32
2025-12-04,9:39:46.680446241,T,KO,F I,6,71.32
2025-12-04,9:39:49.269008271,T,KO,I,3,71.31
2025-12-04,9:39:50.935430105,T,KO,,100,71.29
2025-12-04,9:39:50.935436143,T,KO,F,100,71.29
2025-12-04,9:39:50.936392531,T,KO,I,20,71.28
2025-12-04,9:39:50.936395455,T,KO,I,99,71.28
2025-12-04,9:39:50.936414747,T,KO,I,1,71.28
2025-12-04,9:39:50.937728482,T,KO,F I,35,71.28
2025-12-04,9:39:52.844304633,T,KO,,100,71.28
2025-12-04,9:39:52.844307672,T,KO,I,35,71.28
2025-12-04,9:39:52.844307672,T,KO,I,25,71.28
2025-12-04,9:39:52.846165867,T,KO,F,200,71.28
2025-12-04,9:39:57.562264997,T,KO,,100,71.285
2025-12-04,9:39:58.393616183,T,KO,I,18,71.285
2025-12-04,9:39:58.393616183,T,KO,F I,31,71.28
2025-12-04,9:39:58.393688304,T,KO,,100,71.28
2025-12-04,9:40:00.019188609,T,KO,F I,25,71.27
2025-12-04,9:40:00.019191606,T,KO,F,100,71.27
2025-12-04,9:40:00.019212705,T,KO,I,1,71.27
2025-12-04,9:40:00.019219659,T,KO,F I,99,71.27
2025-12-04,9:40:00.019222139,T,KO,F I,15,71.27
2025-12-04,9:40:00.019225347,T,KO,I,7,71.27
2025-12-04,9:40:00.019225347,T,KO,I,78,71.27
2025-12-04,9:40:00.019227724,T,KO,I,22,71.27
2025-12-04,9:40:00.019239755,T,KO,F I,1,71.27
2025-12-04,9:40:00.019242746,T,KO,I,30,71.27
2025-12-04,9:40:00.019312026,T,KO,I,69,71.27
2025-12-04,9:40:00.019314973,T,KO,I,78,71.27
2025-12-04,9:40:00.020788430,T,KO,F I,36,71.27
2025-12-04,9:40:00.020791512,T,KO,F I,1,71.27
2025-12-04,9:40:00.020791512,T,KO,F I,1,71.27
2025-12-04,9:40:00.150649689,T,KO,F I,22,71.27
2025-12-04,9:40:00.150682825,T,KO,F I,14,71.27
2025-12-04,9:40:05.653584759,T,KO,I,1,71.27
2025-12-04,9:40:06.781472057,T,KO,,100,71.27
2025-12-04,9:40:10.536719761,T,KO,,100,71.265
2025-12-04,9:40:11.202285898,T,KO,,100,71.26
2025-12-04,9:40:16.376859965,T,KO,F I,80,71.28
2025-12-04,9:40:16.376863378,T,KO,F I,40,71.28
2025-12-04,9:40:16.376863378,T,KO,F,100,71.28
2025-12-04,9:40:20.179371347,T,KO,,100,71.28
2025-12-04,9:40:23.560061951,T,KO,I,31,71.27
2025-12-04,9:40:24.120028584,T,KO,I,31,71.28
2025-12-04,9:40:27.131716528,T,KO,I,5,71.29
2025-12-04,9:40:37.174010918,T,KO,,100,71.29
2025-12-04,9:40:37.174025899,T,KO,F I,14,71.29
2025-12-04,9:40:37.174028957,T,KO,I,7,71.29
2025-12-04,9:40:37.174028957,T,KO,I,79,71.29
2025-12-04,9:40:37.414195991,T,KO,F,110,71.29
2025-12-04,9:40:38.091859847,T,KO,I,32,71.27
2025-12-04,9:40:42.744562081,T,KO,I,1,71.26
2025-12-04,9:40:54.176065978,T,KO,I,7,71.26
2025-12-04,9:40:58.349170978,T,KO,I,7,71.26
2025-12-04,9:40:58.357419685,T,KO,F I,7,71.25
2025-12-04,9:41:00.486186612,T,KO,I,25,71.24
2025-12-04,9:41:02.237335370,T,KO,F,100,71.25
2025-12-04,9:41:02.242940669,T,KO,,100,71.255
2025-12-04,9:41:04.053673221,T,KO,F,100,71.27
2025-12-04,9:41:05.264867873,T,KO,F I,60,71.29
2025-12-04,9:41:06.288803575,T,KO,I,70,71.295
2025-12-04,9:41:11.354299343,T,KO,F I,50,71.3
2025-12-04,9:41:11.354299343,T,KO,F I,30,71.3
2025-12-04,9:41:11.354302009,T,KO,F I,16,71.3
2025-12-04,9:41:12.970392915,T,KO,I,21,71.3
2025-12-04,9:41:25.161199253,T,KO,F I,20,71.31
2025-12-04,9:41:25.161199253,T,KO,F I,3,71.31
2025-12-04,9:41:27.842799732,T,KO,I,1,71.32
2025-12-04,9:41:32.006131266,T,KO,I,1,71.315
2025-12-04,9:41:34.984668539,T,KO,,159,71.32
2025-12-04,9:41:34.984668539,T,KO,I,10,71.32
2025-12-04,9:41:35.493546242,T,KO,F I,20,71.33
2025-12-04,9:41:35.493549644,T,KO,F I,10,71.33
2025-12-04,9:41:35.493552097,T,KO,F I,25,71.33
2025-12-04,9:41:39.853510118,T,KO,F I,50,71.33
2025-12-04,9:41:43.685302127,T,KO,I,25,71.32
2025-12-04,9:41:43.685320375,T,KO,F I,25,71.32
2025-12-04,9:41:54.302544884,T,KO,I,5,71.335
2025-12-04,9:41:54.302547983,T,KO,I,5,71.335
2025-12-04,9:41:54.302547983,T,KO,I,18,71.33
2025-12-04,9:41:57.412996998,T,KO,I,5,71.335
2025-12-04,9:41:57.412999982,T,KO,I,5,71.335
2025-12-04,9:41:57.414867393,T,KO,I,1,71.335
2025-12-04,9:41:59.530136053,T,KO,F I,32,71.33
2025-12-04,9:41:59.530139638,T,KO,F,100,71.33
2025-12-04,9:41:59.530141406,T,KO,F I,1,71.33
2025-12-04,9:41:59.530144477,T,KO,F I,10,71.33
2025-12-04,9:41:59.530144477,T,KO,F,100,71.33
2025-12-04,9:42:10.343766890,T,KO,F I,3,71.33
2025-12-04,9:42:10.343773156,T,KO,F,100,71.33
2025-12-04,9:42:14.384144531,T,KO,I,2,71.33
2025-12-04,9:42:19.712002676,T,KO,F I,13,71.32
2025-12-04,9:42:19.712005659,T,KO,F I,36,71.32
2025-12-04,9:42:20.916232666,T,KO,F,100,71.29
2025-12-04,9:42:20.923907187,T,KO,I,25,71.29
2025-12-04,9:42:20.931145972,T,KO,F,100,71.28
2025-12-04,9:42:20.931145972,T,KO,F,100,71.28
2025-12-04,9:42:20.931148384,T,KO,F I,25,71.28
2025-12-04,9:42:20.931151160,T,KO,F I,64,71.28
2025-12-04,9:42:20.961704113,T,KO,F,236,71.28
2025-12-04,9:42:20.961706932,T,KO,F,100,71.28
2025-12-04,9:42:20.961706932,T,KO,F,100,71.28
2025-12-04,9:42:20.969976706,T,KO,F,100,71.29
2025-12-04,9:42:20.969976706,T,KO,F I,7,71.29
2025-12-04,9:42:20.970268521,T,KO,I,1,71.29
2025-12-04,9:42:20.972018511,T,KO,I,30,71.28
2025-12-04,9:42:21.010290668,T,KO,F,100,71.285
2025-12-04,9:42:21.012783613,T,KO,F,100,71.285
2025-12-04,9:42:21.046881933,T,KO,I,30,71.29
2025-12-04,9:42:21.046884896,T,KO,,100,71.29
2025-12-04,9:42:21.048436547,T,KO,F I,34,71.29
2025-12-04,9:42:21.210089547,T,KO,I,43,71.29
2025-12-04,9:42:21.210432726,T,KO,F I,34,71.29
2025-12-04,9:42:21.210432726,T,KO,F I,3,71.29
2025-12-04,9:42:21.210435401,T,KO,F I,25,71.29
2025-12-04,9:42:21.421844871,T,KO,I,7,71.3
2025-12-04,9:42:21.422229782,T,KO,I,7,71.3
2025-12-04,9:42:21.534505325,T,KO,,100,71.295
2025-12-04,9:42:21.720459123,T,KO,I,30,71.3
2025-12-04,9:42:21.755859500,T,KO,I,13,71.3
2025-12-04,9:42:21.755859500,T,KO,I,3,71.3
2025-12-04,9:42:21.755862499,T,KO,I,11,71.3
2025-12-04,9:42:21.810433929,T,KO,I,19,71.3
2025-12-04,9:42:21.810436429,T,KO,I,13,71.3
2025-12-04,9:42:21.810439462,T,KO,I,11,71.3
2025-12-04,9:42:21.810451547,T,KO,I,42,71.3
2025-12-04,9:42:21.810454514,T,KO,I,42,71.3
2025-12-04,9:42:23.005753249,T,KO,I,5,71.3
2025-12-04,9:42:24.221828527,T,KO,,100,71.29
2025-12-04,9:42:24.221831582,T,KO,,100,71.29
2025-12-04,9:42:24.221831582,T,KO,,100,71.29
2025-12-04,9:42:24.221834546,T,KO,I,28,71.29
2025-12-04,9:42:24.221834546,T,KO,I,3,71.29
2025-12-04,9:42:24.242189985,T,KO,I,25,71.29
2025-12-04,9:42:27.285946768,T,KO,F I,7,71.29
2025-12-04,9:42:27.285949185,T,KO,F I,7,71.29
2025-12-04,9:42:33.120456997,T,KO,I,61,71.28
2025-12-04,9:42:41.146471145,T,KO,F I,30,71.275
2025-12-04,9:42:41.146473275,T,KO,F I,30,71.275
2025-12-04,9:42:41.146795077,T,KO,I,30,71.27
2025-12-04,9:42:41.147183408,T,KO,F I,39,71.27
2025-12-04,9:42:41.147183408,T,KO,F I,3,71.27
2025-12-04,9:42:43.148900401,T,KO,I,10,71.275
2025-12-04,9:42:43.743939544,T,KO,I,42,71.28
2025-12-04,9:42:43.743963936,T,KO,F I,58,71.28
2025-12-04,9:42:43.743969734,T,KO,F,100,71.28
2025-12-04,9:42:44.731362322,T,KO,I,10,71.285
2025-12-04,9:42:59.836033593,T,KO,F I,10,71.28
2025-12-04,9:42:59.836033593,T,KO,F I,65,71.28
2025-12-04,9:42:59.836036636,T,KO,F I,39,71.28
2025-12-04,9:42:59.836036636,T,KO,F,100,71.28
2025-12-04,9:42:59.836039558,T,KO,F I,41,71.28
2025-12-04,9:43:00.522544669,T,KO,F I,44,71.26
2025-12-04,9:43:00.522544669,T,KO,F I,10,71.26
2025-12-04,9:43:08.788195686,T,KO,I,1,71.255
2025-12-04,9:43:10.981300804,T,KO,F,200,71.26
2025-12-04,9:43:10.981309757,T,KO,F I,20,71.26
2025-12-04,9:43:10.981315872,T,KO,I,1,71.26
2025-12-04,9:43:17.587927527,T,KO,F I,4,71.26
2025-12-04,9:43:17.587945542,T,KO,I,4,71.26
2025-12-04,9:43:17.588363528,T,KO,I,28,71.26
2025-12-04,9:43:17.588541636,T,KO,I,17,71.26
2025-12-04,9:43:17.588546987,T,KO,,100,71.26
2025-12-04,9:43:17.588546987,T,KO,I,19,71.26
2025-12-04,9:43:17.588565709,T,KO,I,81,71.26
2025-12-04,9:43:17.588568603,T,KO,I,19,71.26
2025-12-04,9:43:17.588571804,T,KO,I,1,71.26
2025-12-04,9:43:17.588571804,T,KO,I,80,71.26
2025-12-04,9:43:17.596618325,T,KO,F I,45,71.26
2025-12-04,9:43:17.596618325,T,KO,F I,28,71.26
2025-12-04,9:43:17.596621218,T,KO,F I,27,71.26
2025-12-04,9:43:17.596642318,T,KO,I,1,71.26
2025-12-04,9:43:17.596651317,T,KO,F I,43,71.26
2025-12-04,9:43:17.597150414,T,KO,F,100,71.26
2025-12-04,9:43:17.597150414,T,KO,F I,28,71.26
2025-12-04,9:43:17.597162828,T,KO,F,100,71.26
2025-12-04,9:43:17.597165738,T,KO,F I,28,71.26
2025-12-04,9:43:17.597180566,T,KO,F I,72,71.26
2025-12-04,9:43:19.187617624,T,KO,I,28,71.26
2025-12-04,9:43:19.187620703,T,KO,I,72,71.26
2025-12-04,9:43:19.187623409,T,KO,,100,71.26
2025-12-04,9:43:23.262902321,T,KO,F I,10,71.27
2025-12-04,9:43:23.262920442,T,KO,I,10,71.27
2025-12-04,9:43:25.480013764,T,KO,,100,71.265
2025-12-04,9:43:25.481718849,T,KO,,100,71.27
2025-12-04,9:43:25.540469767,T,KO,F,100,71.26
2025-12-04,9:43:25.540475877,T,KO,F,100,71.26
2025-12-04,9:43:25.540478813,T,KO,F,100,71.26
2025-12-04,9:43:26.740967986,T,KO,F I,2,71.25
2025-12-04,9:43:40.343850517,T,KO,F,100,71.23
2025-12-04,9:43:40.362125009,T,KO,I,10,71.22
2025-12-04,9:43:40.362125009,T,KO,I,50,71.22
2025-12-04,9:43:41.552437822,T,KO,I,10,71.2
2025-12-04,9:43:41.552437822,T,KO,,100,71.2
2025-12-04,9:43:50.775551239,T,KO,F I,36,71.2
2025-12-04,9:43:50.775554278,T,KO,F,100,71.2
2025-12-04,9:43:52.050100805,T,KO,,100,71.205
2025-12-04,9:43:52.563552748,T,KO,,100,71.23
2025-12-04,9:43:52.563555643,T,KO,,100,71.23
2025-12-04,9:43:52.563570684,T,KO,I,1,71.23
2025-12-04,9:44:00.906557040,T,KO,,180,71.24
2025-12-04,9:44:00.906572103,T,KO,F I,30,71.24
2025-12-04,9:44:00.906581706,T,KO,I,1,71.24
2025-12-04,9:44:00.906581706,T,KO,I,50,71.24
2025-12-04,9:44:00.906584158,T,KO,,119,71.24
2025-12-04,9:44:00.906584158,T,KO,I,61,71.24
2025-12-04,9:44:01.012324933,T,KO,I,10,71.24
2025-12-04,9:44:01.048738554,T,KO,I,44,71.24
2025-12-04,9:44:02.764249353,T,KO,F I,8,71.24
2025-12-04,9:44:02.764252742,T,KO,F I,3,71.24
2025-12-04,9:44:02.764252742,T,KO,F I,44,71.24
2025-12-04,9:44:02.764255334,T,KO,F I,6,71.24
2025-12-04,9:44:04.667864208,T,KO,I,3,71.25
2025-12-04,9:44:04.667867593,T,KO,I,1,71.25
2025-12-04,9:44:04.667867593,T,KO,I,20,71.25
2025-12-04,9:44:04.667873174,T,KO,,100,71.25
2025-12-04,9:44:10.960426115,T,KO,I,7,71.25
2025-12-04,9:44:11.588408592,T,KO,,193,71.25
2025-12-04,9:44:11.934151422,T,KO,F I,20,71.25
2025-12-04,9:44:11.934151422,T,KO,F,107,71.25
2025-12-04,9:44:17.288607504,T,KO,,100,71.24
2025-12-04,9:44:22.146515217,T,KO,I,19,71.235
2025-12-04,9:44:22.767404005,T,KO,F I,20,71.23
2025-12-04,9:44:22.767404005,T,KO,F,100,71.23
2025-12-04,9:44:22.818312235,T,KO,I,38,71.23
2025-12-04,9:44:22.818315847,T,KO,,100,71.23
2025-12-04,9:44:22.818318288,T,KO,I,3,71.23
2025-12-04,9:44:22.818321189,T,KO,I,25,71.23
2025-12-04,9:44:22.818321189,T,KO,,100,71.23
2025-12-04,9:44:27.401515760,T,KO,,100,71.235
2025-12-04,9:44:28.152633034,T,KO,F,100,71.24
2025-12-04,9:44:28.152633034,T,KO,F I,21,71.24
2025-12-04,9:44:28.152635816,T,KO,F I,79,71.24
2025-12-04,9:44:28.774477718,T,KO,I,3,71.25
2025-12-04,9:44:34.731486088,T,KO,F I,38,71.25
2025-12-04,9:44:34.731488368,T,KO,F I,3,71.25
2025-12-04,9:44:39.420498981,T,KO,F I,7,71.25
2025-12-04,9:44:39.420498981,T,KO,F I,1,71.25
2025-12-04,9:44:39.420580183,T,KO,F I,1,71.25
2025-12-04,9:44:42.167346047,T,KO,F,111,71.26
2025-12-04,9:44:42.167361096,T,KO,F I,17,71.26
2025-12-04,9:44:42.167365089,T,KO,I,1,71.26
2025-12-04,9:44:42.169108204,T,KO,I,23,71.26
2025-12-04,9:44:49.837783435,T,KO,I,10,71.265
2025-12-04,9:44:52.279238168,T,KO,F,100,71.27
2025-12-04,9:44:52.279241396,T,KO,F I,11,71.27
2025-12-04,9:44:52.279244177,T,KO,,100,71.27
2025-12-04,9:44:52.279253203,T,KO,I,1,71.27
2025-12-04,9:44:52.279728459,T,KO,F I,88,71.27
2025-12-04,9:44:59.558507002,T,KO,I,12,71.27
2025-12-04,9:44:59.558549065,T,KO,F I,41,71.27
2025-12-04,9:44:59.558552159,T,KO,F I,64,71.27
2025-12-04,9:44:59.558579253,T,KO,I,44,71.27
2025-12-04,9:44:59.558705860,T,KO,,100,71.27
2025-12-04,9:44:59.558705860,T,KO,I,41,71.27
2025-12-04,9:44:59.558708487,T,KO,,100,71.27
2025-12-04,9:44:59.579963173,T,KO,,100,71.28
2025-12-04,9:44:59.580624641,T,KO,I,34,71.28
2025-12-04,9:44:59.580624641,T,KO,,100,71.28
2025-12-04,9:45:01.567760436,T,KO,F I,1,71.27
2025-12-04,9:45:01.567760436,T,KO,F,100,71.27
2025-12-04,9:45:01.567787464,T,KO,I,1,71.27
2025-12-04,9:45:06.188258798,T,KO,F I,20,71.26
2025-12-04,9:45:06.188724979,T,KO,F I,12,71.26
2025-12-04,9:45:07.124610963,T,KO,F,100,71.25
2025-12-04,9:45:07.187692173,T,KO,,100,71.26
2025-12-04,9:45:07.187695671,T,KO,,100,71.26
2025-12-04,9:45:07.187698159,T,KO,I,25,71.26
2025-12-04,9:45:07.188594309,T,KO,F,100,71.27
2025-12-04,9:45:07.188618360,T,KO,F,100,71.27
2025-12-04,9:45:07.926515816,T,KO,I,3,71.28
2025-12-04,9:45:08.382552799,T,KO,I,6,71.28
2025-12-04,9:45:08.382552799,T,KO,,100,71.28
2025-12-04,9:45:08.382557988,T,KO,I,10,71.28
2025-12-04,9:45:17.181959127,T,KO,I,10,71.29
2025-12-04,9:45:17.181962207,T,KO,I,28,71.29
2025-12-04,9:45:17.982790399,T,KO,I,41,71.285
2025-12-04,9:45:20.852492702,T,KO,,200,71.27
2025-12-04,9:45:20.852496410,T,KO,I,11,71.27
2025-12-04,9:45:20.852496410,T,KO,I,25,71.27
2025-12-04,9:45:20.852528696,T,KO,I,1,71.27
2025-12-04,9:45:20.852528696,T,KO,I,7,71.27
2025-12-04,9:45:20.852537286,T,KO,I,72,71.27
2025-12-04,9:45:20.852621535,T,KO,I,80,71.27
2025-12-04,9:45:20.854094964,T,KO,I,11,71.27
2025-12-04,9:45:20.854440757,T,KO,I,80,71.27
2025-12-04,9:45:20.854492622,T,KO,F I,20,71.27
2025-12-04,9:45:20.854492622,T,KO,F I,39,71.27
2025-12-04,9:45:20.854495390,T,KO,F,100,71.27
2025-12-04,9:45:20.854495390,T,KO,F I,3,71.27
2025-12-04,9:45:21.581743878,T,KO,F I,3,71.27
2025-12-04,9:45:21.852478787,T,KO,I,12,71.26
2025-12-04,9:45:21.939334534,T,KO,I,28,71.26
2025-12-04,9:45:27.244810486,T,KO,,100,71.28
2025-12-04,9:45:28.482146419,T,KO,F I,10,71.28
2025-12-04,9:45:29.041298140,T,KO,I,24,71.285
2025-12-04,9:45:30.874148293,T,KO,F I,8,71.29
2025-12-04,9:45:31.257699747,T,KO,F,164,71.29
2025-12-04,9:45:31.257699747,T,KO,F,128,71.29
2025-12-04,9:45:31.257708833,T,KO,I,25,71.295
2025-12-04,9:45:31.488337097,T,KO,I,99,71.3
2025-12-04,9:45:31.488352210,T,KO,I,1,71.3
2025-12-04,9:45:32.509554305,T,KO,,100,71.315
2025-12-04,9:45:36.464868466,T,KO,,100,71.3
2025-12-04,9:45:36.464868466,T,KO,I,25,71.3
2025-12-04,9:45:36.800570237,T,KO,I,5,71.29
2025-12-04,9:45:36.800588329,T,KO,F I,95,71.29
2025-12-04,9:45:36.800588329,T,KO,F I,10,71.29
2025-12-04,9:45:36.800594009,T,KO,F,100,71.29
2025-12-04,9:45:37.595886209,T,KO,I,10,71.28
2025-12-04,9:45:37.595886209,T,KO,,100,71.28
2025-12-04,9:45:37.630002496,T,KO,I,10,71.27
2025-12-04,9:45:38.528500371,T,KO,F,100,71.27
2025-12-04,9:45:38.528515416,T,KO,I,1,71.27
2025-12-04,9:45:38.528518355,T,KO,F I,24,71.27
2025-12-04,9:45:53.259898655,T,KO,F I,90,71.29
2025-12-04,9:45:53.259901745,T,KO,F,100,71.29
2025-12-04,9:45:53.259904732,T,KO,F I,1,71.29
2025-12-04,9:45:58.888376967,T,KO,I,6,71.295
2025-12-04,9:45:58.888376967,T,KO,I,10,71.29
2025-12-04,9:45:58.888379909,T,KO,I,94,71.29
2025-12-04,9:45:58.888391988,T,KO,I,1,71.29
2025-12-04,9:45:58.888398271,T,KO,I,5,71.29
2025-12-04,9:45:58.888401312,T,KO,I,23,71.29
2025-12-04,9:45:58.888401312,T,KO,I,7,71.29
2025-12-04,9:45:58.888410084,T,KO,F I,6,71.29
2025-12-04,9:45:58.888415965,T,KO,F I,6,71.29
2025-12-04,9:45:58.888431094,T,KO,I,58,71.29
2025-12-04,9:45:58.888434041,T,KO,I,12,71.29
2025-12-04,9:45:58.889092867,T,KO,F I,88,71.29
2025-12-04,9:46:00.216171336,T,KO,,100,71.285
2025-12-04,9:46:02.914058725,T,KO,F,215,71.29
2025-12-04,9:46:02.914061730,T,KO,F I,3,71.29
2025-12-04,9:46:02.914494761,T,KO,I,3,71.3
2025-12-04,9:46:02.914497762,T,KO,I,25,71.3
2025-12-04,9:46:03.358529311,T,KO,,100,71.305
2025-12-04,9:46:05.543382935,T,KO,F I,2,71.3
2025-12-04,9:46:07.040703044,T,KO,I,2,71.29
2025-12-04,9:46:07.040721019,T,KO,F I,98,71.29
2025-12-04,9:46:07.040724491,T,KO,F I,25,71.29
2025-12-04,9:46:22.860651629,T,KO,,100,71.295
2025-12-04,9:46:23.972237101,T,KO,I,6,71.295
2025-12-04,9:46:23.972570857,T,KO,I,1,71.295
2025-12-04,9:46:24.821294302,T,KO,F,100,71.29
2025-12-04,9:46:25.095264751,T,KO,,100,71.275
2025-12-04,9:46:27.229453693,T,KO,I,10,71.275
2025-12-04,9:46:28.238906916,T,KO,,100,71.275
2025-12-04,9:46:28.596657045,T,KO,F I,69,71.27
2025-12-04,9:46:28.596660384,T,KO,F,100,71.27
2025-12-04,9:46:28.596663294,T,KO,F I,10,71.27
2025-12-04,9:46:28.596663294,T,KO,F,100,71.27
2025-12-04,9:46:28.596666098,T,KO,F I,3,71.27
2025-12-04,9:46:28.596666098,T,KO,F I,72,71.27
2025-12-04,9:46:28.596677993,T,KO,I,7,71.27
2025-12-04,9:46:28.596681165,T,KO,I,21,71.27
2025-12-04,9:46:31.996385966,T,KO,,100,71.275
2025-12-04,9:46:33.524896369,T,KO,,100,71.275
2025-12-04,9:46:33.751363000,T,KO,,100,71.28
2025-12-04,9:46:33.751365720,T,KO,I,25,71.28
2025-12-04,9:46:41.031720104,T,KO,F I,69,71.29
2025-12-04,9:46:41.838764165,T,KO,F I,10,71.29
2025-12-04,9:46:42.253677365,T,KO,I,3,71.295
2025-12-04,9:46:42.552394149,T,KO,I,3,71.3
2025-12-04,9:46:45.872228618,T,KO,F,100,71.31
2025-12-04,9:46:45.872234797,T,KO,F,180,71.31
2025-12-04,9:46:45.872238076,T,KO,F,291,71.31
2025-12-04,9:46:45.872240974,T,KO,F,300,71.31
2025-12-04,9:46:45.872240974,T,KO,F,100,71.31
2025-12-04,9:46:45.872243911,T,KO,I,1,71.31
2025-12-04,9:46:45.872256263,T,KO,F,258,71.31
2025-12-04,9:46:45.872911208,T,KO,I,2,71.31
2025-12-04,9:46:51.175428126,T,KO,,100,71.305
2025-12-04,9:46:52.585549342,T,KO,I,1,71.31
2025-12-04,9:46:52.585568072,T,KO,F I,1,71.31
2025-12-04,9:46:55.123939963,T,KO,F I,3,71.31
2025-12-04,9:46:55.123939963,T,KO,F I,25,71.31
2025-12-04,9:46:55.123943031,T,KO,F,100,71.31
2025-12-04,9:46:59.680689624,T,KO,F I,3,71.31
2025-12-04,9:46:59.680689624,T,KO,F I,10,71.31
2025-12-04,9:47:02.641631669,T,KO,I,2,71.31
2025-12-04,9:47:04.407088991,T,KO,F,120,71.3
2025-12-04,9:47:04.407091488,T,KO,F I,10,71.3
2025-12-04,9:47:04.407095293,T,KO,F,100,71.3
2025-12-04,9:47:04.407095293,T,KO,F I,1,71.3
2025-12-04,9:47:04.407103333,T,KO,I,1,71.3
2025-12-04,9:47:04.407106488,T,KO,I,7,71.3
2025-12-04,9:47:04.407109360,T,KO,I,92,71.3
2025-12-04,9:47:04.515843098,T,KO,I,66,71.29
2025-12-04,9:47:04.515845411,T,KO,,100,71.29
2025-12-04,9:47:05.489257752,T,KO,F I,21,71.29
2025-12-04,9:47:06.053756161,T,KO,F I,1,71.3
2025-12-04,9:47:10.421162868,T,KO,F I,1,71.32
2025-12-04,9:47:10.421168898,T,KO,F I,60,71.32
2025-12-04,9:47:10.421168898,T,KO,F I,1,71.32
2025-12-04,9:47:18.260202801,T,KO,,100,71.335
2025-12-04,9:47:18.502168069,T,KO,,100,71.335
2025-12-04,9:47:18.853816670,T,KO,I,11,71.335
2025-12-04,9:47:18.854219619,T,KO,I,89,71.335
2025-12-04,9:47:20.145131341,T,KO,F I,10,71.33
2025-12-04,9:47:20.145134129,T,KO,F,200,71.33
2025-12-04,9:47:20.145137122,T,KO,F I,78,71.33
2025-12-04,9:47:24.483542669,T,KO,F,100,71.32
2025-12-04,9:47:24.483546255,T,KO,F,100,71.32
2025-12-04,9:47:25.205529375,T,KO,F,120,71.31
2025-12-04,9:47:25.205532198,T,KO,F,100,71.31
2025-12-04,9:47:32.818211147,T,KO,I,56,71.325
2025-12-04,9:47:32.818629106,T,KO,I,44,71.325
2025-12-04,9:47:33.367078634,T,KO,I,7,71.32
2025-12-04,9:47:33.367096292,T,KO,F I,3,71.32
2025-12-04,9:47:33.367099601,T,KO,F,100,71.32
2025-12-04,9:47:33.367103290,T,KO,F I,3,71.32
2025-12-04,9:47:33.367103290,T,KO,F I,25,71.32
2025-12-04,9:47:33.367120821,T,KO,I,7,71.32
2025-12-04,9:47:33.367120821,T,KO,I,1,71.32
2025-12-04,9:47:33.367145019,T,KO,,100,71.325
2025-12-04,9:47:34.215522000,T,KO,F,160,71.31
2025-12-04,9:47:34.215525066,T,KO,F,100,71.31
2025-12-04,9:47:34.215525066,T,KO,F,100,71.31
2025-12-04,9:47:34.215528055,T,KO,F,100,71.31
2025-12-04,9:47:34.608687474,T,KO,,120,71.3
2025-12-04,9:47:34.608687474,T,KO,,100,71.3
2025-12-04,9:47:35.398166844,T,KO,,120,71.3
2025-12-04,9:47:39.839429649,T,KO,I,73,71.29
2025-12-04,9:47:39.839432318,T,KO,,100,71.29
2025-12-04,9:47:39.903027755,T,KO,I,5,71.28
2025-12-04,9:47:39.903049077,T,KO,F I,35,71.28
2025-12-04,9:47:39.903051750,T,KO,F,100,71.28
2025-12-04,9:47:39.903051750,T,KO,F,100,71.28
2025-12-04,9:47:39.908383452,T,KO,,100,71.275
2025-12-04,9:47:40.908984043,T,KO,,100,71.27
2025-12-04,9:47:40.908984043,T,KO,,100,71.27
2025-12-04,9:47:41.111756602,T,KO,,100,71.265
2025-12-04,9:47:42.824581926,T,KO,I,10,71.27
2025-12-04,9:47:42.824584948,T,KO,I,88,71.27
2025-12-04,9:47:42.824603088,T,KO,I,7,71.27
2025-12-04,9:47:42.824606561,T,KO,I,1,71.27
2025-12-04,9:47:42.824606561,T,KO,F I,4,71.27
2025-12-04,9:47:45.419080120,T,KO,F,100,71.27
2025-12-04,9:47:47.713346291,T,KO,F I,90,71.27
2025-12-04,9:47:47.713367932,T,KO,I,1,71.27
2025-12-04,9:47:47.714997275,T,KO,I,55,71.27
2025-12-04,9:47:47.714997275,T,KO,I,12,71.27
2025-12-04,9:47:54.141338879,T,KO,F I,40,71.26
2025-12-04,9:47:54.141338879,T,KO,F I,10,71.26
2025-12-04,9:47:54.141344606,T,KO,F I,10,71.26
2025-12-04,9:47:54.141344606,T,KO,F I,64,71.26
2025-12-04,9:47:54.141360169,T,KO,F I,36,71.26
2025-12-04,9:47:54.141362688,T,KO,F I,67,71.26
2025-12-04,9:47:54.145187725,T,KO,I,54,71.255
2025-12-04,9:47:54.307219628,T,KO,,100,71.255
2025-12-04,9:47:55.657306336,T,KO,F I,15,71.26
2025-12-04,9:47:55.657310435,T,KO,F I,55,71.26
2025-12-04,9:47:55.657310435,T,KO,F I,12,71.26
2025-12-04,9:47:55.657312346,T,KO,F I,50,71.26
2025-12-04,9:47:56.613066380,T,KO,,167,71.28
2025-12-04,9:47:57.818147508,T,KO,I,59,71.27
2025-12-04,9:47:57.818162595,T,KO,F I,41,71.27
2025-12-04,9:47:57.819007528,T,KO,,100,71.27
2025-12-04,9:47:57.819010563,T,KO,I,25,71.27
2025-12-04,9:47:57.819014168,T,KO,I,46,71.27
2025-12-04,9:47:57.819082805,T,KO,I,1,71.27
2025-12-04,9:47:57.819182012,T,KO,,100,71.27
2025-12-04,9:48:00.570434504,T,KO,F I,10,71.26
2025-12-04,9:48:00.822645177,T,KO,F I,1,71.25
2025-12-04,9:48:03.039149175,T,KO,,159,71.25
2025-12-04,9:48:03.039149175,T,KO,I,26,71.25
2025-12-04,9:48:09.339788173,T,KO,,100,71.25
2025-12-04,9:48:11.033665459,T,KO,F,160,71.24
2025-12-04,9:48:15.904026062,T,KO,F I,10,71.22
2025-12-04,9:48:20.105503569,T,KO,F I,32,71.19
2025-12-04,9:48:20.626250758,T,KO,,100,71.18
2025-12-04,9:48:20.626250758,T,KO,,100,71.18
2025-12-04,9:48:21.192610707,T,KO,I,5,71.18
2025-12-04,9:48:21.192628696,T,KO,F I,2,71.18
2025-12-04,9:48:26.038574185,T,KO,I,33,71.21
2025-12-04,9:48:26.038832807,T,KO,,100,71.21
2025-12-04,9:48:26.823687092,T,KO,,100,71.2
2025-12-04,9:48:26.823687092,T,KO,I,99,71.2
2025-12-04,9:48:26.823709046,T,KO,I,1,71.2
2025-12-04,9:48:26.823709046,T,KO,I,7,71.2
2025-12-04,9:48:26.823714139,T,KO,I,18,71.2
2025-12-04,9:48:26.823714139,T,KO,I,82,71.2
2025-12-04,9:48:26.823717158,T,KO,F I,26,71.2
2025-12-04,9:48:30.314226342,T,KO,,100,71.2
2025-12-04,9:48:36.496792084,T,KO,,100,71.19
2025-12-04,9:48:48.747798748,T,KO,,100,71.195
2025-12-04,9:48:57.422381669,T,KO,,100,71.205
2025-12-04,9:48:57.422691503,T,KO,F I,25,71.21
2025-12-04,9:48:59.821862604,T,KO,I,27,71.225
2025-12-04,9:48:59.821865493,T,KO,I,73,71.225
2025-12-04,9:49:01.068935508,T,KO,F I,1,71.225
2025-12-04,9:49:01.068944673,T,KO,F I,1,71.225
2025-12-04,9:49:01.068951120,T,KO,I,1,71.225
2025-12-04,9:49:01.069870836,T,KO,F I,1,71.23
2025-12-04,9:49:02.006770143,T,KO,I,6,71.235
2025-12-04,9:49:03.026694270,T,KO,F I,10,71.23
2025-12-04,9:49:03.026694270,T,KO,F I,1,71.23
2025-12-04,9:49:03.027106317,T,KO,,100,71.22
2025-12-04,9:49:03.027127783,T,KO,I,1,71.22
2025-12-04,9:49:03.027133309,T,KO,I,99,71.22
2025-12-04,9:49:03.063718521,T,KO,,100,71.215
2025-12-04,9:49:04.674688305,T,KO,F I,11,71.21
2025-12-04,9:49:14.220891126,T,KO,F,120,71.19
2025-12-04,9:49:21.520172631,T,KO,F I,21,71.19
2025-12-04,9:49:21.522012921,T,KO,I,79,71.19
2025-12-04,9:49:21.522012921,T,KO,I,21,71.19
2025-12-04,9:49:21.522034067,T,KO,I,1,71.19
2025-12-04,9:49:27.952844186,T,KO,I,18,71.195
2025-12-04,9:49:27.953244066,T,KO,I,82,71.195
2025-12-04,9:49:27.953247146,T,KO,I,18,71.195
2025-12-04,9:49:29.412490567,T,KO,,100,71.195
2025-12-04,9:49:29.742072471,T,KO,,100,71.195
2025-12-04,9:49:33.889526374,T,KO,,100,71.195
2025-12-04,9:49:33.890513166,T,KO,F,100,71.19
2025-12-04,9:49:33.890513166,T,KO,F,100,71.19
2025-12-04,9:49:33.890515670,T,KO,F I,10,71.19
2025-12-04,9:49:35.332218335,T,KO,F I,1,71.18
2025-12-04,9:49:35.332236398,T,KO,F I,99,71.18
2025-12-04,9:49:35.332236398,T,KO,F,100,71.18
2025-12-04,9:49:40.526742006,T,KO,F I,7,71.18
2025-12-04,9:49:40.526748608,T,KO,F,100,71.18
2025-12-04,9:49:40.526748608,T,KO,F I,25,71.18
2025-12-04,9:49:40.526751094,T,KO,F I,29,71.18
2025-12-04,9:49:42.620069621,T,KO,,100,71.185
2025-12-04,9:49:42.620559765,T,KO,,100,71.185
2025-12-04,9:49:42.620562840,T,KO,I,5,71.185
2025-12-04,9:49:44.208061662,T,KO,F,133,71.17
2025-12-04,9:49:44.209640457,T,KO,F I,28,71.16
2025-12-04,9:49:44.236392179,T,KO,I,3,71.16
2025-12-04,9:49:44.236395089,T,KO,,200,71.16
2025-12-04,9:49:44.236398123,T,KO,,100,71.16
2025-12-04,9:49:46.046463405,T,KO,I,3,71.18
2025-12-04,9:49:46.046466673,T,KO,I,25,71.18
2025-12-04,9:49:46.046469584,T,KO,,100,71.18
2025-12-04,9:49:46.046469584,T,KO,,100,71.18
2025-12-04,9:49:46.046487382,T,KO,,130,71.18
2025-12-04,9:49:46.048132400,T,KO,F,100,71.18
2025-12-04,9:49:46.048132400,T,KO,F I,8,71.18
2025-12-04,9:49:57.246641835,T,KO,F I,10,71.18
2025-12-04,9:49:57.246641835,T,KO,F I,25,71.18
2025-12-04,9:49:57.246644319,T,KO,F,100,71.18
2025-12-04,9:49:57.246647226,T,KO,F I,13,71.18
2025-12-04,9:49:57.246647226,T,KO,F I,87,71.18
2025-12-04,9:49:58.868069833,T,KO,I,60,71.15
2025-12-04,9:49:58.969955513,T,KO,F,100,71.14
2025-12-04,9:49:58.969955513,T,KO,F,100,71.14
2025-12-04,9:50:00.045187419,T,KO,,100,71.135
2025-12-04,9:50:00.045217525,T,KO,,100,71.135
2025-12-04,9:50:00.587198985,T,KO,,100,71.13
2025-12-04,9:50:00.587201318,T,KO,,406,71.13
2025-12-04,9:50:02.082677971,T,KO,F,345,71.13
2025-12-04,9:50:02.082681032,T,KO,F I,1,71.13
2025-12-04,9:50:07.798884076,T,KO,F,100,71.13
2025-12-04,9:50:07.798887171,T,KO,F,345,71.13
2025-12-04,9:50:07.798887171,T,KO,F I,25,71.13
2025-12-04,9:50:07.799918661,T,KO,,100,71.14
2025-12-04,9:50:14.935799934,T,KO,F I,10,71.16
2025-12-04,9:50:14.935802943,T,KO,F I,10,71.16
2025-12-04,9:50:14.935802943,T,KO,F,100,71.16
2025-12-04,9:50:31.483123917,T,KO,F,100,71.17
2025-12-04,9:50:31.483123917,T,KO,F,100,71.17
2025-12-04,9:50:34.798865821,T,KO,I,10,71.16
2025-12-04,9:50:34.798868886,T,KO,I,34,71.16
2025-12-04,9:50:35.471829692,T,KO,F I,30,71.15
2025-12-04,9:50:35.471832697,T,KO,F,100,71.15
2025-12-04,9:50:35.998561113,T,KO,,100,71.14
2025-12-04,9:50:35.998582169,T,KO,I,7,71.14
2025-12-04,9:50:35.998585671,T,KO,I,1,71.14
2025-12-04,9:50:35.998588291,T,KO,,100,71.14
2025-12-04,9:50:35.998591175,T,KO,,100,71.14
2025-12-04,9:50:35.998591175,T,KO,,192,71.14
2025-12-04,9:50:49.644313712,T,KO,I,7,71.15
2025-12-04,9:50:49.644316719,T,KO,I,7,71.15
2025-12-04,9:50:56.409102253,T,KO,F I,10,71.14
2025-12-04,9:50:56.409105322,T,KO,F I,33,71.14
2025-12-04,9:50:59.911925714,T,KO,I,28,71.135
2025-12-04,9:51:05.832209986,T,KO,I,1,71.14
2025-12-04,9:51:05.832230967,T,KO,F I,1,71.14
2025-12-04,9:51:08.712229035,T,KO,F,100,71.14
2025-12-04,9:51:10.006980786,T,KO,I,5,71.145
2025-12-04,9:51:14.150792956,T,KO,F I,16,71.15
2025-12-04,9:51:14.150795911,T,KO,F I,5,71.15
2025-12-04,9:51:19.873244917,T,KO,F I,10,71.17
2025-12-04,9:51:19.873247934,T,KO,F I,9,71.17
2025-12-04,9:51:19.873250965,T,KO,F I,25,71.17
2025-12-04,9:51:19.873253859,T,KO,F I,6,71.17
2025-12-04,9:51:27.381045899,T,KO,I,10,71.16
2025-12-04,9:51:27.381049242,T,KO,,100,71.16
2025-12-04,9:51:27.381049242,T,KO,,100,71.16
2025-12-04,9:51:27.381051944,T,KO,I,90,71.16
2025-12-04,9:51:27.381061005,T,KO,I,7,71.16
2025-12-04,9:51:27.381063979,T,KO,I,3,71.16
2025-12-04,9:51:27.381066900,T,KO,I,1,71.16
2025-12-04,9:51:28.224257148,T,KO,F,100,71.15
2025-12-04,9:51:28.224260199,T,KO,F I,1,71.15
2025-12-04,9:51:28.224272221,T,KO,F I,9,71.15
2025-12-04,9:51:36.658504646,T,KO,F,100,71.16
2025-12-04,9:51:36.658504646,T,KO,F,116,71.16
2025-12-04,9:51:38.078249113,T,KO,F I,1,71.17
2025-12-04,9:51:38.078252108,T,KO,F,100,71.17
2025-12-04,9:51:38.702280969,T,KO,F,100,71.175
2025-12-04,9:51:38.702286689,T,KO,F,200,71.18
2025-12-04,9:51:38.702286689,T,KO,F I,4,71.18
2025-12-04,9:51:38.702289958,T,KO,F I,25,71.18
2025-12-04,9:51:38.702298513,T,KO,I,1,71.18
2025-12-04,9:51:38.702325335,T,KO,F I,74,71.18
2025-12-04,9:51:38.702671225,T,KO,,100,71.18
2025-12-04,9:51:38.704057492,T,KO,F,300,71.19
2025-12-04,9:51:38.704060774,T,KO,F I,2,71.19
2025-12-04,9:51:38.704060774,T,KO,F,100,71.19
2025-12-04,9:51:38.704060774,T,KO,F I,16,71.19
2025-12-04,9:51:38.704064519,T,KO,F I,36,71.19
2025-12-04,9:51:38.704064519,T,KO,F I,2,71.19
2025-12-04,9:51:38.704066664,T,KO,F I,25,71.19
2025-12-04,9:51:38.713908953,T,KO,F,181,71.195
2025-12-04,9:51:38.717731050,T,KO,F I,14,71.2
2025-12-04,9:51:38.717734044,T,KO,F,300,71.2
2025-12-04,9:51:38.834667630,T,KO,,100,71.205
2025-12-04,9:51:38.835551638,T,KO,F I,46,71.2
2025-12-04,9:51:38.835551638,T,KO,F I,25,71.2
2025-12-04,9:51:39.062926239,T,KO,F,429,71.2
2025-12-04,9:51:39.062929607,T,KO,F,100,71.2
2025-12-04,9:51:39.062932277,T,KO,F I,46,71.2
2025-12-04,9:51:39.062932277,T,KO,F I,71,71.2
2025-12-04,9:51:41.032785797,T,KO,,200,71.22
2025-12-04,9:51:41.553178180,T,KO,F I,10,71.22
2025-12-04,9:51:41.554919266,T,KO,F I,47,71.22
2025-12-04,9:51:41.554919266,T,KO,F I,20,71.22
2025-12-04,9:51:41.735959794,T,KO,F I,25,71.2
2025-12-04,9:51:41.735959794,T,KO,F,100,71.2
2025-12-04,9:51:41.736065870,T,KO,F,100,71.19
2025-12-04,9:51:41.736065870,T,KO,F I,25,71.19
2025-12-04,9:51:41.736067746,T,KO,F,100,71.19
2025-12-04,9:51:41.736317665,T,KO,F,100,71.18
2025-12-04,9:51:41.736317665,T,KO,F I,47,71.18
2025-12-04,9:51:41.736332742,T,KO,F I,53,71.18
2025-12-04,9:51:41.736335331,T,KO,F I,3,71.18
2025-12-04,9:51:41.736338673,T,KO,F I,44,71.18
2025-12-04,9:51:41.736338673,T,KO,F,250,71.18
2025-12-04,9:51:41.736356437,T,KO,F I,6,71.18
2025-12-04,9:51:41.736356437,T,KO,F,100,71.18
2025-12-04,9:51:41.736816608,T,KO,F,100,71.18
2025-12-04,9:51:41.736819572,T,KO,F,100,71.18
2025-12-04,9:51:41.736822553,T,KO,F,100,71.18
2025-12-04,9:51:41.737402995,T,KO,F,100,71.18
2025-12-04,9:51:41.739905120,T,KO,I,47,71.18
2025-12-04,9:51:41.739905120,T,KO,I,53,71.18
2025-12-04,9:51:41.739935041,T,KO,I,47,71.18
2025-12-04,9:51:41.741766916,T,KO,,100,71.18
2025-12-04,9:51:41.741766916,T,KO,I,53,71.18
2025-12-04,9:51:41.741769464,T,KO,I,5,71.18
2025-12-04,9:51:41.742055062,T,KO,F I,42,71.18
2025-12-04,9:51:42.263256416,T,KO,F,200,71.17
2025-12-04,9:51:42.278090741,T,KO,I,2,71.16
2025-12-04,9:51:42.278529705,T,KO,I,47,71.16
2025-12-04,9:51:42.278529705,T,KO,I,20,71.16
2025-12-04,9:51:42.278803370,T,KO,,225,71.16
2025-12-04,9:51:42.278866477,T,KO,,225,71.16
2025-12-04,9:51:42.278872895,T,KO,F I,15,71.16
2025-12-04,9:51:42.279425893,T,KO,F I,47,71.17
2025-12-04,9:51:42.280424208,T,KO,I,88,71.16
2025-12-04,9:51:42.280445301,T,KO,I,1,71.16
2025-12-04,9:51:42.280448259,T,KO,I,7,71.16
2025-12-04,9:51:42.280451319,T,KO,F I,4,71.16
2025-12-04,9:51:42.280457861,T,KO,F I,47,71.16
2025-12-04,9:51:42.280457861,T,KO,F,100,71.16
2025-12-04,9:51:42.564219156,T,KO,F I,47,71.16
2025-12-04,9:51:42.564219156,T,KO,F I,25,71.16
2025-12-04,9:51:43.568088450,T,KO,I,5,71.17
2025-12-04,9:51:43.568677449,T,KO,F I,17,71.17
2025-12-04,9:51:49.350881723,T,KO,,100,71.19
2025-12-04,9:51:52.368920581,T,KO,F I,10,71.19
2025-12-04,9:52:00.609753586,T,KO,F,100,71.18
2025-12-04,9:52:00.609756669,T,KO,F I,35,71.18
2025-12-04,9:52:00.609759789,T,KO,F,100,71.18
2025-12-04,9:52:02.582518085,T,KO,F I,8,71.18
2025-12-04,9:52:07.166335005,T,KO,F I,10,71.19
2025-12-04,9:52:07.166335005,T,KO,F I,13,71.19
2025-12-04,9:52:07.275567185,T,KO,F,115,71.2
2025-12-04,9:52:07.275567185,T,KO,F I,30,71.2
2025-12-04,9:52:07.276902788,T,KO,F I,21,71.2
2025-12-04,9:52:07.276902788,T,KO,F I,45,71.2
2025-12-04,9:52:10.235571093,T,KO,F I,45,71.2
2025-12-04,9:52:16.601336184,T,KO,F,100,71.2
2025-12-04,9:52:16.601354777,T,KO,I,1,71.2
2025-12-04,9:52:16.601358271,T,KO,I,7,71.2
2025-12-04,9:52:16.601360133,T,KO,F,200,71.2
2025-12-04,9:52:16.601363154,T,KO,F I,25,71.2
2025-12-04,9:52:16.602421720,T,KO,F,100,71.2
2025-12-04,9:52:16.602424750,T,KO,F I,25,71.2
2025-12-04,9:52:32.492142296,T,KO,,100,71.235
2025-12-04,9:52:33.170341569,T,KO,F I,1,71.23
2025-12-04,9:52:33.170341569,T,KO,F I,10,71.23
2025-12-04,9:52:33.171280394,T,KO,F I,21,71.23
2025-12-04,9:52:33.171282842,T,KO,F,100,71.23
2025-12-04,9:52:34.463586756,T,KO,I,21,71.23
2025-12-04,9:52:34.463590056,T,KO,,100,71.23
2025-12-04,9:52:34.463590056,T,KO,,400,71.23
2025-12-04,9:52:34.463593235,T,KO,I,10,71.23
2025-12-04,9:52:35.177607121,T,KO,,100,71.22
2025-12-04,9:52:35.177628166,T,KO,,100,71.22
2025-12-04,9:52:41.856219448,T,KO,I,4,71.2
2025-12-04,9:52:41.856219448,T,KO,I,25,71.2
2025-12-04,9:52:48.122354674,T,KO,I,1,71.195
2025-12-04,9:52:48.132052971,T,KO,F I,10,71.19
2025-12-04,9:52:48.132055363,T,KO,F,100,71.19
2025-12-04,9:52:52.667703598,T,KO,F I,1,71.19
2025-12-04,9:52:52.708047776,T,KO,I,10,71.2
2025-12-04,9:52:59.588118869,T,KO,F I,10,71.2
2025-12-04,9:52:59.588118869,T,KO,F,200,71.2
2025-12-04,9:53:01.206723735,T,KO,F,100,71.19
2025-12-04,9:53:01.206741796,T,KO,I,7,71.19
2025-12-04,9:53:01.206744769,T,KO,I,1,71.19
2025-12-04,9:53:01.206744769,T,KO,I,17,71.19
2025-12-04,9:53:01.206747867,T,KO,I,2,71.19
2025-12-04,9:53:01.415089973,T,KO,,100,71.185
2025-12-04,9:53:11.378813255,T,KO,F,100,71.18
2025-12-04,9:53:11.378822288,T,KO,I,7,71.18
2025-12-04,9:53:11.378826323,T,KO,I,1,71.18
2025-12-04,9:53:11.378826323,T,KO,I,2,71.18
2025-12-04,9:53:11.378831444,T,KO,I,10,71.18
2025-12-04,9:53:11.378831444,T,KO,I,69,71.18
2025-12-04,9:53:11.378831444,T,KO,F I,31,71.18
2025-12-04,9:53:11.378834344,T,KO,F I,89,71.18
2025-12-04,9:53:11.384024617,T,KO,I,38,71.18
2025-12-04,9:53:12.417474965,T,KO,F I,25,71.19
2025-12-04,9:53:12.424845566,T,KO,I,38,71.19
2025-12-04,9:53:12.424848916,T,KO,,100,71.19
2025-12-04,9:53:12.424848916,T,KO,I,38,71.19
2025-12-04,9:53:14.852241859,T,KO,F I,83,71.185
2025-12-04,9:53:14.852542610,T,KO,F I,35,71.19
2025-12-04,9:53:14.852545832,T,KO,F I,38,71.19
2025-12-04,9:53:14.852549326,T,KO,F I,5,71.19
2025-12-04,9:53:14.852549326,T,KO,F I,5,71.19
2025-12-04,9:53:14.930137151,T,KO,I,39,71.19
2025-12-04,9:53:14.930139426,T,KO,,100,71.19
2025-12-04,9:53:18.528037610,T,KO,,100,71.18
2025-12-04,9:53:18.528040368,T,KO,,100,71.18
2025-12-04,9:53:18.528043500,T,KO,,100,71.18
2025-12-04,9:53:21.597089876,T,KO,F I,39,71.18
2025-12-04,9:53:24.376618714,T,KO,I,10,71.185
2025-12-04,9:53:25.761043970,T,KO,F I,7,71.2
2025-12-04,9:53:25.761043970,T,KO,F I,10,71.2
2025-12-04,9:53:25.761068014,T,KO,I,17,71.2
2025-12-04,9:53:26.021422108,T,KO,,123,71.2
2025-12-04,9:53:26.021422108,T,KO,I,20,71.2
2025-12-04,9:53:30.303344248,T,KO,F,100,71.2
2025-12-04,9:53:30.303347122,T,KO,F,100,71.2
2025-12-04,9:53:30.303362716,T,KO,F,100,71.2
2025-12-04,9:53:34.074304303,T,KO,F,100,71.18
2025-12-04,9:53:37.200552893,T,KO,F I,98,71.18
2025-12-04,9:53:37.200565452,T,KO,F,103,71.18
2025-12-04,9:53:37.200567955,T,KO,F,199,71.18
2025-12-04,9:53:37.200570955,T,KO,F,387,71.18
2025-12-04,9:53:37.228736256,T,KO,,100,71.18
2025-12-04,9:53:37.228736256,T,KO,I,21,71.18
2025-12-04,9:53:37.228739011,T,KO,I,45,71.18
2025-12-04,9:53:37.228742701,T,KO,,100,71.18
2025-12-04,9:53:37.228742701,T,KO,,100,71.18
2025-12-04,9:53:37.228744988,T,KO,I,10,71.18
2025-12-04,9:53:37.229789405,T,KO,F,100,71.175
2025-12-04,9:53:37.229792197,T,KO,F,302,71.18
2025-12-04,9:53:37.229797588,T,KO,F,180,71.18
2025-12-04,9:53:37.229797588,T,KO,F I,45,71.18
2025-12-04,9:53:37.229797588,T,KO,F,100,71.18
2025-12-04,9:53:37.229800712,T,KO,F I,77,71.18
2025-12-04,9:53:37.229812855,T,KO,I,1,71.18
2025-12-04,9:53:37.229816103,T,KO,I,22,71.18
2025-12-04,9:53:37.229816103,T,KO,I,56,71.18
2025-12-04,9:53:37.848205402,T,KO,F,100,71.18
2025-12-04,9:53:37.848208431,T,KO,F I,56,71.18
2025-12-04,9:53:41.224108599,T,KO,I,28,71.175
2025-12-04,9:53:41.224568662,T,KO,F,140,71.18
2025-12-04,9:53:41.224589781,T,KO,F I,20,71.18
2025-12-04,9:53:41.224589781,T,KO,,133,71.18
2025-12-04,9:53:41.224592825,T,KO,I,1,71.18
2025-12-04,9:53:41.225124963,T,KO,I,26,71.18
2025-12-04,9:53:42.429878320,T,KO,I,10,71.19
2025-12-04,9:53:43.893777447,T,KO,F I,25,71.2
2025-12-04,9:53:43.893780297,T,KO,F I,35,71.2
2025-12-04,9:53:43.893795398,T,KO,F I,65,71.2
2025-12-04,9:53:43.894841392,T,KO,I,22,71.2
2025-12-04,9:53:43.894844393,T,KO,I,28,71.2
2025-12-04,9:53:43.895157040,T,KO,I,17,71.2
2025-12-04,9:53:43.895160111,T,KO,,100,71.2
2025-12-04,9:53:43.895178188,T,KO,I,7,71.2
2025-12-04,9:53:43.895184184,T,KO,I,1,71.2
2025-12-04,9:53:43.895205303,T,KO,,192,71.2
2025-12-04,9:53:43.895205303,T,KO,I,43,71.19
2025-12-04,9:53:43.905673342,T,KO,I,45,71.2
2025-12-04,9:53:43.905676291,T,KO,I,44,71.2
2025-12-04,9:53:43.905676291,T,KO,I,28,71.2
2025-12-04,9:53:43.905679527,T,KO,,100,71.2
2025-12-04,9:53:43.905679527,T,KO,I,17,71.2
2025-12-04,9:53:43.905682212,T,KO,,100,71.2
2025-12-04,9:53:43.930148456,T,KO,,100,71.205
2025-12-04,9:53:43.943695717,T,KO,,200,71.205
2025-12-04,9:53:53.287417248,T,KO,,100,71.215
2025-12-04,9:53:56.112071678,T,KO,I,60,71.23
2025-12-04,9:53:56.112174520,T,KO,,100,71.23
2025-12-04,9:53:57.943944441,T,KO,F I,10,71.24
2025-12-04,9:53:57.943950547,T,KO,F I,10,71.24
2025-12-04,9:53:57.943962596,T,KO,I,10,71.24
2025-12-04,9:53:57.964741950,T,KO,,100,71.24
2025-12-04,9:53:57.964745332,T,KO,I,42,71.24
2025-12-04,9:53:57.964745332,T,KO,I,45,71.24
2025-12-04,9:53:57.964748326,T,KO,I,44,71.24
2025-12-04,9:53:57.964748326,T,KO,I,25,71.24
2025-12-04,9:53:57.964763902,T,KO,F,199,71.24
2025-12-04,9:53:57.964763902,T,KO,I,1,71.24
2025-12-04,9:53:57.969772951,T,KO,,200,71.23
2025-12-04,9:53:57.969772951,T,KO,I,10,71.23
2025-12-04,9:54:03.542742408,T,KO,F I,21,71.23
2025-12-04,9:54:03.542760269,T,KO,F I,21,71.23
2025-12-04,9:54:03.542762900,T,KO,F I,13,71.23
2025-12-04,9:54:03.542766003,T,KO,F I,10,71.23
2025-12-04,9:54:03.548365283,T,KO,,100,71.235
2025-12-04,9:54:05.054515093,T,KO,F,100,71.24
2025-12-04,9:54:06.243552334,T,KO,,100,71.235
2025-12-04,9:54:11.884973244,T,KO,F,100,71.24
2025-12-04,9:54:11.884973244,T,KO,F,100,71.24
2025-12-04,9:54:13.378408605,T,KO,,200,71.23
2025-12-04,9:54:13.378414056,T,KO,I,1,71.23
2025-12-04,9:54:13.378414056,T,KO,,100,71.23
2025-12-04,9:54:15.035534683,T,KO,,100,71.225
2025-12-04,9:54:19.650172189,T,KO,F I,25,71.23
2025-12-04,9:54:22.162935756,T,KO,F I,6,71.25
2025-12-04,9:54:22.162938814,T,KO,F I,6,71.25
2025-12-04,9:54:24.916359421,T,KO,I,70,71.255
2025-12-04,9:54:26.525801822,T,KO,F I,8,71.26
2025-12-04,9:54:26.525801822,T,KO,F I,25,71.26
2025-12-04,9:54:26.525804616,T,KO,F I,11,71.26
2025-12-04,9:54:26.525807750,T,KO,F I,3,71.26
2025-12-04,9:54:26.525807750,T,KO,F I,6,71.26
2025-12-04,9:54:26.525867860,T,KO,F I,34,71.26
2025-12-04,9:54:31.125421744,T,KO,F I,60,71.27
2025-12-04,9:54:31.125421744,T,KO,F,175,71.27
2025-12-04,9:54:31.125424392,T,KO,F,100,71.27
2025-12-04,9:54:31.125445365,T,KO,I,1,71.27
2025-12-04,9:54:31.126091879,T,KO,I,79,71.27
2025-12-04,9:54:31.126104930,T,KO,F I,39,71.27
2025-12-04,9:54:31.126110017,T,KO,F,100,71.27
2025-12-04,9:54:31.126110017,T,KO,F I,22,71.27
2025-12-04,9:54:31.126113483,T,KO,F,100,71.27
2025-12-04,9:54:31.126119560,T,KO,F,100,71.27
2025-12-04,9:54:31.126126078,T,KO,F,100,71.265
2025-12-04,9:54:31.126126078,T,KO,F,100,71.265
2025-12-04,9:54:31.126126078,T,KO,F I,10,71.26
2025-12-04,9:54:31.126126078,T,KO,F,100,71.26
2025-12-04,9:54:31.126126078,T,KO,F I,25,71.26
2025-12-04,9:54:31.126131019,T,KO,F,100,71.26
2025-12-04,9:54:31.126131019,T,KO,F I,47,71.26
2025-12-04,9:54:31.126134471,T,KO,F I,15,71.26
2025-12-04,9:54:31.126134471,T,KO,F I,90,71.26
2025-12-04,9:54:31.126137071,T,KO,I,1,71.26
2025-12-04,9:54:31.126140251,T,KO,I,7,71.26
2025-12-04,9:54:31.126536959,T,KO,,100,71.26
2025-12-04,9:54:31.126540081,T,KO,I,49,71.27
2025-12-04,9:54:31.126540081,T,KO,I,4,71.27
2025-12-04,9:54:31.126795651,T,KO,F,100,71.26
2025-12-04,9:54:31.134714086,T,KO,F I,18,71.26
2025-12-04,9:54:31.134716719,T,KO,F,202,71.26
2025-12-04,9:54:31.134716719,T,KO,F,100,71.26
2025-12-04,9:54:31.134719424,T,KO,F,100,71.26
2025-12-04,9:54:31.134722437,T,KO,F I,49,71.26
2025-12-04,9:54:31.135002220,T,KO,,100,71.26
2025-12-04,9:54:31.135036332,T,KO,I,40,71.26
2025-12-04,9:54:31.135036332,T,KO,I,60,71.26
2025-12-04,9:54:31.135065267,T,KO,F I,40,71.26
2025-12-04,9:54:31.135065267,T,KO,F,100,71.26
2025-12-04,9:54:31.140066180,T,KO,,100,71.255
2025-12-04,9:54:31.148450252,T,KO,,100,71.255
2025-12-04,9:54:31.182755876,T,KO,F I,8,71.25
2025-12-04,9:54:31.182755876,T,KO,F I,8,71.25
2025-12-04,9:54:35.147849399,T,KO,,100,71.23
2025-12-04,9:54:35.174709392,T,KO,I,42,71.23
2025-12-04,9:54:38.028199675,T,KO,F I,51,71.24
2025-12-04,9:54:38.028199675,T,KO,F I,3,71.24
2025-12-04,9:54:38.028202434,T,KO,F I,25,71.24
2025-12-04,9:54:39.543556522,T,KO,F I,50,71.25
2025-12-04,9:54:40.184596585,T,KO,I,7,71.255
2025-12-04,9:54:40.184596585,T,KO,I,7,71.255
2025-12-04,9:54:40.184599774,T,KO,I,3,71.25
2025-12-04,9:54:40.184599774,T,KO,I,83,71.25
2025-12-04,9:54:40.184615289,T,KO,I,1,71.25
2025-12-04,9:54:40.184620316,T,KO,I,7,71.25
2025-12-04,9:54:40.184620316,T,KO,I,9,71.25
2025-12-04,9:54:40.184623355,T,KO,I,91,71.25
2025-12-04,9:54:40.184665437,T,KO,I,32,71.25
2025-12-04,9:54:40.184668497,T,KO,I,40,71.25
2025-12-04,9:54:40.184668497,T,KO,I,38,71.25
2025-12-04,9:54:40.468135896,T,KO,I,1,71.26
2025-12-04,9:54:40.468169358,T,KO,I,99,71.26
2025-12-04,9:54:40.468169358,T,KO,,100,71.26
2025-12-04,9:54:40.468174676,T,KO,I,40,71.26
2025-12-04,9:54:40.468174676,T,KO,I,25,71.26
2025-12-04,9:54:40.468186735,T,KO,I,1,71.26
2025-12-04,9:54:40.468190127,T,KO,,133,71.26
2025-12-04,9:54:40.468331041,T,KO,I,6,71.26
2025-12-04,9:54:44.377374159,T,KO,,100,71.265
2025-12-04,9:54:44.672320169,T,KO,I,40,71.26
2025-12-04,9:54:44.672322625,T,KO,I,32,71.26
2025-12-04,9:54:44.672325557,T,KO,I,25,71.26
2025-12-04,9:54:56.462418597,T,KO,,100,71.255
2025-12-04,9:54:57.852425131,T,KO,I,10,71.25
2025-12-04,9:54:57.852428031,T,KO,,100,71.25
2025-12-04,9:54:57.852428031,T,KO,,100,71.25
2025-12-04,9:55:00.506161370,T,KO,,100,71.24
2025-12-04,9:55:00.506164748,T,KO,I,25,71.24
2025-12-04,9:55:00.506167464,T,KO,I,54,71.24
2025-12-04,9:55:00.540620620,T,KO,,100,71.235
2025-12-04,9:55:03.175694758,T,KO,,100,71.25
2025-12-04,9:55:03.175697694,T,KO,,100,71.25
2025-12-04,9:55:03.175697694,T,KO,I,5,71.25
2025-12-04,9:55:04.646734812,T,KO,I,25,71.26
2025-12-04,9:55:04.646750508,T,KO,F I,3,71.26
2025-12-04,9:55:04.647044571,T,KO,F I,25,71.26
2025-12-04,9:55:06.612176911,T,KO,I,10,71.27
2025-12-04,9:55:06.612179813,T,KO,I,25,71.27
2025-12-04,9:55:06.612182919,T,KO,I,1,71.27
2025-12-04,9:55:08.572458627,T,KO,F,100,71.27
2025-12-04,9:55:10.299138016,T,KO,I,18,71.26
2025-12-04,9:55:10.299141062,T,KO,,100,71.26
2025-12-04,9:55:10.299970976,T,KO,,100,71.26
2025-12-04,9:55:10.299976963,T,KO,I,37,71.26
2025-12-04,9:55:10.299976963,T,KO,,100,71.26
2025-12-04,9:55:10.299980043,T,KO,I,25,71.26
2025-12-04,9:55:11.937064070,T,KO,F I,17,71.26
2025-12-04,9:55:11.954854467,T,KO,I,38,71.26
2025-12-04,9:55:11.954854467,T,KO,,100,71.26
2025-12-04,9:55:11.954857381,T,KO,I,23,71.26
2025-12-04,9:55:11.954860601,T,KO,I,37,71.26
2025-12-04,9:55:11.954860601,T,KO,I,24,71.26
2025-12-04,9:55:11.954863348,T,KO,I,25,71.26
2025-12-04,9:55:13.109763892,T,KO,I,23,71.26
2025-12-04,9:55:13.109767155,T,KO,I,38,71.26
2025-12-04,9:55:13.109767155,T,KO,I,28,71.26
2025-12-04,9:55:14.004951009,T,KO,I,5,71.26
2025-12-04,9:55:14.887138065,T,KO,,100,71.26
2025-12-04,9:55:17.373390455,T,KO,,100,71.26
2025-12-04,9:55:18.015753360,T,KO,I,15,71.25
2025-12-04,9:55:18.015756263,T,KO,I,10,71.25
2025-12-04,9:55:18.015762320,T,KO,,100,71.25
2025-12-04,9:55:18.015762320,T,KO,I,25,71.25
2025-12-04,9:55:18.015765324,T,KO,,100,71.25
2025-12-04,9:55:19.743870052,T,KO,F I,7,71.24
2025-12-04,9:55:19.844432601,T,KO,I,10,71.235
2025-12-04,9:55:23.136084119,T,KO,,100,71.24
2025-12-04,9:55:27.191064693,T,KO,I,64,71.235
2025-12-04,9:55:37.017243197,T,KO,,100,71.245
2025-12-04,9:55:41.463756268,T,KO,,100,71.255
2025-12-04,9:55:41.463756268,T,KO,I,6,71.255
2025-12-04,9:55:45.178630008,T,KO,,100,71.265
2025-12-04,9:55:45.178632820,T,KO,,100,71.265
2025-12-04,9:55:45.551451915,T,KO,F I,20,71.27
2025-12-04,9:55:53.979333162,T,KO,,100,71.28
2025-12-04,9:55:54.326819639,T,KO,F I,35,71.29
2025-12-04,9:55:54.326819639,T,KO,F I,10,71.29
2025-12-04,9:55:54.326823284,T,KO,F I,25,71.29
2025-12-04,9:55:55.364308585,T,KO,,100,71.295
2025-12-04,9:55:58.596695121,T,KO,,100,71.295
2025-12-04,9:55:58.932105487,T,KO,,200,71.29
2025-12-04,9:55:58.932107901,T,KO,,200,71.29
2025-12-04,9:55:58.932110847,T,KO,,400,71.29
2025-12-04,9:56:01.113359441,T,KO,F I,10,71.28
2025-12-04,9:56:01.113361963,T,KO,F I,2,71.28
2025-12-04,9:56:06.513578467,T,KO,,100,71.275
2025-12-04,9:56:06.636427012,T,KO,F I,1,71.275
2025-12-04,9:56:06.637380313,T,KO,I,1,71.28
2025-12-04,9:56:06.637614921,T,KO,F,100,71.28
2025-12-04,9:56:06.637614921,T,KO,F I,37,71.28
2025-12-04,9:56:06.637617851,T,KO,F I,23,71.28
2025-12-04,9:56:06.637744154,T,KO,F I,1,71.28
2025-12-04,9:56:12.402991099,T,KO,I,23,71.28
