DATE,TIME_M,EX,SYM_ROOT,TR_SCOND,SIZE,PRICE
2025-12-12,9:30:01.847725022,T,KO,,100,69.17
2025-12-12,9:30:01.847725022,T,KO,Q,100,69.17
2025-12-12,9:30:02.459108160,T,KO,F,100,69.18
2025-12-12,9:30:02.459111464,T,KO,F,300,69.18
2025-12-12,9:30:02.459111464,T,KO,F I,2,69.18
2025-12-12,9:30:02.845026584,T,KO,,100,69.165
2025-12-12,9:30:02.845026584,T,KO,,100,69.18
2025-12-12,9:30:02.845029179,T,KO,,100,69.18
2025-12-12,9:30:02.845621678,T,KO,F,100,69.17
2025-12-12,9:30:02.845624631,T,KO,F I,1,69.17
2025-12-12,9:30:02.845642657,T,KO,I,1,69.17
2025-12-12,9:30:02.845645675,T,KO,,299,69.17
2025-12-12,9:30:02.846755315,T,KO,,100,69.16
2025-12-12,9:30:02.846779394,T,KO,I,25,69.16
2025-12-12,9:30:03.038200280,T,KO,I,1,69.12
2025-12-12,9:30:03.249712087,T,KO,I,19,69.11
2025-12-12,9:30:03.249718456,T,KO,F I,6,69.11
2025-12-12,9:30:03.249718456,T,KO,F I,1,69.11
2025-12-12,9:30:03.249721122,T,KO,F I,12,69.11
2025-12-12,9:30:03.249724034,T,KO,I,19,69.11
2025-12-12,9:30:03.250154546,T,KO,F I,15,69.1
2025-12-12,9:30:03.250154546,T,KO,F I,2,69.1
2025-12-12,9:30:03.250157151,T,KO,F I,2,69.1
2025-12-12,9:30:03.250325857,T,KO,,100,69.09
2025-12-12,9:30:05.257765744,T,KO,F I,2,69.06
2025-12-12,9:30:05.257768502,T,KO,F I,1,69.06
2025-12-12,9:30:05.257771531,T,KO,F I,3,69.06
2025-12-12,9:30:05.257792709,T,KO,I,75,69.06
2025-12-12,9:30:05.257795726,T,KO,,100,69.06
2025-12-12,9:30:05.257798613,T,KO,I,22,69.06
2025-12-12,9:30:05.257885843,T,KO,I,78,69.06
2025-12-12,9:30:05.257888802,T,KO,,400,69.06
2025-12-12,9:30:05.257888802,T,KO,I,5,69.07
2025-12-12,9:30:05.262159011,T,KO,,100,69.08
2025-12-12,9:30:05.262159011,T,KO,,100,69.08
2025-12-12,9:30:05.262180270,T,KO,I,1,69.08
2025-12-12,9:30:05.263184431,T,KO,I,1,69.08
2025-12-12,9:30:05.263184431,T,KO,F I,1,69.08
2025-12-12,9:30:05.263193496,T,KO,F I,1,69.08
2025-12-12,9:30:05.263193496,T,KO,F I,1,69.08
2025-12-12,9:30:05.263229543,T,KO,I,1,69.08
2025-12-12,9:30:05.263250616,T,KO,F I,1,69.08
2025-12-12,9:30:05.263316789,T,KO,F I,1,69.08
2025-12-12,9:30:05.263367924,T,KO,F I,1,69.08
2025-12-12,9:30:05.263422056,T,KO,F I,1,69.085
2025-12-12,9:30:05.263488171,T,KO,F I,1,69.085
2025-12-12,9:30:05.263542235,T,KO,F I,1,69.085
2025-12-12,9:30:05.263596402,T,KO,F I,1,69.085
2025-12-12,9:30:05.263650537,T,KO,F I,1,69.085
2025-12-12,9:30:05.263695679,T,KO,F I,1,69.085
2025-12-12,9:30:05.263746797,T,KO,F I,1,69.09
2025-12-12,9:30:05.827487400,T,KO,,100,69.08
2025-12-12,9:30:06.360834749,T,KO,I,25,69.07
2025-12-12,9:30:06.960793581,T,KO,,100,69.07
2025-12-12,9:30:08.112329248,T,KO,F I,6,69.05
2025-12-12,9:30:10.098168869,T,KO,,300,69.045
2025-12-12,9:30:10.132465713,T,KO,I,10,69.05
2025-12-12,9:30:10.132552818,T,KO,F,100,69.06
2025-12-12,9:30:10.132559046,T,KO,F I,5,69.06
2025-12-12,9:30:10.132559046,T,KO,F,100,69.06
2025-12-12,9:30:10.132787478,T,KO,F,100,69.06
2025-12-12,9:30:10.132814388,T,KO,F,100,69.07
2025-12-12,9:30:10.134805222,T,KO,,200,69.08
2025-12-12,9:30:10.217002892,T,KO,,100,69.08
2025-12-12,9:30:10.217225477,T,KO,F,100,69.09
2025-12-12,9:30:10.217225477,T,KO,F,100,69.09
2025-12-12,9:30:10.525163052,T,KO,F,100,69.12
2025-12-12,9:30:10.525167936,T,KO,F I,10,69.12
2025-12-12,9:30:10.525167936,T,KO,F,100,69.12
2025-12-12,9:30:10.525170959,T,KO,F,100,69.12
2025-12-12,9:30:10.525182919,T,KO,,100,69.12
2025-12-12,9:30:10.525606915,T,KO,F,100,69.12
2025-12-12,9:30:10.526767731,T,KO,I,6,69.12
2025-12-12,9:30:11.651137005,T,KO,F I,19,69.14
2025-12-12,9:30:11.651139830,T,KO,F,100,69.14
2025-12-12,9:30:11.651139830,T,KO,F,100,69.14
2025-12-12,9:30:15.892161443,T,KO,F,100,69.16
2025-12-12,9:30:15.892161443,T,KO,F,100,69.16
2025-12-12,9:30:21.066501139,T,KO,I,17,69.15
2025-12-12,9:30:21.066651446,T,KO,F,100,69.14
2025-12-12,9:30:23.647984377,T,KO,F,300,69.13
2025-12-12,9:30:24.407352999,T,KO,,100,69.13
2025-12-12,9:30:24.420067311,T,KO,,100,69.13
2025-12-12,9:30:24.447288172,T,KO,,100,69.13
2025-12-12,9:30:25.868770625,T,KO,I,17,69.13
2025-12-12,9:30:25.869320870,T,KO,F,300,69.13
2025-12-12,9:30:26.147266864,T,KO,F,200,69.12
2025-12-12,9:30:26.147266864,T,KO,F I,1,69.12
2025-12-12,9:30:26.259196451,T,KO,,100,69.125
2025-12-12,9:30:26.511614651,T,KO,,200,69.125
2025-12-12,9:30:28.374244972,T,KO,F I,6,69.11
2025-12-12,9:30:28.374311034,T,KO,I,14,69.12
2025-12-12,9:30:28.374341600,T,KO,F,200,69.12
2025-12-12,9:30:28.374404304,T,KO,F,100,69.12
2025-12-12,9:30:28.374440318,T,KO,F,100,69.12
2025-12-12,9:30:28.374587675,T,KO,F,100,69.12
2025-12-12,9:30:28.374653904,T,KO,F I,97,69.12
2025-12-12,9:30:28.374765190,T,KO,F I,3,69.12
2025-12-12,9:30:28.374882457,T,KO,I,16,69.11
2025-12-12,9:30:28.386084032,T,KO,I,9,69.12
2025-12-12,9:30:29.015329726,T,KO,,100,69.12
2025-12-12,9:30:29.375783514,T,KO,F,100,69.14
2025-12-12,9:30:29.375801206,T,KO,I,1,69.14
2025-12-12,9:30:29.375870359,T,KO,F,200,69.14
2025-12-12,9:30:29.375870359,T,KO,F,150,69.14
2025-12-12,9:30:29.417528536,T,KO,I,28,69.14
2025-12-12,9:30:29.544866841,T,KO,I,7,69.14
2025-12-12,9:30:29.544872840,T,KO,I,76,69.14
2025-12-12,9:30:29.571667250,T,KO,,100,69.14
2025-12-12,9:30:29.571706231,T,KO,I,42,69.14
2025-12-12,9:30:29.571706231,T,KO,,100,69.14
2025-12-12,9:30:29.571711775,T,KO,I,14,69.15
2025-12-12,9:30:29.571711775,T,KO,I,76,69.15
2025-12-12,9:30:29.571715042,T,KO,,203,69.15
2025-12-12,9:30:29.571715042,T,KO,,100,69.15
2025-12-12,9:30:29.571715042,T,KO,,200,69.15
2025-12-12,9:30:29.597002039,T,KO,F,100,69.16
2025-12-12,9:30:30.118341689,T,KO,,100,69.165
2025-12-12,9:30:32.522712049,T,KO,,100,69.165
2025-12-12,9:30:35.286838419,T,KO,I,14,69.165
2025-12-12,9:30:35.286871504,T,KO,I,14,69.165
2025-12-12,9:30:35.292672367,T,KO,I,14,69.165
2025-12-12,9:30:35.364949401,T,KO,I,14,69.165
2025-12-12,9:30:35.364982554,T,KO,I,14,69.165
2025-12-12,9:30:35.702831217,T,KO,I,14,69.165
2025-12-12,9:30:35.702855173,T,KO,I,14,69.165
2025-12-12,9:30:35.810042556,T,KO,I,14,69.165
2025-12-12,9:30:36.065585266,T,KO,I,14,69.165
2025-12-12,9:30:36.065612184,T,KO,I,14,69.165
2025-12-12,9:30:36.617354231,T,KO,F I,14,69.165
2025-12-12,9:30:36.617387330,T,KO,I,14,69.165
2025-12-12,9:30:36.617465556,T,KO,I,14,69.165
2025-12-12,9:30:36.618836769,T,KO,,100,69.165
2025-12-12,9:30:36.618866860,T,KO,I,14,69.165
2025-12-12,9:30:36.618875921,T,KO,I,4,69.165
2025-12-12,9:30:36.618878874,T,KO,I,10,69.16
2025-12-12,9:30:36.689760740,T,KO,F I,17,69.14
2025-12-12,9:30:36.689872019,T,KO,F,100,69.15
2025-12-12,9:30:36.690350084,T,KO,F,100,69.15
2025-12-12,9:30:36.691607141,T,KO,F,100,69.16
2025-12-12,9:30:36.712621202,T,KO,,100,69.16
2025-12-12,9:30:37.645280502,T,KO,,226,69.17
2025-12-12,9:30:38.939692372,T,KO,,100,69.17
2025-12-12,9:30:39.084935278,T,KO,,100,69.17
2025-12-12,9:30:39.194272960,T,KO,,100,69.17
2025-12-12,9:30:39.194296878,T,KO,I,38,69.16
2025-12-12,9:30:39.194317792,T,KO,I,62,69.16
2025-12-12,9:30:39.194690652,T,KO,,157,69.16
2025-12-12,9:30:39.195328228,T,KO,I,32,69.14
2025-12-12,9:30:39.195487799,T,KO,I,24,69.15
2025-12-12,9:30:39.195487799,T,KO,,200,69.15
2025-12-12,9:30:39.195890557,T,KO,I,68,69.14
2025-12-12,9:30:39.196428880,T,KO,I,24,69.14
2025-12-12,9:30:39.196441020,T,KO,F I,24,69.14
2025-12-12,9:30:44.081311099,T,KO,I,8,69.115
2025-12-12,9:30:44.322217908,T,KO,I,8,69.115
2025-12-12,9:30:44.717557493,T,KO,I,8,69.115
2025-12-12,9:30:44.840751826,T,KO,I,8,69.115
2025-12-12,9:30:45.059113981,T,KO,I,8,69.115
2025-12-12,9:30:45.273957599,T,KO,I,8,69.115
2025-12-12,9:30:45.454667018,T,KO,I,8,69.115
2025-12-12,9:30:45.591808686,T,KO,I,8,69.115
2025-12-12,9:30:45.640281138,T,KO,F,100,69.13
2025-12-12,9:30:45.692927499,T,KO,,200,69.13
2025-12-12,9:30:45.692927499,T,KO,,200,69.13
2025-12-12,9:30:50.085143402,T,KO,I,28,69.11
2025-12-12,9:30:50.087431798,T,KO,I,28,69.12
2025-12-12,9:30:50.087431798,T,KO,I,68,69.12
2025-12-12,9:30:50.087452830,T,KO,I,1,69.12
2025-12-12,9:30:50.087477118,T,KO,,131,69.12
2025-12-12,9:30:50.087477118,T,KO,I,25,69.12
2025-12-12,9:30:50.564737646,T,KO,,207,69.125
2025-12-12,9:30:50.651764921,T,KO,,100,69.125
2025-12-12,9:30:55.784304904,T,KO,I,1,69.145
2025-12-12,9:30:58.366500683,T,KO,F I,80,69.12
2025-12-12,9:30:59.336966056,T,KO,,100,69.115
2025-12-12,9:31:00.005473230,T,KO,,100,69.115
2025-12-12,9:31:00.060386990,T,KO,I,17,69.1
2025-12-12,9:31:00.061496686,T,KO,F I,59,69.11
2025-12-12,9:31:00.061499663,T,KO,F I,34,69.11
2025-12-12,9:31:00.061514702,T,KO,I,1,69.11
2025-12-12,9:31:02.457783739,T,KO,F,100,69.13
2025-12-12,9:31:02.457783739,T,KO,F I,1,69.13
2025-12-12,9:31:02.457789803,T,KO,F I,2,69.12
2025-12-12,9:31:02.457789803,T,KO,F I,64,69.12
2025-12-12,9:31:02.457907024,T,KO,F I,1,69.12
2025-12-12,9:31:02.457910079,T,KO,F,100,69.12
2025-12-12,9:31:03.377963292,T,KO,,100,69.125
2025-12-12,9:31:09.138044142,T,KO,F,200,69.1
2025-12-12,9:31:09.138047132,T,KO,F,1500,69.1
2025-12-12,9:31:09.634541661,T,KO,I,2,69.09
2025-12-12,9:31:09.713946501,T,KO,,100,69.1
2025-12-12,9:31:09.713948779,T,KO,I,10,69.1
2025-12-12,9:31:09.713954812,T,KO,I,25,69.11
2025-12-12,9:31:09.713954812,T,KO,,200,69.11
2025-12-12,9:31:09.713957840,T,KO,,115,69.11
2025-12-12,9:31:09.713972872,T,KO,I,1,69.11
2025-12-12,9:31:09.742059742,T,KO,F,100,69.12
2025-12-12,9:31:09.754722962,T,KO,F I,1,69.13
2025-12-12,9:31:09.768694319,T,KO,F,300,69.13
2025-12-12,9:31:09.769818989,T,KO,F,200,69.12
2025-12-12,9:31:09.846137592,T,KO,,100,69.105
2025-12-12,9:31:11.589356564,T,KO,F I,80,69.11
2025-12-12,9:31:12.500367283,T,KO,,200,69.115
2025-12-12,9:31:12.577660333,T,KO,,100,69.115
2025-12-12,9:31:13.400567376,T,KO,F,150,69.13
2025-12-12,9:31:13.400570367,T,KO,F I,50,69.13
2025-12-12,9:31:13.400573412,T,KO,F I,95,69.13
2025-12-12,9:31:13.400585372,T,KO,F I,50,69.13
2025-12-12,9:31:13.400585372,T,KO,I,1,69.13
2025-12-12,9:31:13.400588419,T,KO,F I,54,69.13
2025-12-12,9:31:13.415801626,T,KO,I,2,69.14
2025-12-12,9:31:13.438048623,T,KO,F I,16,69.15
2025-12-12,9:31:13.438322324,T,KO,,100,69.14
2025-12-12,9:31:13.438322324,T,KO,,100,69.15
2025-12-12,9:31:15.156891504,T,KO,,300,69.145
2025-12-12,9:31:18.325177506,T,KO,F,100,69.16
2025-12-12,9:31:18.325177506,T,KO,F,200,69.16
2025-12-12,9:31:18.325189799,T,KO,F I,2,69.16
2025-12-12,9:31:18.325195678,T,KO,I,1,69.16
2025-12-12,9:31:18.325198603,T,KO,F I,2,69.16
2025-12-12,9:31:18.325204835,T,KO,F I,2,69.16
2025-12-12,9:31:18.325255689,T,KO,F,195,69.16
2025-12-12,9:31:18.325274525,T,KO,,200,69.16
2025-12-12,9:31:18.349162693,T,KO,F I,20,69.17
2025-12-12,9:31:18.359137581,T,KO,F,100,69.17
2025-12-12,9:31:18.370733045,T,KO,F,100,69.17
2025-12-12,9:31:18.371547962,T,KO,,100,69.18
2025-12-12,9:31:18.395238416,T,KO,F I,35,69.18
2025-12-12,9:31:18.395241544,T,KO,F I,65,69.18
2025-12-12,9:31:18.395241544,T,KO,F,300,69.18
2025-12-12,9:31:18.395253469,T,KO,F I,80,69.18
2025-12-12,9:31:18.395262613,T,KO,F I,80,69.18
2025-12-12,9:31:18.405898784,T,KO,F,100,69.19
2025-12-12,9:31:29.305198887,T,KO,F,100,69.17
2025-12-12,9:31:29.305201889,T,KO,F I,25,69.16
2025-12-12,9:31:29.305319063,T,KO,I,75,69.16
2025-12-12,9:31:29.305367198,T,KO,,100,69.16
2025-12-12,9:31:29.305893533,T,KO,F,210,69.16
2025-12-12,9:31:29.305995692,T,KO,F I,90,69.16
2025-12-12,9:31:29.351396405,T,KO,F I,59,69.17
2025-12-12,9:31:29.351401088,T,KO,F,100,69.17
2025-12-12,9:31:29.351403901,T,KO,F,200,69.17
2025-12-12,9:31:29.351403901,T,KO,F,166,69.17
2025-12-12,9:31:29.351406960,T,KO,F,131,69.17
2025-12-12,9:31:29.351449022,T,KO,F,100,69.18
2025-12-12,9:31:29.351451977,T,KO,F,200,69.18
2025-12-12,9:31:29.351451977,T,KO,I,59,69.16
2025-12-12,9:31:29.351584318,T,KO,F,100,69.18
2025-12-12,9:31:29.351587655,T,KO,F,200,69.19
2025-12-12,9:31:29.352357186,T,KO,F,100,69.19
2025-12-12,9:31:29.352664299,T,KO,F I,20,69.2
2025-12-12,9:31:29.352666922,T,KO,F,100,69.2
2025-12-12,9:31:29.353469757,T,KO,,200,69.2
2025-12-12,9:31:29.373383163,T,KO,F,200,69.21
2025-12-12,9:31:29.373386299,T,KO,F,100,69.21
2025-12-12,9:31:29.373386299,T,KO,F,100,69.21
2025-12-12,9:31:29.374513902,T,KO,F,100,69.22
2025-12-12,9:31:29.374727412,T,KO,F,100,69.22
2025-12-12,9:31:29.374733392,T,KO,F I,1,69.22
2025-12-12,9:31:29.374781539,T,KO,F,100,69.22
2025-12-12,9:31:29.374785172,T,KO,F I,1,69.22
2025-12-12,9:31:29.374802576,T,KO,F I,99,69.22
2025-12-12,9:31:29.375037164,T,KO,F I,1,69.22
2025-12-12,9:31:29.375828119,T,KO,F,100,69.23
2025-12-12,9:31:29.386948486,T,KO,F,200,69.24
2025-12-12,9:31:29.386951836,T,KO,F I,28,69.24
2025-12-12,9:31:29.386954565,T,KO,F I,28,69.24
2025-12-12,9:31:29.386954565,T,KO,F I,44,69.24
2025-12-12,9:31:29.386969609,T,KO,I,1,69.24
2025-12-12,9:31:29.387649954,T,KO,,100,69.24
2025-12-12,9:31:29.388130399,T,KO,F I,56,69.24
2025-12-12,9:31:29.400751350,T,KO,F I,44,69.24
2025-12-12,9:31:29.401494150,T,KO,I,28,69.25
2025-12-12,9:31:29.401497519,T,KO,I,28,69.25
2025-12-12,9:31:29.401497519,T,KO,I,14,69.25
2025-12-12,9:31:29.401500226,T,KO,I,70,69.25
2025-12-12,9:31:29.415384803,T,KO,F,100,69.24
2025-12-12,9:31:29.421155001,T,KO,F,100,69.25
2025-12-12,9:31:29.421158044,T,KO,F,100,69.25
2025-12-12,9:31:29.441567570,T,KO,F I,28,69.26
2025-12-12,9:31:29.441567570,T,KO,F I,28,69.26
2025-12-12,9:31:29.451504220,T,KO,I,28,69.27
2025-12-12,9:31:29.451504220,T,KO,I,28,69.27
2025-12-12,9:31:29.451509447,T,KO,I,2,69.27
2025-12-12,9:31:29.451509447,T,KO,,100,69.27
2025-12-12,9:31:29.451509447,T,KO,I,73,69.27
2025-12-12,9:31:29.451512309,T,KO,,231,69.27
2025-12-12,9:31:29.451545329,T,KO,,100,69.27
2025-12-12,9:31:29.519239897,T,KO,,100,69.25
2025-12-12,9:31:29.519239897,T,KO,,100,69.25
2025-12-12,9:31:29.631689367,T,KO,,200,69.26
2025-12-12,9:31:29.631692471,T,KO,,100,69.26
2025-12-12,9:31:30.320479880,T,KO,,225,69.25
2025-12-12,9:31:30.320516609,T,KO,F,100,69.25
2025-12-12,9:31:30.320522259,T,KO,F I,5,69.25
2025-12-12,9:31:30.320531063,T,KO,F I,90,69.25
2025-12-12,9:31:30.320762543,T,KO,F,100,69.25
2025-12-12,9:31:30.320762543,T,KO,F,200,69.24
2025-12-12,9:31:30.320765527,T,KO,F I,83,69.24
2025-12-12,9:31:30.320780654,T,KO,I,1,69.24
2025-12-12,9:31:30.322025899,T,KO,F,171,69.25
2025-12-12,9:31:30.322705160,T,KO,F I,16,69.24
2025-12-12,9:31:30.400638766,T,KO,,100,69.235
2025-12-12,9:31:30.405709519,T,KO,I,85,69.24
2025-12-12,9:31:36.299653331,T,KO,F,200,69.26
2025-12-12,9:31:36.299653331,T,KO,F,100,69.27
2025-12-12,9:31:36.299656373,T,KO,F I,77,69.27
2025-12-12,9:31:36.299671397,T,KO,I,1,69.27
2025-12-12,9:31:36.299884877,T,KO,I,1,69.27
2025-12-12,9:31:36.300035265,T,KO,,100,69.27
2025-12-12,9:31:36.379908471,T,KO,F I,5,69.27
2025-12-12,9:31:36.380278319,T,KO,I,5,69.28
2025-12-12,9:31:36.380278319,T,KO,I,5,69.28
2025-12-12,9:31:36.380488839,T,KO,I,5,69.28
2025-12-12,9:31:36.402997470,T,KO,F I,94,69.28
2025-12-12,9:31:36.403000562,T,KO,F I,6,69.28
2025-12-12,9:31:36.403000562,T,KO,F,100,69.28
2025-12-12,9:31:36.403728134,T,KO,F,100,69.28
2025-12-12,9:31:41.051318204,T,KO,I,45,69.28
2025-12-12,9:31:41.051340333,T,KO,F I,55,69.28
2025-12-12,9:31:41.051340333,T,KO,F I,2,69.28
2025-12-12,9:31:48.187885264,T,KO,F I,25,69.25
2025-12-12,9:31:48.187888369,T,KO,F I,2,69.25
2025-12-12,9:31:48.187939434,T,KO,F I,1,69.25
2025-12-12,9:31:48.188237211,T,KO,F I,80,69.24
2025-12-12,9:31:48.188814700,T,KO,F,100,69.23
2025-12-12,9:31:48.216985636,T,KO,F I,35,69.23
2025-12-12,9:31:48.244468063,T,KO,F I,2,69.24
2025-12-12,9:31:54.158912754,T,KO,F,100,69.25
2025-12-12,9:31:54.158912754,T,KO,F,100,69.25
2025-12-12,9:31:56.195281396,T,KO,F I,52,69.27
2025-12-12,9:31:56.211384690,T,KO,F I,10,69.28
2025-12-12,9:32:00.720383680,T,KO,,138,69.28
2025-12-12,9:32:03.036331327,T,KO,F I,2,69.3
2025-12-12,9:32:03.036331327,T,KO,F I,25,69.3
2025-12-12,9:32:03.036334802,T,KO,F,100,69.3
2025-12-12,9:32:03.036334802,T,KO,F,100,69.3
2025-12-12,9:32:03.160301588,T,KO,F,100,69.3
2025-12-12,9:32:03.160304614,T,KO,F,100,69.3
2025-12-12,9:32:03.160313669,T,KO,F I,22,69.3
2025-12-12,9:32:03.160319674,T,KO,I,1,69.3
2025-12-12,9:32:03.161140593,T,KO,F I,36,69.3
2025-12-12,9:32:03.188268207,T,KO,F I,2,69.29
2025-12-12,9:32:11.892697342,T,KO,,171,69.29
2025-12-12,9:32:11.892697342,T,KO,I,8,69.29
2025-12-12,9:32:18.919145301,T,KO,F I,2,69.3
2025-12-12,9:32:18.919148125,T,KO,F I,27,69.3
2025-12-12,9:32:18.919151153,T,KO,F I,39,69.3
2025-12-12,9:32:21.904433271,T,KO,F,147,69.31
2025-12-12,9:32:21.904433271,T,KO,F I,23,69.31
2025-12-12,9:32:21.904436237,T,KO,F I,2,69.31
2025-12-12,9:32:22.678260282,T,KO,F,300,69.33
2025-12-12,9:32:22.989627821,T,KO,F I,20,69.34
2025-12-12,9:32:22.989796189,T,KO,F I,20,69.35
2025-12-12,9:32:22.993636392,T,KO,I,1,69.365
2025-12-12,9:32:22.998471868,T,KO,I,99,69.365
2025-12-12,9:32:22.998474933,T,KO,I,1,69.365
2025-12-12,9:32:22.998944049,T,KO,I,9,69.365
2025-12-12,9:32:25.058744822,T,KO,F I,2,69.39
2025-12-12,9:32:32.692925083,T,KO,F,105,69.39
2025-12-12,9:32:32.692925083,T,KO,F I,60,69.39
2025-12-12,9:32:32.692928488,T,KO,F,100,69.39
2025-12-12,9:32:32.692928488,T,KO,F,100,69.39
2025-12-12,9:32:32.692931101,T,KO,F,400,69.39
2025-12-12,9:32:32.704653005,T,KO,,100,69.38
2025-12-12,9:32:32.704653005,T,KO,I,2,69.38
2025-12-12,9:32:32.704656037,T,KO,,100,69.38
2025-12-12,9:32:32.882716134,T,KO,,100,69.39
2025-12-12,9:32:32.882734121,T,KO,I,1,69.39
2025-12-12,9:32:32.882740318,T,KO,F I,1,69.39
2025-12-12,9:32:32.882740318,T,KO,F,100,69.39
2025-12-12,9:32:32.920212398,T,KO,F,100,69.4
2025-12-12,9:32:32.920215433,T,KO,F I,2,69.4
2025-12-12,9:32:32.920219183,T,KO,F,100,69.4
2025-12-12,9:32:42.526287905,T,KO,,140,69.41
2025-12-12,9:32:42.526290938,T,KO,I,2,69.41
2025-12-12,9:32:42.531382085,T,KO,I,7,69.42
2025-12-12,9:32:42.531815150,T,KO,,100,69.42
2025-12-12,9:32:43.726253849,T,KO,F,140,69.4
2025-12-12,9:32:43.726319978,T,KO,I,29,69.41
2025-12-12,9:32:43.726368156,T,KO,F I,29,69.4
2025-12-12,9:32:43.727355146,T,KO,I,20,69.39
2025-12-12,9:32:43.727357866,T,KO,,120,69.39
2025-12-12,9:32:43.727360540,T,KO,,100,69.39
2025-12-12,9:32:43.730785786,T,KO,F,100,69.39
2025-12-12,9:32:43.730788623,T,KO,F I,2,69.39
2025-12-12,9:32:43.730791653,T,KO,F I,98,69.39
2025-12-12,9:32:43.730806722,T,KO,I,1,69.39
2025-12-12,9:32:43.731741940,T,KO,F I,1,69.39
2025-12-12,9:32:43.773637681,T,KO,F I,38,69.39
2025-12-12,9:32:43.781898331,T,KO,F I,2,69.39
2025-12-12,9:32:43.852512611,T,KO,,100,69.4
2025-12-12,9:32:43.852548644,T,KO,I,2,69.39
2025-12-12,9:32:43.852548644,T,KO,,200,69.39
2025-12-12,9:32:43.868185912,T,KO,F I,2,69.39
2025-12-12,9:32:54.276361831,T,KO,,200,69.39
2025-12-12,9:32:55.409683756,T,KO,,100,69.4
2025-12-12,9:32:55.409683756,T,KO,,100,69.4
2025-12-12,9:32:55.409701027,T,KO,I,1,69.4
2025-12-12,9:33:00.007567685,T,KO,F,100,69.4
2025-12-12,9:33:03.151685803,T,KO,I,2,69.4
2025-12-12,9:33:03.151685803,T,KO,I,2,69.4
2025-12-12,9:33:03.151691001,T,KO,,100,69.4
2025-12-12,9:33:04.408703325,T,KO,F,140,69.38
2025-12-12,9:33:04.408961476,T,KO,,120,69.37
2025-12-12,9:33:04.408964429,T,KO,I,25,69.37
2025-12-12,9:33:04.408982484,T,KO,I,15,69.37
2025-12-12,9:33:05.734665814,T,KO,F I,2,69.37
2025-12-12,9:33:05.735119833,T,KO,,100,69.38
2025-12-12,9:33:05.735122838,T,KO,,100,69.38
2025-12-12,9:33:11.506781021,T,KO,F I,28,69.39
2025-12-12,9:33:11.507066767,T,KO,F I,30,69.4
2025-12-12,9:33:11.507069786,T,KO,F,200,69.4
2025-12-12,9:33:11.967893251,T,KO,F I,20,69.41
2025-12-12,9:33:11.967893251,T,KO,F I,10,69.41
2025-12-12,9:33:12.168290755,T,KO,F,100,69.42
2025-12-12,9:33:12.168290755,T,KO,F,100,69.42
2025-12-12,9:33:12.175387438,T,KO,,100,69.43
2025-12-12,9:33:12.175387438,T,KO,,100,69.43
2025-12-12,9:33:12.175411920,T,KO,F,100,69.43
2025-12-12,9:33:12.175414544,T,KO,F I,34,69.43
2025-12-12,9:33:12.175414544,T,KO,I,1,69.43
2025-12-12,9:33:12.175889656,T,KO,I,55,69.43
2025-12-12,9:33:22.385424489,T,KO,,200,69.44
2025-12-12,9:33:24.094072942,T,KO,,300,69.445
2025-12-12,9:33:36.671732927,T,KO,I,36,69.475
2025-12-12,9:33:36.672138931,T,KO,I,64,69.475
2025-12-12,9:33:36.672944769,T,KO,I,33,69.47
2025-12-12,9:33:36.673404893,T,KO,F,100,69.47
2025-12-12,9:33:36.673410970,T,KO,F,100,69.47
2025-12-12,9:33:39.015750000,T,KO,,120,69.46
2025-12-12,9:33:39.015750000,T,KO,I,40,69.46
2025-12-12,9:33:39.015752783,T,KO,,600,69.46
2025-12-12,9:33:39.670471917,T,KO,F,100,69.45
2025-12-12,9:33:39.672128966,T,KO,,103,69.455
2025-12-12,9:33:39.746189299,T,KO,,100,69.455
2025-12-12,9:33:39.746189299,T,KO,I,34,69.45
2025-12-12,9:33:39.774249154,T,KO,,100,69.455
2025-12-12,9:33:45.940795834,T,KO,F I,11,69.48
2025-12-12,9:33:52.747158292,T,KO,I,1,69.475
2025-12-12,9:33:56.767640750,T,KO,F I,2,69.46
2025-12-12,9:33:56.767646910,T,KO,F I,25,69.46
2025-12-12,9:33:56.767649795,T,KO,F I,44,69.46
2025-12-12,9:33:56.768566945,T,KO,F I,44,69.46
2025-12-12,9:33:56.768690269,T,KO,I,75,69.46
2025-12-12,9:33:56.777823233,T,KO,F I,2,69.46
2025-12-12,9:33:56.777823233,T,KO,F I,44,69.46
2025-12-12,9:33:56.777829042,T,KO,F,120,69.46
2025-12-12,9:33:56.778117740,T,KO,F I,17,69.46
2025-12-12,9:33:56.778442500,T,KO,F I,83,69.46
2025-12-12,9:33:56.778445567,T,KO,F I,53,69.46
2025-12-12,9:33:56.778445567,T,KO,F I,47,69.46
2025-12-12,9:33:56.779242437,T,KO,F,100,69.46
2025-12-12,9:34:02.232658754,T,KO,F,100,69.49
2025-12-12,9:34:02.232670786,T,KO,I,1,69.49
2025-12-12,9:34:04.027008218,T,KO,F I,5,69.5
2025-12-12,9:34:04.027011255,T,KO,F I,15,69.5
2025-12-12,9:34:04.027441345,T,KO,F I,20,69.51
2025-12-12,9:34:04.028695335,T,KO,F I,54,69.5
2025-12-12,9:34:04.029194422,T,KO,I,54,69.49
2025-12-12,9:34:04.192041360,T,KO,,100,69.49
2025-12-12,9:34:04.192941318,T,KO,I,54,69.48
2025-12-12,9:34:04.192943468,T,KO,F I,46,69.48
2025-12-12,9:34:15.323099646,T,KO,,120,69.46
2025-12-12,9:34:15.323103204,T,KO,I,2,69.46
2025-12-12,9:34:15.323124348,T,KO,,100,69.46
2025-12-12,9:34:15.323126760,T,KO,,100,69.46
2025-12-12,9:34:15.323129778,T,KO,I,3,69.46
2025-12-12,9:34:15.323445513,T,KO,I,3,69.46
2025-12-12,9:34:15.381871637,T,KO,I,2,69.455
2025-12-12,9:34:17.613312116,T,KO,F,100,69.45
2025-12-12,9:34:17.613336829,T,KO,I,1,69.45
2025-12-12,9:34:17.614227138,T,KO,F,100,69.45
2025-12-12,9:34:17.614289518,T,KO,F I,3,69.45
2025-12-12,9:34:17.614313542,T,KO,I,31,69.45
2025-12-12,9:34:17.614367662,T,KO,F,100,69.45
2025-12-12,9:34:17.614370977,T,KO,F,100,69.45
2025-12-12,9:34:17.614373878,T,KO,F I,6,69.45
2025-12-12,9:34:17.614373878,T,KO,F I,64,69.45
2025-12-12,9:34:17.614668443,T,KO,F I,2,69.45
2025-12-12,9:34:17.614780030,T,KO,F,100,69.45
2025-12-12,9:34:17.614780030,T,KO,F,100,69.45
2025-12-12,9:34:17.614821751,T,KO,,100,69.45
2025-12-12,9:34:17.614848884,T,KO,F I,3,69.45
2025-12-12,9:34:17.617062122,T,KO,F,100,69.45
2025-12-12,9:34:17.631658865,T,KO,F I,9,69.46
2025-12-12,9:34:20.277468329,T,KO,F I,91,69.46
2025-12-12,9:34:20.277468329,T,KO,F I,51,69.46
2025-12-12,9:34:22.059575658,T,KO,,300,69.48
2025-12-12,9:34:22.078322292,T,KO,F I,55,69.48
2025-12-12,9:34:23.726677149,T,KO,F I,9,69.5
2025-12-12,9:34:23.737018753,T,KO,F I,1,69.495
2025-12-12,9:34:25.317676415,T,KO,I,5,69.5
2025-12-12,9:34:25.317679362,T,KO,I,44,69.5
2025-12-12,9:34:25.317697482,T,KO,F I,44,69.5
2025-12-12,9:34:28.302368881,T,KO,,100,69.49
2025-12-12,9:34:28.302371928,T,KO,I,42,69.49
2025-12-12,9:34:28.406912890,T,KO,,300,69.495
2025-12-12,9:34:35.257622222,T,KO,F,200,69.49
2025-12-12,9:34:35.257622222,T,KO,F I,2,69.49
2025-12-12,9:34:35.285390142,T,KO,F I,21,69.485
2025-12-12,9:34:35.293744039,T,KO,F I,1,69.485
2025-12-12,9:34:35.294507873,T,KO,I,20,69.48
2025-12-12,9:34:35.294507873,T,KO,,120,69.48
2025-12-12,9:34:35.305393861,T,KO,F I,82,69.475
2025-12-12,9:34:35.327806253,T,KO,F I,4,69.475
2025-12-12,9:34:35.327929471,T,KO,F,100,69.47
2025-12-12,9:34:35.342487226,T,KO,F I,1,69.47
2025-12-12,9:34:35.635017919,T,KO,F I,72,69.46
2025-12-12,9:34:35.635020854,T,KO,F,200,69.46
2025-12-12,9:34:35.652420364,T,KO,,300,69.455
2025-12-12,9:34:36.132814477,T,KO,F I,72,69.46
2025-12-12,9:34:36.132853591,T,KO,,300,69.46
2025-12-12,9:34:36.132859611,T,KO,,200,69.46
2025-12-12,9:34:36.132892582,T,KO,F I,8,69.46
2025-12-12,9:34:36.133190320,T,KO,,100,69.46
2025-12-12,9:34:36.133190320,T,KO,I,8,69.46
2025-12-12,9:34:36.133197188,T,KO,I,31,69.46
2025-12-12,9:34:36.133197188,T,KO,,100,69.46
2025-12-12,9:34:36.133199325,T,KO,,100,69.46
2025-12-12,9:34:36.133203143,T,KO,,100,69.46
2025-12-12,9:34:36.133203143,T,KO,I,39,69.46
2025-12-12,9:34:36.133211376,T,KO,I,1,69.46
2025-12-12,9:34:37.361850589,T,KO,F I,2,69.46
2025-12-12,9:34:41.312278288,T,KO,I,13,69.46
2025-12-12,9:34:46.975158249,T,KO,,100,69.46
2025-12-12,9:34:52.187436107,T,KO,I,2,69.455
2025-12-12,9:34:52.216909525,T,KO,I,50,69.455
2025-12-12,9:34:52.216912324,T,KO,,100,69.45
2025-12-12,9:34:52.216915345,T,KO,I,50,69.45
2025-12-12,9:34:52.216930470,T,KO,I,1,69.45
2025-12-12,9:34:52.216930470,T,KO,I,9,69.45
2025-12-12,9:34:52.216933438,T,KO,I,40,69.45
2025-12-12,9:34:52.927170965,T,KO,I,50,69.44
2025-12-12,9:34:52.927796363,T,KO,,100,69.44
2025-12-12,9:34:52.927853549,T,KO,F,100,69.44
2025-12-12,9:34:52.927880562,T,KO,I,1,69.44
2025-12-12,9:34:52.927901658,T,KO,F I,49,69.44
2025-12-12,9:34:52.927904633,T,KO,F I,1,69.44
2025-12-12,9:34:52.927913675,T,KO,F I,99,69.44
2025-12-12,9:34:52.927913675,T,KO,F I,1,69.44
2025-12-12,9:34:52.928109216,T,KO,I,3,69.44
2025-12-12,9:34:52.928109216,T,KO,I,6,69.44
2025-12-12,9:34:52.988075014,T,KO,F I,10,69.435
2025-12-12,9:34:52.988078034,T,KO,F I,3,69.44
2025-12-12,9:34:52.988080955,T,KO,F I,87,69.44
2025-12-12,9:34:52.988087034,T,KO,F I,3,69.44
2025-12-12,9:34:52.988120094,T,KO,I,10,69.44
2025-12-12,9:34:52.988706474,T,KO,,100,69.44
2025-12-12,9:34:52.988763571,T,KO,F,100,69.44
2025-12-12,9:34:52.988775652,T,KO,F,100,69.44
2025-12-12,9:34:53.010015225,T,KO,F I,12,69.44
2025-12-12,9:34:53.193283720,T,KO,I,1,69.44
2025-12-12,9:34:53.331817977,T,KO,,100,69.45
2025-12-12,9:34:53.332218553,T,KO,I,51,69.45
2025-12-12,9:34:53.332277750,T,KO,F I,49,69.45
2025-12-12,9:34:53.332277750,T,KO,F,251,69.45
2025-12-12,9:34:55.021199240,T,KO,I,91,69.45
2025-12-12,9:34:55.021202254,T,KO,I,91,69.45
2025-12-12,9:34:55.061074180,T,KO,I,39,69.455
2025-12-12,9:34:55.697503981,T,KO,F I,75,69.45
2025-12-12,9:34:55.737715755,T,KO,,100,69.44
2025-12-12,9:34:56.053548913,T,KO,I,3,69.44
2025-12-12,9:34:56.053548913,T,KO,I,97,69.44
2025-12-12,9:34:56.053566948,T,KO,I,1,69.44
2025-12-12,9:34:56.053603066,T,KO,I,2,69.44
2025-12-12,9:34:56.053603066,T,KO,I,51,69.44
2025-12-12,9:34:56.053605992,T,KO,I,7,69.44
2025-12-12,9:34:56.053605992,T,KO,I,62,69.44
2025-12-12,9:34:56.053813531,T,KO,,100,69.44
2025-12-12,9:34:56.053816525,T,KO,I,3,69.44
2025-12-12,9:34:56.054409106,T,KO,,100,69.44
2025-12-12,9:34:56.054409106,T,KO,,200,69.43
2025-12-12,9:34:56.054412366,T,KO,,119,69.43
2025-12-12,9:34:56.054412366,T,KO,I,70,69.43
2025-12-12,9:34:57.330173413,T,KO,F,111,69.43
2025-12-12,9:34:57.330221530,T,KO,I,8,69.43
2025-12-12,9:34:57.330225180,T,KO,I,70,69.43
2025-12-12,9:34:57.330228251,T,KO,,100,69.43
2025-12-12,9:34:57.330228251,T,KO,,100,69.43
2025-12-12,9:34:57.330230584,T,KO,,100,69.43
2025-12-12,9:34:57.427196407,T,KO,F I,25,69.435
2025-12-12,9:34:57.802956360,T,KO,F I,2,69.435
2025-12-12,9:34:58.657053598,T,KO,,100,69.435
2025-12-12,9:34:58.679141177,T,KO,F I,5,69.435
2025-12-12,9:34:58.780275045,T,KO,I,95,69.435
2025-12-12,9:34:58.780281182,T,KO,,100,69.44
2025-12-12,9:34:58.780281182,T,KO,I,99,69.44
2025-12-12,9:34:58.780284017,T,KO,,104,69.44
2025-12-12,9:34:58.780293089,T,KO,I,1,69.44
2025-12-12,9:34:58.781514056,T,KO,,100,69.44
2025-12-12,9:34:58.872318295,T,KO,F I,47,69.435
2025-12-12,9:34:59.026943463,T,KO,I,35,69.435
2025-12-12,9:35:01.601014105,T,KO,F I,1,69.43
2025-12-12,9:35:04.042697295,T,KO,I,1,69.43
2025-12-12,9:35:04.042935499,T,KO,I,2,69.42
2025-12-12,9:35:04.042935499,T,KO,I,40,69.42
2025-12-12,9:35:04.042940879,T,KO,I,6,69.42
2025-12-12,9:35:04.042940879,T,KO,I,25,69.42
2025-12-12,9:35:04.095605391,T,KO,I,50,69.43
2025-12-12,9:35:04.095608377,T,KO,,200,69.43
2025-12-12,9:35:04.095611362,T,KO,,200,69.43
2025-12-12,9:35:04.130665904,T,KO,F I,5,69.44
2025-12-12,9:35:05.250713819,T,KO,F I,50,69.44
2025-12-12,9:35:05.250713819,T,KO,F I,60,69.44
2025-12-12,9:35:05.250717472,T,KO,F,200,69.44
2025-12-12,9:35:05.250717472,T,KO,F,100,69.44
2025-12-12,9:35:05.250719410,T,KO,F I,2,69.44
2025-12-12,9:35:06.918551663,T,KO,F,200,69.44
2025-12-12,9:35:06.927546119,T,KO,,100,69.45
2025-12-12,9:35:07.848507892,T,KO,I,35,69.46
2025-12-12,9:35:07.848540566,T,KO,F,200,69.46
2025-12-12,9:35:07.848543571,T,KO,F I,34,69.46
2025-12-12,9:35:07.848543571,T,KO,F I,10,69.46
2025-12-12,9:35:07.848549637,T,KO,F,100,69.46
2025-12-12,9:35:17.799411301,T,KO,,200,69.49
2025-12-12,9:35:17.799429393,T,KO,I,1,69.49
2025-12-12,9:35:17.799432331,T,KO,F I,56,69.49
2025-12-12,9:35:17.799456384,T,KO,F,100,69.49
2025-12-12,9:35:17.799462468,T,KO,F,100,69.49
2025-12-12,9:35:17.799483904,T,KO,F,200,69.49
2025-12-12,9:35:17.799501582,T,KO,,343,69.49
2025-12-12,9:35:20.273187151,T,KO,F I,48,69.49
2025-12-12,9:35:20.273481754,T,KO,F I,52,69.49
2025-12-12,9:35:20.273539593,T,KO,I,77,69.49
2025-12-12,9:35:39.915828461,T,KO,F I,84,69.51
2025-12-12,9:35:39.915831605,T,KO,F,100,69.51
2025-12-12,9:35:39.915831605,T,KO,F I,7,69.51
2025-12-12,9:35:39.916438852,T,KO,F I,57,69.51
2025-12-12,9:35:45.740057840,T,KO,F I,8,69.52
2025-12-12,9:35:45.740064456,T,KO,F,123,69.52
2025-12-12,9:35:45.740067007,T,KO,F I,25,69.52
2025-12-12,9:35:45.740067007,T,KO,F,100,69.52
2025-12-12,9:35:45.753980967,T,KO,I,10,69.52
2025-12-12,9:35:45.756422810,T,KO,F I,74,69.53
2025-12-12,9:35:45.756422810,T,KO,F,100,69.53
2025-12-12,9:35:45.756425730,T,KO,F,100,69.53
2025-12-12,9:35:53.827555552,T,KO,F I,80,69.52
2025-12-12,9:35:53.827559176,T,KO,F I,60,69.52
2025-12-12,9:35:53.827561606,T,KO,F,120,69.52
2025-12-12,9:35:53.827564431,T,KO,F I,91,69.52
2025-12-12,9:35:53.827567687,T,KO,F I,3,69.52
2025-12-12,9:35:53.827567687,T,KO,F I,1,69.52
2025-12-12,9:35:53.827574228,T,KO,F I,2,69.52
2025-12-12,9:35:53.827574228,T,KO,F,100,69.52
2025-12-12,9:35:53.827579542,T,KO,F I,3,69.52
2025-12-12,9:35:53.827579542,T,KO,F I,2,69.52
2025-12-12,9:35:53.827579542,T,KO,F,100,69.52
2025-12-12,9:35:53.827582502,T,KO,F I,1,69.52
2025-12-12,9:35:53.827621611,T,KO,F I,2,69.52
2025-12-12,9:35:53.827621611,T,KO,F I,69,69.52
2025-12-12,9:35:53.827958465,T,KO,F,220,69.51
2025-12-12,9:35:53.827961459,T,KO,F,140,69.51
2025-12-12,9:35:53.827970476,T,KO,F,100,69.51
2025-12-12,9:35:53.827976402,T,KO,I,74,69.51
2025-12-12,9:35:53.828211215,T,KO,,100,69.51
2025-12-12,9:35:53.828211215,T,KO,,100,69.51
2025-12-12,9:35:53.828214037,T,KO,I,3,69.51
2025-12-12,9:35:53.828280146,T,KO,I,3,69.51
2025-12-12,9:35:53.828482247,T,KO,F,100,69.51
2025-12-12,9:35:53.828487830,T,KO,F I,25,69.52
2025-12-12,9:35:53.828487830,T,KO,F I,71,69.52
2025-12-12,9:35:53.828491796,T,KO,F,100,69.52
2025-12-12,9:35:53.828493962,T,KO,F,100,69.52
2025-12-12,9:35:53.828496662,T,KO,F,200,69.52
2025-12-12,9:35:53.828499694,T,KO,F,100,69.52
2025-12-12,9:35:53.828499694,T,KO,F I,99,69.52
2025-12-12,9:35:53.828968789,T,KO,F,100,69.51
2025-12-12,9:35:53.828968789,T,KO,F I,67,69.51
2025-12-12,9:35:53.829191322,T,KO,F I,1,69.52
2025-12-12,9:35:53.878653191,T,KO,I,33,69.52
2025-12-12,9:35:53.878656724,T,KO,I,25,69.52
2025-12-12,9:35:54.105814191,T,KO,F,100,69.515
2025-12-12,9:35:54.105820227,T,KO,F I,10,69.515
2025-12-12,9:35:54.105820227,T,KO,F,100,69.52
2025-12-12,9:35:54.105823228,T,KO,F,100,69.52
2025-12-12,9:35:54.105823228,T,KO,F I,90,69.52
2025-12-12,9:35:54.105838270,T,KO,I,1,69.52
2025-12-12,9:35:54.105874343,T,KO,I,9,69.52
2025-12-12,9:35:54.105877370,T,KO,,100,69.52
2025-12-12,9:35:58.703013313,T,KO,,100,69.53
2025-12-12,9:35:58.703013313,T,KO,I,19,69.53
2025-12-12,9:35:58.703539497,T,KO,,200,69.53
2025-12-12,9:35:59.092055803,T,KO,F I,1,69.54
2025-12-12,9:35:59.092058736,T,KO,F I,3,69.54
2025-12-12,9:36:02.128360271,T,KO,,100,69.535
2025-12-12,9:36:07.793200779,T,KO,F I,1,69.54
2025-12-12,9:36:07.793787239,T,KO,F I,75,69.54
2025-12-12,9:36:09.250071589,T,KO,I,4,69.535
2025-12-12,9:36:12.151071665,T,KO,I,18,69.535
2025-12-12,9:36:12.151492668,T,KO,I,82,69.535
2025-12-12,9:36:14.475226090,T,KO,I,20,69.53
2025-12-12,9:36:14.475226090,T,KO,,182,69.53
2025-12-12,9:36:14.475244164,T,KO,F I,58,69.53
2025-12-12,9:36:16.743059351,T,KO,F I,75,69.53
2025-12-12,9:36:16.743059351,T,KO,F I,1,69.53
2025-12-12,9:36:21.495590208,T,KO,I,20,69.53
2025-12-12,9:36:29.616597925,T,KO,F I,15,69.54
2025-12-12,9:36:29.616597925,T,KO,F I,17,69.54
2025-12-12,9:36:29.616599978,T,KO,F I,20,69.54
2025-12-12,9:36:29.616602831,T,KO,F,100,69.54
2025-12-12,9:36:29.616614895,T,KO,F,100,69.54
2025-12-12,9:36:31.156898625,T,KO,F,120,69.53
2025-12-12,9:36:31.156898625,T,KO,F,100,69.53
2025-12-12,9:36:31.159601801,T,KO,F,120,69.52
2025-12-12,9:36:31.159604878,T,KO,F I,80,69.52
2025-12-12,9:36:31.159604878,T,KO,F I,80,69.52
2025-12-12,9:36:38.310353463,T,KO,I,10,69.515
2025-12-12,9:36:44.459852462,T,KO,I,1,69.53
2025-12-12,9:36:44.461196672,T,KO,F,180,69.53
2025-12-12,9:36:45.241371847,T,KO,I,60,69.53
2025-12-12,9:36:45.241374768,T,KO,I,80,69.53
2025-12-12,9:36:47.918630093,T,KO,I,13,69.52
2025-12-12,9:36:48.206815483,T,KO,,200,69.52
2025-12-12,9:36:51.395141015,T,KO,F,100,69.53
2025-12-12,9:36:52.148002046,T,KO,,100,69.54
2025-12-12,9:37:00.896576182,T,KO,F I,1,69.54
2025-12-12,9:37:00.896594839,T,KO,F I,99,69.54
2025-12-12,9:37:00.896597240,T,KO,F,100,69.54
2025-12-12,9:37:03.062737903,T,KO,F,100,69.55
2025-12-12,9:37:03.062737903,T,KO,F I,6,69.55
2025-12-12,9:37:03.062740998,T,KO,F I,10,69.55
2025-12-12,9:37:03.062743245,T,KO,F I,11,69.55
2025-12-12,9:37:03.062743245,T,KO,F,100,69.55
2025-12-12,9:37:03.063570237,T,KO,F I,10,69.55
2025-12-12,9:37:03.255258848,T,KO,F I,1,69.55
2025-12-12,9:37:04.210961840,T,KO,F I,1,69.54
2025-12-12,9:37:05.372003291,T,KO,F,120,69.53
2025-12-12,9:37:05.372003291,T,KO,F I,42,69.53
2025-12-12,9:37:10.681694952,T,KO,I,1,69.53
2025-12-12,9:37:20.603328057,T,KO,F I,20,69.53
2025-12-12,9:37:20.603333245,T,KO,F,160,69.53
2025-12-12,9:37:20.603333245,T,KO,F,300,69.53
2025-12-12,9:37:20.652924277,T,KO,I,2,69.53
2025-12-12,9:37:20.652945590,T,KO,F I,98,69.53
2025-12-12,9:37:20.652945590,T,KO,F I,61,69.53
2025-12-12,9:37:20.652948354,T,KO,F,100,69.53
2025-12-12,9:37:20.652951328,T,KO,F I,1,69.53
2025-12-12,9:37:20.653793591,T,KO,F I,10,69.54
2025-12-12,9:37:20.653796339,T,KO,F,100,69.54
2025-12-12,9:37:20.653799307,T,KO,F,100,69.54
2025-12-12,9:37:22.062579580,T,KO,F,134,69.55
2025-12-12,9:37:22.062594558,T,KO,I,1,69.55
2025-12-12,9:37:22.062597622,T,KO,F,365,69.55
2025-12-12,9:37:22.068915690,T,KO,,100,69.55
2025-12-12,9:37:22.215289351,T,KO,F I,4,69.55
2025-12-12,9:37:22.215292267,T,KO,F I,77,69.55
2025-12-12,9:37:32.540440447,T,KO,I,2,69.56
2025-12-12,9:37:32.540789232,T,KO,I,2,69.56
2025-12-12,9:37:32.542023076,T,KO,F I,57,69.56
2025-12-12,9:37:32.542028204,T,KO,F,100,69.56
2025-12-12,9:37:32.542031184,T,KO,F I,71,69.56
2025-12-12,9:37:35.004575095,T,KO,I,5,69.555
2025-12-12,9:37:35.312977905,T,KO,I,43,69.55
2025-12-12,9:37:35.312980717,T,KO,,100,69.55
2025-12-12,9:37:37.146573638,T,KO,,100,69.535
2025-12-12,9:37:37.146573638,T,KO,I,28,69.54
2025-12-12,9:37:37.147262542,T,KO,I,16,69.54
2025-12-12,9:37:37.147262542,T,KO,I,20,69.54
2025-12-12,9:37:37.147370531,T,KO,F I,4,69.54
2025-12-12,9:37:37.147379581,T,KO,F I,57,69.54
2025-12-12,9:37:43.088816051,T,KO,,100,69.535
2025-12-12,9:37:51.749280348,T,KO,I,4,69.54
2025-12-12,9:37:51.749280348,T,KO,I,57,69.54
2025-12-12,9:37:51.749283418,T,KO,I,20,69.54
2025-12-12,9:37:51.749286396,T,KO,I,81,69.54
2025-12-12,9:37:51.749298756,T,KO,F I,19,69.54
2025-12-12,9:37:52.910105115,T,KO,,300,69.545
2025-12-12,9:37:53.409970548,T,KO,,160,69.54
2025-12-12,9:37:53.409973598,T,KO,,100,69.54
2025-12-12,9:37:55.769170461,T,KO,F I,4,69.54
2025-12-12,9:37:55.769170461,T,KO,F I,2,69.54
2025-12-12,9:37:55.769594445,T,KO,F I,20,69.53
2025-12-12,9:37:55.769598949,T,KO,F,120,69.53
2025-12-12,9:37:55.769600499,T,KO,F,400,69.53
2025-12-12,9:37:55.769603446,T,KO,F,100,69.53
2025-12-12,9:37:55.770646869,T,KO,I,20,69.52
2025-12-12,9:37:55.770677261,T,KO,I,80,69.52
2025-12-12,9:37:55.787186269,T,KO,F I,62,69.52
2025-12-12,9:38:00.879189860,T,KO,I,2,69.525
2025-12-12,9:38:03.808010366,T,KO,F I,62,69.52
2025-12-12,9:38:03.808015210,T,KO,F I,20,69.52
2025-12-12,9:38:03.808015210,T,KO,F I,4,69.52
2025-12-12,9:38:03.808018652,T,KO,F I,96,69.52
2025-12-12,9:38:05.560459941,T,KO,,200,69.53
2025-12-12,9:38:05.560475014,T,KO,I,1,69.53
2025-12-12,9:38:09.782704909,T,KO,F I,4,69.54
2025-12-12,9:38:12.202306475,T,KO,F,112,69.55
2025-12-12,9:38:12.202318527,T,KO,I,1,69.55
2025-12-12,9:38:12.202327599,T,KO,F I,4,69.55
2025-12-12,9:38:17.991394074,T,KO,I,1,69.57
2025-12-12,9:38:19.858336488,T,KO,I,99,69.57
2025-12-12,9:38:23.506905242,T,KO,F I,20,69.58
2025-12-12,9:38:23.506905242,T,KO,F I,1,69.58
2025-12-12,9:38:23.506908278,T,KO,F I,25,69.58
2025-12-12,9:38:23.506911142,T,KO,F I,15,69.58
2025-12-12,9:38:23.506911142,T,KO,F I,25,69.58
2025-12-12,9:38:23.543342942,T,KO,F,100,69.59
2025-12-12,9:38:29.157873768,T,KO,F,100,69.58
2025-12-12,9:38:35.664978513,T,KO,F,100,69.58
2025-12-12,9:38:37.575759392,T,KO,I,6,69.59
2025-12-12,9:38:37.917018120,T,KO,I,25,69.59
2025-12-12,9:38:49.223670769,T,KO,F I,2,69.6
2025-12-12,9:38:49.234992795,T,KO,F,100,69.62
2025-12-12,9:38:49.423791789,T,KO,F,100,69.63
2025-12-12,9:38:49.423794475,T,KO,F I,25,69.63
2025-12-12,9:38:49.527965512,T,KO,I,51,69.635
2025-12-12,9:38:55.703076563,T,KO,I,2,69.65
2025-12-12,9:38:55.703079606,T,KO,,300,69.65
2025-12-12,9:38:55.703082599,T,KO,,100,69.65
2025-12-12,9:38:55.703290133,T,KO,F I,50,69.65
2025-12-12,9:38:55.703290133,T,KO,F I,4,69.65
2025-12-12,9:38:55.703299123,T,KO,F,300,69.65
2025-12-12,9:39:00.611513789,T,KO,,100,69.65
2025-12-12,9:39:05.114182636,T,KO,I,1,69.655
2025-12-12,9:39:06.499218351,T,KO,F I,39,69.655
2025-12-12,9:39:06.499419920,T,KO,I,60,69.655
2025-12-12,9:39:16.098717212,T,KO,F I,50,69.66
2025-12-12,9:39:16.098720173,T,KO,F,100,69.66
2025-12-12,9:39:16.098723231,T,KO,F I,2,69.66
2025-12-12,9:39:22.106663126,T,KO,F,160,69.67
2025-12-12,9:39:22.106666149,T,KO,F I,4,69.67
2025-12-12,9:39:22.106669230,T,KO,F,164,69.67
2025-12-12,9:39:22.106669230,T,KO,F I,16,69.67
2025-12-12,9:39:23.209581918,T,KO,,100,69.665
2025-12-12,9:39:23.209585006,T,KO,,100,69.67
2025-12-12,9:39:23.209596961,T,KO,I,1,69.67
2025-12-12,9:39:23.209606055,T,KO,F,100,69.67
2025-12-12,9:39:23.209606055,T,KO,F I,9,69.67
2025-12-12,9:39:38.910492294,T,KO,F I,4,69.68
2025-12-12,9:39:38.911830706,T,KO,F I,25,69.68
2025-12-12,9:39:38.911830706,T,KO,F I,1,69.68
2025-12-12,9:39:38.911834174,T,KO,F I,49,69.68
2025-12-12,9:39:38.911836623,T,KO,F,100,69.68
2025-12-12,9:39:38.911836623,T,KO,F I,5,69.68
2025-12-12,9:39:38.912212471,T,KO,F,160,69.67
2025-12-12,9:39:38.912212471,T,KO,F,100,69.67
2025-12-12,9:39:38.912215452,T,KO,F,300,69.67
2025-12-12,9:39:38.912236458,T,KO,,100,69.67
2025-12-12,9:39:38.913400215,T,KO,,100,69.67
2025-12-12,9:39:38.913400215,T,KO,,100,69.67
2025-12-12,9:39:38.913403284,T,KO,I,40,69.67
2025-12-12,9:39:38.913418341,T,KO,I,1,69.67
2025-12-12,9:39:38.913439351,T,KO,I,50,69.67
2025-12-12,9:39:38.913442726,T,KO,,100,69.67
2025-12-12,9:39:39.112050428,T,KO,F I,51,69.67
2025-12-12,9:39:39.112053761,T,KO,F I,52,69.67
2025-12-12,9:39:39.112053761,T,KO,F I,11,69.67
2025-12-12,9:39:39.112056394,T,KO,F,170,69.67
2025-12-12,9:39:39.112069170,T,KO,F I,63,69.67
2025-12-12,9:39:40.727164548,T,KO,F I,12,69.66
2025-12-12,9:39:40.727876745,T,KO,I,50,69.66
2025-12-12,9:39:40.727879724,T,KO,,100,69.66
2025-12-12,9:39:41.422549284,T,KO,,100,69.66
2025-12-12,9:39:41.422564248,T,KO,I,1,69.66
2025-12-12,9:39:41.422982259,T,KO,I,49,69.66
2025-12-12,9:39:41.423000322,T,KO,I,1,69.66
2025-12-12,9:39:41.426524724,T,KO,,100,69.66
2025-12-12,9:39:41.437642152,T,KO,,100,69.66
2025-12-12,9:39:41.449291980,T,KO,,100,69.66
2025-12-12,9:39:41.449324978,T,KO,I,5,69.66
2025-12-12,9:39:41.449324978,T,KO,I,50,69.66
2025-12-12,9:39:41.449327980,T,KO,I,1,69.66
2025-12-12,9:39:43.222934252,T,KO,F I,22,69.66
2025-12-12,9:39:43.222955165,T,KO,F I,28,69.66
2025-12-12,9:39:44.718735672,T,KO,F I,2,69.65
2025-12-12,9:39:44.982463812,T,KO,,100,69.65
2025-12-12,9:39:44.982466812,T,KO,I,44,69.65
2025-12-12,9:39:44.983269692,T,KO,F I,37,69.65
2025-12-12,9:39:44.983287811,T,KO,F I,36,69.65
2025-12-12,9:39:44.994684952,T,KO,F I,4,69.65
2025-12-12,9:39:44.994687928,T,KO,F I,49,69.65
2025-12-12,9:39:47.284689912,T,KO,I,1,69.63
2025-12-12,9:39:47.284996709,T,KO,I,49,69.62
2025-12-12,9:39:47.284996709,T,KO,I,51,69.63
2025-12-12,9:39:47.285050870,T,KO,I,49,69.63
2025-12-12,9:39:47.285053825,T,KO,I,49,69.63
2025-12-12,9:39:47.285057070,T,KO,,100,69.63
2025-12-12,9:39:47.285059903,T,KO,I,4,69.63
2025-12-12,9:39:47.285059903,T,KO,I,10,69.63
2025-12-12,9:39:47.285063024,T,KO,,100,69.63
2025-12-12,9:39:47.285065865,T,KO,,124,69.63
2025-12-12,9:39:47.285077798,T,KO,I,1,69.63
2025-12-12,9:40:01.888999629,T,KO,F I,49,69.64
2025-12-12,9:40:01.888999629,T,KO,F I,2,69.64
2025-12-12,9:40:04.648636118,T,KO,F I,1,69.64
2025-12-12,9:40:04.648951957,T,KO,,100,69.64
2025-12-12,9:40:04.648997023,T,KO,F I,42,69.64
2025-12-12,9:40:04.648997023,T,KO,F I,4,69.64
2025-12-12,9:40:06.243367237,T,KO,F I,4,69.64
2025-12-12,9:40:06.243370246,T,KO,F I,42,69.64
2025-12-12,9:40:08.488433716,T,KO,I,1,69.63
2025-12-12,9:40:08.488433716,T,KO,I,1,69.63
2025-12-12,9:40:08.488436194,T,KO,I,35,69.63
2025-12-12,9:40:18.244969007,T,KO,F I,18,69.63
2025-12-12,9:40:18.244972129,T,KO,F,100,69.63
2025-12-12,9:40:18.244972129,T,KO,F I,1,69.63
2025-12-12,9:40:18.244974964,T,KO,F I,25,69.63
2025-12-12,9:40:18.445880573,T,KO,,100,69.63
2025-12-12,9:40:23.495047005,T,KO,F I,21,69.63
2025-12-12,9:40:23.495047005,T,KO,F I,2,69.63
2025-12-12,9:40:23.568256371,T,KO,I,36,69.62
2025-12-12,9:40:23.568256371,T,KO,I,2,69.62
2025-12-12,9:40:29.623992531,T,KO,F,120,69.61
2025-12-12,9:40:29.623992531,T,KO,F,100,69.61
2025-12-12,9:40:31.098578233,T,KO,I,4,69.61
2025-12-12,9:40:31.098581190,T,KO,,100,69.61
2025-12-12,9:40:31.098587426,T,KO,,100,69.61
2025-12-12,9:40:31.098683459,T,KO,F,100,69.61
2025-12-12,9:40:31.098731525,T,KO,F,100,69.6
2025-12-12,9:40:31.099110840,T,KO,,100,69.61
2025-12-12,9:40:31.099110840,T,KO,,100,69.61
2025-12-12,9:40:31.099114118,T,KO,,100,69.61
2025-12-12,9:40:31.099114118,T,KO,,100,69.61
2025-12-12,9:40:31.099119500,T,KO,,100,69.61
2025-12-12,9:40:31.099119500,T,KO,,100,69.61
2025-12-12,9:40:31.099119500,T,KO,,100,69.61
2025-12-12,9:40:31.099135131,T,KO,F I,14,69.61
2025-12-12,9:40:31.100037257,T,KO,F I,39,69.61
2025-12-12,9:40:31.100037257,T,KO,F,200,69.61
2025-12-12,9:40:32.475335173,T,KO,I,1,69.59
2025-12-12,9:40:33.405534614,T,KO,F I,1,69.6
2025-12-12,9:40:33.405537608,T,KO,F I,39,69.6
2025-12-12,9:40:36.173101021,T,KO,F I,2,69.6
2025-12-12,9:40:36.173747613,T,KO,,100,69.6
2025-12-12,9:40:42.671632359,T,KO,I,77,69.6
2025-12-12,9:40:42.671638877,T,KO,I,23,69.6
2025-12-12,9:40:45.235776308,T,KO,F I,20,69.59
2025-12-12,9:40:45.240241949,T,KO,,100,69.585
2025-12-12,9:40:51.202241556,T,KO,F I,29,69.61
2025-12-12,9:40:51.202259635,T,KO,F I,71,69.61
2025-12-12,9:40:51.202322676,T,KO,F,100,69.61
2025-12-12,9:40:57.582802614,T,KO,F,100,69.6
2025-12-12,9:40:57.582802614,T,KO,F I,2,69.6
2025-12-12,9:40:57.582805009,T,KO,F,100,69.6
2025-12-12,9:40:58.785693800,T,KO,,100,69.59
2025-12-12,9:40:58.897752765,T,KO,,100,69.59
2025-12-12,9:41:07.207777407,T,KO,F I,1,69.59
2025-12-12,9:41:07.219177569,T,KO,F I,25,69.59
2025-12-12,9:41:07.219180594,T,KO,F I,18,69.59
2025-12-12,9:41:07.219352738,T,KO,F,100,69.585
2025-12-12,9:41:07.219352738,T,KO,F I,20,69.58
2025-12-12,9:41:07.219355080,T,KO,F I,10,69.58
2025-12-12,9:41:07.223375551,T,KO,F I,32,69.58
2025-12-12,9:41:07.223375551,T,KO,F I,25,69.58
2025-12-12,9:41:07.223667648,T,KO,F,200,69.58
2025-12-12,9:41:07.224945329,T,KO,F I,43,69.59
2025-12-12,9:41:07.231431796,T,KO,F I,49,69.59
2025-12-12,9:41:07.231723429,T,KO,F I,42,69.59
2025-12-12,9:41:07.231723429,T,KO,F I,58,69.59
2025-12-12,9:41:07.232009138,T,KO,F I,42,69.59
2025-12-12,9:41:07.232048292,T,KO,I,1,69.59
2025-12-12,9:41:07.232499343,T,KO,F I,99,69.59
2025-12-12,9:41:07.232502373,T,KO,F,129,69.58
2025-12-12,9:41:07.232794039,T,KO,F,200,69.58
2025-12-12,9:41:07.232797044,T,KO,F I,53,69.58
2025-12-12,9:41:07.235629726,T,KO,F,100,69.58
2025-12-12,9:41:07.238751204,T,KO,I,50,69.58
2025-12-12,9:41:07.238754482,T,KO,I,39,69.58
2025-12-12,9:41:07.239421784,T,KO,,129,69.58
2025-12-12,9:41:07.239815794,T,KO,F,100,69.59
2025-12-12,9:41:07.239815794,T,KO,F,100,69.59
2025-12-12,9:41:07.239818769,T,KO,F I,35,69.59
2025-12-12,9:41:07.252641255,T,KO,I,61,69.58
2025-12-12,9:41:07.252641255,T,KO,I,28,69.58
2025-12-12,9:41:07.253308885,T,KO,I,72,69.58
2025-12-12,9:41:07.255708598,T,KO,,100,69.58
2025-12-12,9:41:07.255711630,T,KO,I,82,69.58
2025-12-12,9:41:07.261671758,T,KO,I,50,69.58
2025-12-12,9:41:07.261674848,T,KO,,200,69.58
2025-12-12,9:41:07.262327395,T,KO,F I,50,69.58
2025-12-12,9:41:07.267598927,T,KO,F I,10,69.58
2025-12-12,9:41:07.267851640,T,KO,F I,87,69.58
2025-12-12,9:41:07.267854787,T,KO,F,100,69.58
2025-12-12,9:41:07.268092081,T,KO,F I,50,69.58
2025-12-12,9:41:07.268967222,T,KO,,128,69.57
2025-12-12,9:41:07.273453888,T,KO,I,72,69.57
2025-12-12,9:41:07.273453888,T,KO,I,15,69.57
2025-12-12,9:41:07.277636874,T,KO,I,10,69.58
2025-12-12,9:41:07.277639849,T,KO,,200,69.58
2025-12-12,9:41:07.295821097,T,KO,I,29,69.58
2025-12-12,9:41:07.298205794,T,KO,F I,5,69.58
2025-12-12,9:41:07.298473464,T,KO,F I,53,69.58
2025-12-12,9:41:07.343578472,T,KO,I,19,69.58
2025-12-12,9:41:07.343584094,T,KO,,165,69.59
2025-12-12,9:41:07.343584094,T,KO,I,25,69.59
2025-12-12,9:41:07.343586989,T,KO,I,10,69.59
2025-12-12,9:41:07.343833497,T,KO,F I,86,69.59
2025-12-12,9:41:07.464071851,T,KO,F,200,69.6
2025-12-12,9:41:07.464071851,T,KO,F I,25,69.6
2025-12-12,9:41:07.471045505,T,KO,F,114,69.6
2025-12-12,9:41:07.614393919,T,KO,I,10,69.59
2025-12-12,9:41:07.904633186,T,KO,F I,41,69.59
2025-12-12,9:41:08.052305925,T,KO,I,18,69.6
2025-12-12,9:41:08.208004956,T,KO,,100,69.6
2025-12-12,9:41:12.810968453,T,KO,I,25,69.61
2025-12-12,9:41:12.810971442,T,KO,I,75,69.61
2025-12-12,9:41:12.810986497,T,KO,F I,25,69.61
2025-12-12,9:41:12.810989437,T,KO,F I,25,69.61
2025-12-12,9:41:12.810992498,T,KO,I,1,69.61
2025-12-12,9:41:12.811043558,T,KO,I,91,69.62
2025-12-12,9:41:12.811046641,T,KO,I,5,69.62
2025-12-12,9:41:12.811046641,T,KO,I,4,69.62
2025-12-12,9:41:12.816751215,T,KO,,100,69.62
2025-12-12,9:41:16.010273737,T,KO,I,25,69.62
2025-12-12,9:41:16.010273737,T,KO,I,75,69.62
2025-12-12,9:41:16.010291262,T,KO,I,1,69.62
2025-12-12,9:41:16.017364057,T,KO,,200,69.62
2025-12-12,9:41:19.530258735,T,KO,F I,25,69.61
2025-12-12,9:41:24.042460341,T,KO,F I,11,69.6
2025-12-12,9:41:24.055433240,T,KO,I,33,69.6
2025-12-12,9:41:24.055433240,T,KO,I,10,69.6
2025-12-12,9:41:24.378742283,T,KO,F I,33,69.6
2025-12-12,9:41:24.378742283,T,KO,F I,5,69.6
2025-12-12,9:41:24.378766320,T,KO,I,35,69.6
2025-12-12,9:41:30.218808023,T,KO,I,50,69.61
2025-12-12,9:41:30.955276492,T,KO,I,25,69.61
2025-12-12,9:41:31.043341252,T,KO,I,5,69.62
2025-12-12,9:41:31.043341252,T,KO,I,50,69.62
2025-12-12,9:41:32.869061554,T,KO,F I,11,69.62
2025-12-12,9:41:32.869121663,T,KO,,100,69.62
2025-12-12,9:41:38.705638334,T,KO,,100,69.63
2025-12-12,9:41:40.719796389,T,KO,,100,69.63
2025-12-12,9:41:41.243932692,T,KO,,100,69.63
2025-12-12,9:41:45.576841305,T,KO,,100,69.63
2025-12-12,9:41:47.598706738,T,KO,F I,1,69.63
2025-12-12,9:41:50.037406843,T,KO,I,1,69.63
2025-12-12,9:41:50.052040591,T,KO,F I,29,69.63
2025-12-12,9:41:50.052040591,T,KO,F I,2,69.63
2025-12-12,9:41:50.052042885,T,KO,F I,25,69.63
2025-12-12,9:41:50.052061133,T,KO,I,30,69.63
2025-12-12,9:41:50.128109245,T,KO,F I,29,69.63
2025-12-12,9:41:50.128109245,T,KO,F I,5,69.63
2025-12-12,9:41:50.128111904,T,KO,F I,29,69.63
2025-12-12,9:41:52.092609749,T,KO,I,10,69.64
2025-12-12,9:41:52.092612700,T,KO,I,10,69.64
2025-12-12,9:41:52.093466804,T,KO,,100,69.65
2025-12-12,9:41:52.095135730,T,KO,I,28,69.65
2025-12-12,9:41:55.136035531,T,KO,,100,69.66
2025-12-12,9:41:55.136035531,T,KO,,100,69.66
2025-12-12,9:41:55.136038192,T,KO,,100,69.66
2025-12-12,9:41:55.136041212,T,KO,,100,69.66
2025-12-12,9:41:55.136056210,T,KO,I,1,69.66
2025-12-12,9:41:55.138092050,T,KO,I,30,69.66
2025-12-12,9:41:55.185827786,T,KO,I,29,69.66
2025-12-12,9:41:55.634957618,T,KO,I,27,69.66
2025-12-12,9:41:55.634957618,T,KO,I,5,69.66
2025-12-12,9:41:55.634963027,T,KO,I,25,69.66
2025-12-12,9:41:55.634963027,T,KO,,300,69.66
2025-12-12,9:41:55.635190960,T,KO,F I,30,69.66
2025-12-12,9:41:55.635221017,T,KO,F,100,69.66
2025-12-12,9:41:55.635221017,T,KO,F,100,69.66
2025-12-12,9:41:55.636974170,T,KO,,100,69.66
2025-12-12,9:41:55.636974170,T,KO,I,30,69.66
2025-12-12,9:41:55.636977253,T,KO,I,30,69.66
2025-12-12,9:41:55.659591076,T,KO,I,30,69.66
2025-12-12,9:41:55.659594108,T,KO,I,5,69.66
2025-12-12,9:41:55.659594108,T,KO,I,30,69.66
2025-12-12,9:42:01.964581501,T,KO,F I,5,69.66
2025-12-12,9:42:01.964581501,T,KO,F I,30,69.66
2025-12-12,9:42:01.964584847,T,KO,F I,35,69.66
2025-12-12,9:42:01.964587429,T,KO,F I,35,69.66
2025-12-12,9:42:01.964587429,T,KO,F I,30,69.66
2025-12-12,9:42:06.515515261,T,KO,,100,69.67
2025-12-12,9:42:11.146761274,T,KO,I,12,69.675
2025-12-12,9:42:11.149537056,T,KO,F I,10,69.67
2025-12-12,9:42:11.149537056,T,KO,F I,4,69.67
2025-12-12,9:42:11.149542888,T,KO,F I,1,69.67
2025-12-12,9:42:14.231688757,T,KO,F I,20,69.67
2025-12-12,9:42:16.207887953,T,KO,,120,69.67
2025-12-12,9:42:18.091426325,T,KO,I,5,69.68
2025-12-12,9:42:18.091430697,T,KO,I,68,69.68
2025-12-12,9:42:18.615051410,T,KO,F I,10,69.68
2025-12-12,9:42:18.615054495,T,KO,F I,1,69.69
2025-12-12,9:42:18.615058437,T,KO,F,100,69.69
2025-12-12,9:42:18.616317457,T,KO,F I,33,69.69
2025-12-12,9:42:18.617144385,T,KO,F I,10,69.68
2025-12-12,9:42:18.622262628,T,KO,I,32,69.68
2025-12-12,9:42:18.622262628,T,KO,I,33,69.68
2025-12-12,9:42:21.527082064,T,KO,,100,69.69
2025-12-12,9:42:21.536870379,T,KO,,100,69.69
2025-12-12,9:42:24.534070173,T,KO,F I,32,69.68
2025-12-12,9:42:24.534072702,T,KO,F I,10,69.68
2025-12-12,9:42:24.534072702,T,KO,F I,25,69.68
2025-12-12,9:42:24.534076643,T,KO,F I,10,69.68
2025-12-12,9:42:24.534078825,T,KO,F I,1,69.68
2025-12-12,9:42:24.534078825,T,KO,F I,3,69.68
2025-12-12,9:42:24.534082481,T,KO,F,100,69.68
2025-12-12,9:42:25.213153184,T,KO,F I,10,69.67
2025-12-12,9:42:25.213153184,T,KO,F I,8,69.67
2025-12-12,9:42:29.672960933,T,KO,F I,15,69.68
2025-12-12,9:42:41.839536082,T,KO,I,6,69.69
2025-12-12,9:42:43.974945747,T,KO,,200,69.68
2025-12-12,9:42:43.974960779,T,KO,I,1,69.68
2025-12-12,9:42:43.974963978,T,KO,I,14,69.68
2025-12-12,9:42:44.749344082,T,KO,,100,69.685
2025-12-12,9:42:44.750793541,T,KO,I,10,69.69
2025-12-12,9:42:51.004815759,T,KO,I,4,69.685
2025-12-12,9:42:54.914361792,T,KO,F I,10,69.68
2025-12-12,9:42:54.914361792,T,KO,F I,55,69.68
2025-12-12,9:42:54.914364551,T,KO,F I,3,69.68
2025-12-12,9:42:55.095888659,T,KO,F,100,69.67
2025-12-12,9:42:55.095888659,T,KO,F I,16,69.67
2025-12-12,9:42:58.076361873,T,KO,F,200,69.64
2025-12-12,9:42:58.076367900,T,KO,F,100,69.64
2025-12-12,9:42:58.076367900,T,KO,F,109,69.64
2025-12-12,9:43:00.010715904,T,KO,F I,1,69.65
2025-12-12,9:43:04.294631788,T,KO,I,1,69.64
2025-12-12,9:43:04.832330437,T,KO,,100,69.65
2025-12-12,9:43:06.233331233,T,KO,F,100,69.67
2025-12-12,9:43:06.233346783,T,KO,I,1,69.67
2025-12-12,9:43:06.433725462,T,KO,I,1,69.67
2025-12-12,9:43:14.576347913,T,KO,F I,1,69.66
2025-12-12,9:43:14.576347913,T,KO,F I,10,69.66
2025-12-12,9:43:14.576392668,T,KO,F I,1,69.66
2025-12-12,9:43:14.657086785,T,KO,I,1,69.65
2025-12-12,9:43:14.777138785,T,KO,I,1,69.645
2025-12-12,9:43:14.829168729,T,KO,I,1,69.65
2025-12-12,9:43:14.879496557,T,KO,I,1,69.65
2025-12-12,9:43:14.934061459,T,KO,I,1,69.65
2025-12-12,9:43:14.984362247,T,KO,I,1,69.65
2025-12-12,9:43:15.826373729,T,KO,I,1,69.65
2025-12-12,9:43:15.907125074,T,KO,I,1,69.65
2025-12-12,9:43:17.191688417,T,KO,F,100,69.65
2025-12-12,9:43:24.469501927,T,KO,F,100,69.65
2025-12-12,9:43:24.469504887,T,KO,F,200,69.65
2025-12-12,9:43:25.116661323,T,KO,I,25,69.65
2025-12-12,9:43:25.116661323,T,KO,I,5,69.65
2025-12-12,9:43:25.116664276,T,KO,I,70,69.65
2025-12-12,9:43:25.116679306,T,KO,I,1,69.65
2025-12-12,9:43:33.024435978,T,KO,I,5,69.64
2025-12-12,9:43:33.024439082,T,KO,,400,69.64
2025-12-12,9:43:33.025458473,T,KO,F,100,69.63
2025-12-12,9:43:33.592600176,T,KO,I,25,69.62
2025-12-12,9:43:33.600548097,T,KO,,100,69.615
2025-12-12,9:43:36.215341720,T,KO,,200,69.615
2025-12-12,9:43:36.215341720,T,KO,F,200,69.62
2025-12-12,9:43:36.215344785,T,KO,F I,52,69.62
2025-12-12,9:43:36.215353750,T,KO,F I,48,69.62
2025-12-12,9:43:36.215356820,T,KO,F,100,69.62
2025-12-12,9:43:36.674243743,T,KO,I,1,69.62
2025-12-12,9:43:42.953859803,T,KO,,100,69.62
2025-12-12,9:43:53.554220471,T,KO,,100,69.62
2025-12-12,9:43:55.160460019,T,KO,,100,69.62
2025-12-12,9:43:55.161025386,T,KO,,100,69.63
2025-12-12,9:43:55.216125594,T,KO,I,1,69.63
2025-12-12,9:43:55.216510436,T,KO,F,200,69.63
2025-12-12,9:44:08.006849096,T,KO,F I,50,69.67
2025-12-12,9:44:08.006849096,T,KO,F I,15,69.67
2025-12-12,9:44:19.296280100,T,KO,F I,50,69.67
2025-12-12,9:44:20.616761032,T,KO,F I,50,69.66
2025-12-12,9:44:23.437328807,T,KO,I,40,69.655
2025-12-12,9:44:23.437669318,T,KO,I,60,69.655
2025-12-12,9:44:23.437692601,T,KO,F I,20,69.66
2025-12-12,9:44:23.438107699,T,KO,I,36,69.66
2025-12-12,9:44:26.545645859,T,KO,I,71,69.65
2025-12-12,9:44:26.545667038,T,KO,I,29,69.65
2025-12-12,9:44:26.545672876,T,KO,I,4,69.65
2025-12-12,9:44:26.545675906,T,KO,I,60,69.65
2025-12-12,9:44:26.547185512,T,KO,F I,5,69.65
2025-12-12,9:44:26.547188917,T,KO,F I,36,69.65
2025-12-12,9:44:26.547191774,T,KO,F I,36,69.65
2025-12-12,9:44:26.547191774,T,KO,F,100,69.65
2025-12-12,9:44:28.255013027,T,KO,I,10,69.665
2025-12-12,9:44:28.255016100,T,KO,I,90,69.67
2025-12-12,9:44:28.255031107,T,KO,I,1,69.67
2025-12-12,9:44:33.016403189,T,KO,F I,36,69.66
2025-12-12,9:44:33.016403189,T,KO,F I,50,69.66
2025-12-12,9:44:42.848319610,T,KO,I,50,69.65
2025-12-12,9:44:42.849017284,T,KO,I,44,69.64
2025-12-12,9:44:46.140732206,T,KO,I,6,69.64
2025-12-12,9:44:46.856042788,T,KO,,200,69.645
2025-12-12,9:45:00.000417634,T,KO,I,64,69.675
2025-12-12,9:45:03.035964239,T,KO,F I,2,69.67
2025-12-12,9:45:03.036030380,T,KO,I,32,69.67
2025-12-12,9:45:03.036431231,T,KO,F I,50,69.67
2025-12-12,9:45:03.036433445,T,KO,F I,32,69.67
2025-12-12,9:45:03.039398434,T,KO,I,5,69.67
2025-12-12,9:45:03.049559597,T,KO,F I,32,69.67
2025-12-12,9:45:03.049562646,T,KO,F I,62,69.67
2025-12-12,9:45:03.049833299,T,KO,I,32,69.67
2025-12-12,9:45:03.049833299,T,KO,I,5,69.67
2025-12-12,9:45:03.049836364,T,KO,I,32,69.67
2025-12-12,9:45:03.049938907,T,KO,,100,69.67
2025-12-12,9:45:03.049938907,T,KO,I,5,69.67
2025-12-12,9:45:03.049941881,T,KO,,100,69.67
2025-12-12,9:45:03.049944932,T,KO,I,32,69.67
2025-12-12,9:45:03.049944932,T,KO,,121,69.67
2025-12-12,9:45:06.295430309,T,KO,F I,20,69.68
2025-12-12,9:45:06.295430309,T,KO,F I,25,69.68
2025-12-12,9:45:06.295436248,T,KO,F,100,69.68
2025-12-12,9:45:06.295436248,T,KO,F,300,69.68
2025-12-12,9:45:06.302620460,T,KO,F,100,69.69
2025-12-12,9:45:06.303429374,T,KO,I,50,69.7
2025-12-12,9:45:06.307561144,T,KO,,100,69.695
2025-12-12,9:45:10.636521842,T,KO,,100,69.7
2025-12-12,9:45:10.637387413,T,KO,F I,33,69.7
2025-12-12,9:45:10.637390480,T,KO,F I,13,69.7
2025-12-12,9:45:10.637393423,T,KO,F I,50,69.7
2025-12-12,9:45:10.637393423,T,KO,F I,25,69.7
2025-12-12,9:45:10.637396431,T,KO,F I,14,69.7
2025-12-12,9:45:11.009734770,T,KO,F I,3,69.69
2025-12-12,9:45:11.009737692,T,KO,F I,50,69.69
2025-12-12,9:45:11.009740438,T,KO,F I,4,69.69
2025-12-12,9:45:11.116894583,T,KO,I,33,69.69
2025-12-12,9:45:11.116897650,T,KO,I,33,69.69
2025-12-12,9:45:11.116900494,T,KO,I,13,69.69
2025-12-12,9:45:15.022554571,T,KO,I,46,69.7
2025-12-12,9:45:15.022575581,T,KO,F,154,69.7
2025-12-12,9:45:15.022575581,T,KO,F I,10,69.7
2025-12-12,9:45:15.057630139,T,KO,F I,5,69.7
2025-12-12,9:45:15.057633080,T,KO,F I,36,69.7
2025-12-12,9:45:15.057636062,T,KO,F I,33,69.7
2025-12-12,9:45:15.057636062,T,KO,F I,50,69.7
2025-12-12,9:45:15.058992331,T,KO,F I,5,69.7
2025-12-12,9:45:15.326112509,T,KO,F I,36,69.705
2025-12-12,9:45:15.326119049,T,KO,F I,64,69.705
2025-12-12,9:45:15.326121637,T,KO,F I,3,69.71
2025-12-12,9:45:15.326121637,T,KO,F I,33,69.71
2025-12-12,9:45:19.511060347,T,KO,F I,5,69.71
2025-12-12,9:45:19.511063063,T,KO,F I,50,69.71
2025-12-12,9:45:19.511063063,T,KO,F I,62,69.71
2025-12-12,9:45:19.511065783,T,KO,F I,60,69.71
2025-12-12,9:45:19.511068843,T,KO,F,120,69.71
2025-12-12,9:45:19.511083879,T,KO,F I,80,69.71
2025-12-12,9:45:19.511087233,T,KO,F I,20,69.71
2025-12-12,9:45:19.511090472,T,KO,F I,80,69.71
2025-12-12,9:45:19.511090472,T,KO,I,1,69.71
2025-12-12,9:45:19.511093261,T,KO,I,14,69.71
2025-12-12,9:45:19.511093261,T,KO,F I,45,69.71
2025-12-12,9:45:20.363018960,T,KO,F I,5,69.71
2025-12-12,9:45:20.363025063,T,KO,F,100,69.71
2025-12-12,9:45:20.363025063,T,KO,F,100,69.71
2025-12-12,9:45:35.096194966,T,KO,F I,55,69.71
2025-12-12,9:45:35.096197901,T,KO,F I,50,69.71
2025-12-12,9:45:35.096201192,T,KO,F,100,69.71
2025-12-12,9:45:35.096201192,T,KO,F,600,69.71
2025-12-12,9:45:35.096219548,T,KO,I,14,69.71
2025-12-12,9:45:35.096219548,T,KO,I,1,69.71
2025-12-12,9:45:35.096224961,T,KO,F I,85,69.71
2025-12-12,9:45:35.098564571,T,KO,F,100,69.71
2025-12-12,9:45:36.810560078,T,KO,F,100,69.715
2025-12-12,9:45:36.810560078,T,KO,F I,5,69.71
2025-12-12,9:45:36.810566759,T,KO,F I,29,69.71
2025-12-12,9:45:36.811248686,T,KO,I,1,69.71
2025-12-12,9:45:36.811765816,T,KO,I,37,69.71
2025-12-12,9:45:36.812213853,T,KO,I,31,69.71
2025-12-12,9:45:36.813287418,T,KO,I,2,69.71
2025-12-12,9:45:36.813287418,T,KO,I,29,69.71
2025-12-12,9:45:36.815623952,T,KO,I,21,69.71
2025-12-12,9:45:36.815623952,T,KO,I,16,69.71
2025-12-12,9:45:36.816216352,T,KO,I,37,69.71
2025-12-12,9:45:36.822741970,T,KO,I,30,69.71
2025-12-12,9:45:36.823725303,T,KO,I,31,69.71
2025-12-12,9:45:36.825216785,T,KO,I,26,69.71
2025-12-12,9:45:36.825216785,T,KO,I,24,69.71
2025-12-12,9:45:36.826079882,T,KO,I,37,69.71
2025-12-12,9:45:36.826079882,T,KO,I,50,69.71
2025-12-12,9:45:36.826082934,T,KO,I,11,69.71
2025-12-12,9:45:36.826103969,T,KO,I,1,69.71
2025-12-12,9:45:36.826106963,T,KO,I,14,69.71
2025-12-12,9:45:36.827971394,T,KO,I,33,69.71
2025-12-12,9:45:36.828335241,T,KO,I,1,69.71
2025-12-12,9:45:36.830253756,T,KO,I,16,69.71
2025-12-12,9:45:36.830256851,T,KO,I,26,69.71
2025-12-12,9:45:36.830602649,T,KO,I,1,69.71
2025-12-12,9:45:45.287289839,T,KO,I,1,69.71
2025-12-12,9:45:45.287289839,T,KO,I,50,69.71
2025-12-12,9:45:45.288005506,T,KO,I,51,69.71
2025-12-12,9:45:45.288008526,T,KO,I,10,69.71
2025-12-12,9:45:50.480364069,T,KO,F,100,69.715
2025-12-12,9:45:50.480364069,T,KO,F,200,69.72
2025-12-12,9:45:50.480851270,T,KO,,100,69.72
2025-12-12,9:45:50.481050350,T,KO,F I,50,69.72
2025-12-12,9:45:50.481050350,T,KO,F I,51,69.72
2025-12-12,9:45:50.481052769,T,KO,F,100,69.72
2025-12-12,9:45:50.481055830,T,KO,F I,25,69.72
2025-12-12,9:45:50.481055830,T,KO,F I,3,69.72
2025-12-12,9:45:50.491048600,T,KO,,100,69.715
2025-12-12,9:45:54.004424340,T,KO,I,3,69.715
2025-12-12,9:45:54.823181324,T,KO,I,2,69.72
2025-12-12,9:45:54.824919482,T,KO,,100,69.72
2025-12-12,9:45:54.833516991,T,KO,I,11,69.725
2025-12-12,9:45:54.834746861,T,KO,I,1,69.725
2025-12-12,9:45:59.347727363,T,KO,F,100,69.73
2025-12-12,9:45:59.348548313,T,KO,F I,72,69.73
2025-12-12,9:46:03.099355227,T,KO,F I,2,69.72
2025-12-12,9:46:03.099355227,T,KO,F I,12,69.72
2025-12-12,9:46:03.099453677,T,KO,F,100,69.72
2025-12-12,9:46:03.099787436,T,KO,F I,1,69.72
2025-12-12,9:46:04.488326502,T,KO,I,2,69.72
2025-12-12,9:46:11.336164412,T,KO,F I,5,69.72
2025-12-12,9:46:11.336167670,T,KO,F I,50,69.72
2025-12-12,9:46:15.069675985,T,KO,F I,2,69.69
2025-12-12,9:46:19.922005773,T,KO,I,67,69.685
2025-12-12,9:46:21.751003889,T,KO,I,1,69.685
2025-12-12,9:46:21.751794746,T,KO,I,7,69.685
2025-12-12,9:46:23.502943429,T,KO,F I,11,69.68
2025-12-12,9:46:23.502949568,T,KO,F,100,69.68
2025-12-12,9:46:23.502949568,T,KO,F I,50,69.68
2025-12-12,9:46:23.502949568,T,KO,F I,1,69.68
2025-12-12,9:46:28.658467324,T,KO,,100,69.665
2025-12-12,9:46:28.677983814,T,KO,,100,69.665
2025-12-12,9:46:28.727027611,T,KO,,100,69.665
2025-12-12,9:46:28.774922658,T,KO,,100,69.665
2025-12-12,9:46:28.812031133,T,KO,,100,69.665
2025-12-12,9:46:28.846971247,T,KO,I,78,69.665
2025-12-12,9:46:28.913781359,T,KO,,200,69.665
2025-12-12,9:46:30.117335026,T,KO,F,200,69.66
2025-12-12,9:46:30.487288094,T,KO,F,200,69.65
2025-12-12,9:46:39.450080624,T,KO,I,1,69.64
2025-12-12,9:46:39.450098665,T,KO,F I,49,69.64
2025-12-12,9:46:39.463937645,T,KO,I,40,69.64
2025-12-12,9:46:39.463940625,T,KO,I,5,69.64
2025-12-12,9:46:39.463968061,T,KO,F I,10,69.64
2025-12-12,9:46:43.279752771,T,KO,F I,40,69.65
2025-12-12,9:46:43.279764788,T,KO,F,100,69.65
2025-12-12,9:46:43.280152671,T,KO,I,40,69.65
2025-12-12,9:46:43.280152671,T,KO,I,5,69.65
2025-12-12,9:46:43.937010098,T,KO,F,100,69.655
2025-12-12,9:46:43.937013092,T,KO,F,300,69.66
2025-12-12,9:46:43.937701813,T,KO,F I,15,69.66
2025-12-12,9:46:43.937704968,T,KO,F I,18,69.66
2025-12-12,9:46:43.937704968,T,KO,F I,10,69.66
2025-12-12,9:46:43.937707732,T,KO,F I,25,69.66
2025-12-12,9:46:43.938267111,T,KO,,100,69.66
2025-12-12,9:46:43.938270641,T,KO,I,5,69.66
2025-12-12,9:46:43.938270641,T,KO,I,40,69.66
2025-12-12,9:46:43.938273437,T,KO,I,41,69.66
2025-12-12,9:46:43.938276480,T,KO,,100,69.66
2025-12-12,9:46:43.938276480,T,KO,,100,69.66
2025-12-12,9:46:43.938387474,T,KO,,100,69.66
2025-12-12,9:46:43.938390752,T,KO,,100,69.66
2025-12-12,9:46:43.938390752,T,KO,,100,69.66
2025-12-12,9:46:43.938396508,T,KO,I,41,69.66
2025-12-12,9:46:43.938396508,T,KO,I,5,69.66
2025-12-12,9:46:43.938402396,T,KO,I,51,69.66
2025-12-12,9:46:43.938447622,T,KO,F,100,69.66
2025-12-12,9:46:43.938451292,T,KO,F I,41,69.66
2025-12-12,9:46:43.938451292,T,KO,F,100,69.66
2025-12-12,9:46:43.938454811,T,KO,F,100,69.66
2025-12-12,9:46:43.938454811,T,KO,F I,45,69.66
2025-12-12,9:46:44.682275186,T,KO,I,50,69.66
2025-12-12,9:46:46.786617974,T,KO,F I,50,69.67
2025-12-12,9:46:46.786621753,T,KO,F,100,69.67
2025-12-12,9:46:46.786627011,T,KO,F I,1,69.67
2025-12-12,9:46:46.786627011,T,KO,F I,3,69.67
2025-12-12,9:46:46.786678129,T,KO,F I,1,69.67
2025-12-12,9:46:46.786678129,T,KO,F I,33,69.67
2025-12-12,9:46:48.861896641,T,KO,,100,69.67
2025-12-12,9:46:52.283021585,T,KO,,100,69.67
2025-12-12,9:46:52.295417129,T,KO,,100,69.67
2025-12-12,9:46:54.438615572,T,KO,,100,69.66
2025-12-12,9:46:55.225072616,T,KO,,100,69.655
2025-12-12,9:46:55.225421412,T,KO,,138,69.655
2025-12-12,9:46:55.819654698,T,KO,,100,69.65
2025-12-12,9:46:55.876550252,T,KO,,100,69.65
2025-12-12,9:46:56.254526635,T,KO,,100,69.65
2025-12-12,9:46:56.287349832,T,KO,I,43,69.65
2025-12-12,9:46:57.760528297,T,KO,F,100,69.66
2025-12-12,9:46:57.761102756,T,KO,F,140,69.66
2025-12-12,9:46:57.761141798,T,KO,I,60,69.66
2025-12-12,9:46:57.835111926,T,KO,,100,69.67
2025-12-12,9:46:57.862309087,T,KO,F,100,69.67
2025-12-12,9:46:57.862312129,T,KO,F I,42,69.67
2025-12-12,9:46:57.862315058,T,KO,F I,6,69.67
2025-12-12,9:46:57.862315058,T,KO,F,100,69.67
2025-12-12,9:46:58.488475317,T,KO,F,100,69.66
2025-12-12,9:46:58.488475317,T,KO,F I,60,69.66
2025-12-12,9:46:58.789263477,T,KO,I,6,69.66
2025-12-12,9:46:58.789263477,T,KO,I,42,69.66
2025-12-12,9:46:58.789858848,T,KO,F I,41,69.66
2025-12-12,9:46:58.789858848,T,KO,F,100,69.66
2025-12-12,9:46:59.682965072,T,KO,,100,69.655
2025-12-12,9:47:00.011244937,T,KO,I,41,69.66
2025-12-12,9:47:00.011244937,T,KO,,100,69.66
2025-12-12,9:47:04.357418102,T,KO,F I,1,69.66
2025-12-12,9:47:04.357418102,T,KO,F I,1,69.66
2025-12-12,9:47:04.357613407,T,KO,I,2,69.66
2025-12-12,9:47:04.357643441,T,KO,I,10,69.66
2025-12-12,9:47:08.202104648,T,KO,I,5,69.65
2025-12-12,9:47:08.202107654,T,KO,I,12,69.65
2025-12-12,9:47:08.202110673,T,KO,I,25,69.65
2025-12-12,9:47:10.111893421,T,KO,F,100,69.65
2025-12-12,9:47:10.111980251,T,KO,F,200,69.65
2025-12-12,9:47:10.112564408,T,KO,F I,42,69.65
2025-12-12,9:47:10.112762156,T,KO,,100,69.65
2025-12-12,9:47:10.803792951,T,KO,F,200,69.64
2025-12-12,9:47:10.803795966,T,KO,F I,60,69.64
2025-12-12,9:47:10.804277119,T,KO,I,1,69.64
2025-12-12,9:47:12.273549406,T,KO,F I,51,69.635
2025-12-12,9:47:12.273564492,T,KO,F I,49,69.635
2025-12-12,9:47:12.273567692,T,KO,F I,2,69.64
2025-12-12,9:47:12.273567692,T,KO,F I,3,69.64
2025-12-12,9:47:12.273570555,T,KO,F I,1,69.64
2025-12-12,9:47:12.273573853,T,KO,F I,42,69.64
2025-12-12,9:47:12.273573853,T,KO,F I,3,69.64
2025-12-12,9:47:16.529379090,T,KO,F,100,69.64
2025-12-12,9:47:16.529381487,T,KO,F I,1,69.64
2025-12-12,9:47:16.529384543,T,KO,F I,25,69.64
2025-12-12,9:47:19.143408251,T,KO,F,100,69.64
2025-12-12,9:47:37.226430491,T,KO,F,300,69.64
2025-12-12,9:47:37.237728362,T,KO,I,5,69.64
2025-12-12,9:47:39.099420248,T,KO,,300,69.64
2025-12-12,9:47:40.765646807,T,KO,,100,69.64
2025-12-12,9:47:40.765679837,T,KO,I,5,69.64
2025-12-12,9:47:40.765736958,T,KO,F,100,69.64
2025-12-12,9:47:40.765743015,T,KO,F I,37,69.64
2025-12-12,9:47:40.765748968,T,KO,F I,6,69.64
2025-12-12,9:47:40.766332412,T,KO,F I,36,69.64
2025-12-12,9:47:40.766332412,T,KO,F,100,69.64
2025-12-12,9:47:40.766335604,T,KO,F I,6,69.64
2025-12-12,9:47:40.766335604,T,KO,F I,37,69.64
2025-12-12,9:47:40.766338432,T,KO,F,300,69.64
2025-12-12,9:47:40.766368449,T,KO,F,100,69.64
2025-12-12,9:47:40.766386526,T,KO,F I,36,69.64
2025-12-12,9:47:40.766389575,T,KO,F,100,69.64
2025-12-12,9:47:40.766393131,T,KO,F I,36,69.64
2025-12-12,9:47:40.766774503,T,KO,F I,6,69.64
2025-12-12,9:47:40.766777479,T,KO,F I,13,69.64
2025-12-12,9:47:40.767283463,T,KO,F I,23,69.64
2025-12-12,9:47:40.767283463,T,KO,F,100,69.64
2025-12-12,9:47:40.767286323,T,KO,F,100,69.64
2025-12-12,9:47:40.767289319,T,KO,F I,23,69.64
2025-12-12,9:47:45.085170788,T,KO,F I,40,69.63
2025-12-12,9:47:45.085173572,T,KO,F I,1,69.63
2025-12-12,9:47:45.085176888,T,KO,F,100,69.63
2025-12-12,9:47:45.085176888,T,KO,F I,2,69.63
2025-12-12,9:47:45.085179896,T,KO,F I,26,69.63
2025-12-12,9:47:45.085188546,T,KO,I,1,69.63
2025-12-12,9:47:45.085432123,T,KO,F I,2,69.63
2025-12-12,9:47:45.085438148,T,KO,F I,2,69.63
2025-12-12,9:47:45.085441114,T,KO,F I,2,69.63
2025-12-12,9:47:45.085675681,T,KO,I,2,69.63
2025-12-12,9:47:45.228350474,T,KO,,100,69.625
2025-12-12,9:47:45.249701357,T,KO,,100,69.625
2025-12-12,9:47:45.286584192,T,KO,,100,69.625
2025-12-12,9:47:45.296670262,T,KO,I,81,69.625
2025-12-12,9:47:47.701106786,T,KO,F I,6,69.63
2025-12-12,9:47:47.701106786,T,KO,F I,23,69.63
2025-12-12,9:47:53.452090744,T,KO,F I,4,69.63
2025-12-12,9:47:53.528448608,T,KO,F,100,69.625
2025-12-12,9:47:53.528452017,T,KO,F I,6,69.63
2025-12-12,9:47:53.528452017,T,KO,F I,16,69.63
2025-12-12,9:47:56.228964463,T,KO,,100,69.625
2025-12-12,9:47:59.392008722,T,KO,F I,40,69.63
2025-12-12,9:47:59.392008722,T,KO,F,100,69.63
2025-12-12,9:47:59.393380038,T,KO,F,100,69.635
2025-12-12,9:48:01.269999560,T,KO,I,6,69.65
2025-12-12,9:48:01.270943788,T,KO,F I,16,69.65
2025-12-12,9:48:01.417560981,T,KO,F I,34,69.65
2025-12-12,9:48:01.417563947,T,KO,F I,6,69.65
2025-12-12,9:48:05.212831045,T,KO,,100,69.655
2025-12-12,9:48:05.212833990,T,KO,,100,69.66
2025-12-12,9:48:05.212849084,T,KO,I,1,69.66
2025-12-12,9:48:05.212849084,T,KO,I,99,69.66
2025-12-12,9:48:06.644616060,T,KO,F I,6,69.66
2025-12-12,9:48:06.644619164,T,KO,F I,34,69.66
2025-12-12,9:48:06.644619164,T,KO,F I,3,69.66
2025-12-12,9:48:06.644622106,T,KO,F I,1,69.66
2025-12-12,9:48:15.812331639,T,KO,F I,11,69.66
2025-12-12,9:48:26.174669435,T,KO,F I,20,69.67
2025-12-12,9:48:26.174672234,T,KO,F I,13,69.67
2025-12-12,9:48:26.174675460,T,KO,F,100,69.67
2025-12-12,9:48:26.174687234,T,KO,I,1,69.67
2025-12-12,9:48:26.174762465,T,KO,F I,79,69.67
2025-12-12,9:48:26.186051308,T,KO,F I,29,69.67
2025-12-12,9:48:26.186054364,T,KO,F I,15,69.67
2025-12-12,9:48:26.186454240,T,KO,F I,29,69.67
2025-12-12,9:48:26.186457336,T,KO,F I,6,69.67
2025-12-12,9:48:26.186460305,T,KO,F I,29,69.67
2025-12-12,9:48:27.264894761,T,KO,F I,6,69.67
2025-12-12,9:48:27.264894761,T,KO,F I,29,69.67
2025-12-12,9:48:27.271041423,T,KO,F,100,69.66
2025-12-12,9:48:43.109138433,T,KO,F,100,69.67
2025-12-12,9:48:53.098368558,T,KO,F I,8,69.68
2025-12-12,9:48:53.098371584,T,KO,F,100,69.68
2025-12-12,9:48:53.098371584,T,KO,F,100,69.68
2025-12-12,9:48:53.098374583,T,KO,F I,3,69.68
2025-12-12,9:48:57.097470011,T,KO,I,16,69.67
2025-12-12,9:48:57.484753309,T,KO,,100,69.67
2025-12-12,9:48:57.484771441,T,KO,I,1,69.67
2025-12-12,9:48:57.484777449,T,KO,F I,24,69.67
2025-12-12,9:48:57.484780428,T,KO,F I,1,69.67
2025-12-12,9:48:57.484801408,T,KO,F I,1,69.67
2025-12-12,9:48:59.215459471,T,KO,F,200,69.68
2025-12-12,9:49:01.648063970,T,KO,F I,2,69.68
2025-12-12,9:49:01.648325836,T,KO,I,30,69.68
2025-12-12,9:49:01.648325836,T,KO,,100,69.68
2025-12-12,9:49:01.648328601,T,KO,I,6,69.68
2025-12-12,9:49:01.648497106,T,KO,F I,30,69.68
2025-12-12,9:49:01.648497106,T,KO,F I,30,69.68
2025-12-12,9:49:01.648785626,T,KO,F I,30,69.68
2025-12-12,9:49:01.648788885,T,KO,F,100,69.68
2025-12-12,9:49:01.648788885,T,KO,F I,30,69.68
2025-12-12,9:49:02.097355051,T,KO,F I,12,69.68
2025-12-12,9:49:02.097358020,T,KO,F I,30,69.68
2025-12-12,9:49:05.105614632,T,KO,,100,69.675
2025-12-12,9:49:21.428956540,T,KO,,100,69.665
2025-12-12,9:49:21.433058349,T,KO,F I,27,69.665
2025-12-12,9:49:25.106769952,T,KO,F I,1,69.67
2025-12-12,9:49:25.106772988,T,KO,F I,25,69.67
2025-12-12,9:49:25.106779318,T,KO,F,100,69.67
2025-12-12,9:49:25.106779318,T,KO,F,100,69.67
2025-12-12,9:49:25.106779318,T,KO,F I,48,69.67
2025-12-12,9:49:25.106794341,T,KO,,100,69.67
2025-12-12,9:49:25.106794341,T,KO,I,1,69.67
2025-12-12,9:49:25.108033315,T,KO,F,100,69.67
2025-12-12,9:49:25.108033315,T,KO,F I,30,69.67
2025-12-12,9:49:25.108052489,T,KO,I,1,69.67
2025-12-12,9:49:25.108057039,T,KO,I,14,69.67
2025-12-12,9:49:25.108060079,T,KO,F I,85,69.67
2025-12-12,9:49:26.395609577,T,KO,,100,69.665
2025-12-12,9:49:27.621572531,T,KO,F,100,69.66
2025-12-12,9:49:27.621572531,T,KO,F,100,69.66
2025-12-12,9:49:27.621575479,T,KO,F I,25,69.66
2025-12-12,9:49:28.659407214,T,KO,F I,6,69.66
2025-12-12,9:49:28.659885359,T,KO,F I,24,69.66
2025-12-12,9:49:28.659885359,T,KO,F I,15,69.66
2025-12-12,9:49:28.659891392,T,KO,F,100,69.66
2025-12-12,9:49:30.794176660,T,KO,,100,69.675
2025-12-12,9:49:30.794179589,T,KO,I,5,69.68
2025-12-12,9:49:30.794188585,T,KO,F I,95,69.68
2025-12-12,9:49:30.794188585,T,KO,F I,5,69.68
2025-12-12,9:49:30.794192088,T,KO,F I,5,69.68
2025-12-12,9:49:30.794192088,T,KO,F I,95,69.68
2025-12-12,9:49:32.490679070,T,KO,,100,69.68
2025-12-12,9:49:35.830983620,T,KO,F I,50,69.68
2025-12-12,9:49:36.234683786,T,KO,F I,3,69.67
2025-12-12,9:49:36.234686434,T,KO,F I,25,69.67
2025-12-12,9:49:36.234692456,T,KO,F I,3,69.67
2025-12-12,9:49:36.234695293,T,KO,F,100,69.67
2025-12-12,9:49:36.234698417,T,KO,F I,40,69.67
2025-12-12,9:49:36.234698417,T,KO,F I,80,69.67
2025-12-12,9:49:36.745236091,T,KO,I,13,69.67
2025-12-12,9:49:38.192135128,T,KO,F I,50,69.68
2025-12-12,9:49:38.192159233,T,KO,F I,50,69.68
2025-12-12,9:49:38.192165193,T,KO,F I,50,69.68
2025-12-12,9:49:38.192168263,T,KO,F I,30,69.68
2025-12-12,9:49:46.116109348,T,KO,F I,50,69.68
2025-12-12,9:49:47.072807926,T,KO,F,160,69.67
2025-12-12,9:49:50.715494556,T,KO,F I,62,69.665
2025-12-12,9:49:50.715500596,T,KO,F I,38,69.665
2025-12-12,9:49:50.715503812,T,KO,F I,9,69.67
2025-12-12,9:49:50.715503812,T,KO,F I,15,69.67
2025-12-12,9:49:50.715507351,T,KO,F I,13,69.67
2025-12-12,9:49:50.715510011,T,KO,F I,49,69.67
2025-12-12,9:49:50.715510011,T,KO,F I,31,69.67
2025-12-12,9:49:51.051007173,T,KO,F I,16,69.67
2025-12-12,9:49:51.051007173,T,KO,F I,43,69.67
2025-12-12,9:49:51.051012620,T,KO,F,100,69.67
2025-12-12,9:49:53.648981166,T,KO,F,100,69.69
2025-12-12,9:49:53.648984101,T,KO,F,100,69.69
2025-12-12,9:49:53.648987773,T,KO,F,100,69.69
2025-12-12,9:49:53.648987773,T,KO,F I,8,69.69
2025-12-12,9:49:53.649002122,T,KO,I,92,69.69
2025-12-12,9:49:54.655637642,T,KO,I,14,69.69
2025-12-12,9:49:54.655652709,T,KO,I,36,69.69
2025-12-12,9:50:03.580374441,T,KO,F I,82,69.7
2025-12-12,9:50:03.580374441,T,KO,F,100,69.7
2025-12-12,9:50:03.580377385,T,KO,F I,9,69.7
2025-12-12,9:50:03.580389456,T,KO,F,100,69.7
2025-12-12,9:50:03.580393099,T,KO,F I,91,69.7
2025-12-12,9:50:03.580396203,T,KO,I,8,69.7
2025-12-12,9:50:03.580398606,T,KO,I,1,69.7
2025-12-12,9:50:03.580404968,T,KO,F I,50,69.7
2025-12-12,9:50:04.917647280,T,KO,F I,50,69.71
2025-12-12,9:50:06.043980009,T,KO,F I,12,69.7
2025-12-12,9:50:06.043986094,T,KO,F,100,69.7
2025-12-12,9:50:06.043986094,T,KO,F I,3,69.7
2025-12-12,9:50:06.762905026,T,KO,F I,1,69.69
2025-12-12,9:50:07.525963421,T,KO,F I,1,69.69
2025-12-12,9:50:07.526877544,T,KO,F,100,69.69
2025-12-12,9:50:07.526880969,T,KO,F I,40,69.69
2025-12-12,9:50:07.526880969,T,KO,F I,6,69.69
2025-12-12,9:50:09.141885900,T,KO,F I,6,69.69
2025-12-12,9:50:09.141888964,T,KO,F I,14,69.69
2025-12-12,9:50:09.141922071,T,KO,I,26,69.69
2025-12-12,9:50:09.942133811,T,KO,I,10,69.7
2025-12-12,9:50:09.942137035,T,KO,,100,69.7
2025-12-12,9:50:11.475982018,T,KO,I,10,69.71
2025-12-12,9:50:14.439621400,T,KO,I,10,69.72
2025-12-12,9:50:14.439621400,T,KO,I,14,69.72
2025-12-12,9:50:14.439895180,T,KO,I,38,69.72
2025-12-12,9:50:14.439895180,T,KO,I,6,69.72
2025-12-12,9:50:15.217336623,T,KO,F I,6,69.72
2025-12-12,9:50:15.217336623,T,KO,F I,38,69.72
2025-12-12,9:50:15.217339694,T,KO,F I,10,69.72
2025-12-12,9:50:16.681463730,T,KO,F,100,69.725
2025-12-12,9:50:16.681463730,T,KO,F I,25,69.73
2025-12-12,9:50:16.681466719,T,KO,F I,34,69.73
2025-12-12,9:50:16.681476003,T,KO,F I,66,69.73
2025-12-12,9:50:16.681481884,T,KO,F I,6,69.73
2025-12-12,9:50:16.681481884,T,KO,F I,10,69.73
2025-12-12,9:50:16.681659151,T,KO,F,200,69.73
2025-12-12,9:50:18.563565224,T,KO,F,100,69.75
2025-12-12,9:50:18.563569072,T,KO,F,100,69.75
2025-12-12,9:50:18.563571473,T,KO,F,100,69.75
2025-12-12,9:50:19.475571357,T,KO,F,200,69.76
2025-12-12,9:50:19.475947345,T,KO,F,100,69.76
2025-12-12,9:50:22.625979642,T,KO,F I,47,69.77
2025-12-12,9:50:22.626036707,T,KO,I,42,69.77
2025-12-12,9:50:22.626039803,T,KO,,100,69.77
2025-12-12,9:50:22.626057758,T,KO,,100,69.77
2025-12-12,9:50:22.626060789,T,KO,I,1,69.77
2025-12-12,9:50:22.626403591,T,KO,,100,69.77
2025-12-12,9:50:23.166703414,T,KO,I,1,69.77
2025-12-12,9:50:23.600261686,T,KO,F,200,69.76
2025-12-12,9:50:23.600261686,T,KO,F I,42,69.76
2025-12-12,9:50:23.600280122,T,KO,I,1,69.76
2025-12-12,9:50:23.600280122,T,KO,I,14,69.76
2025-12-12,9:50:23.600913892,T,KO,F,100,69.76
2025-12-12,9:50:23.600916538,T,KO,F I,13,69.76
2025-12-12,9:50:23.600922547,T,KO,F I,30,69.76
2025-12-12,9:50:30.242261098,T,KO,F I,13,69.76
2025-12-12,9:50:30.242264569,T,KO,F I,17,69.76
2025-12-12,9:50:30.242270194,T,KO,F I,13,69.76
2025-12-12,9:50:30.242270194,T,KO,F I,18,69.76
2025-12-12,9:50:30.242274048,T,KO,F I,3,69.76
2025-12-12,9:50:30.242274048,T,KO,F I,25,69.76
2025-12-12,9:50:30.242279245,T,KO,F I,1,69.76
2025-12-12,9:50:30.242279245,T,KO,F I,1,69.76
2025-12-12,9:50:30.242279245,T,KO,F I,48,69.76
2025-12-12,9:50:30.242826433,T,KO,I,25,69.76
2025-12-12,9:50:35.301652022,T,KO,I,77,69.765
2025-12-12,9:50:35.314910636,T,KO,,100,69.765
2025-12-12,9:50:35.314913597,T,KO,I,23,69.765
2025-12-12,9:50:35.314916572,T,KO,I,77,69.77
2025-12-12,9:50:35.314925750,T,KO,I,23,69.77
2025-12-12,9:50:35.314925750,T,KO,I,77,69.77
2025-12-12,9:50:35.314934646,T,KO,F I,3,69.77
2025-12-12,9:50:35.315332069,T,KO,F I,6,69.77
2025-12-12,9:50:35.315334911,T,KO,F I,25,69.77
2025-12-12,9:50:35.315337831,T,KO,F I,41,69.77
2025-12-12,9:50:35.315343584,T,KO,F I,6,69.77
2025-12-12,9:50:35.315343584,T,KO,F I,48,69.77
2025-12-12,9:50:35.315716587,T,KO,I,25,69.77
2025-12-12,9:50:35.315716587,T,KO,I,6,69.77
2025-12-12,9:50:35.315719726,T,KO,I,25,69.77
2025-12-12,9:50:35.315719726,T,KO,I,43,69.77
2025-12-12,9:50:35.315722586,T,KO,I,1,69.77
2025-12-12,9:50:35.315758665,T,KO,F I,41,69.77
2025-12-12,9:50:35.317968833,T,KO,F I,3,69.76
2025-12-12,9:50:35.317980920,T,KO,F,152,69.76
2025-12-12,9:50:36.261739581,T,KO,F I,39,69.76
2025-12-12,9:50:36.380549569,T,KO,I,13,69.76
2025-12-12,9:50:36.380552576,T,KO,,112,69.76
2025-12-12,9:50:36.380555634,T,KO,,100,69.76
2025-12-12,9:50:36.380555634,T,KO,I,1,69.76
2025-12-12,9:50:36.380558576,T,KO,I,28,69.76
2025-12-12,9:50:36.383313102,T,KO,F I,42,69.76
2025-12-12,9:50:36.383316291,T,KO,F,100,69.76
2025-12-12,9:50:36.383316291,T,KO,F,200,69.76
2025-12-12,9:50:36.383319858,T,KO,F I,25,69.76
2025-12-12,9:50:36.383322207,T,KO,F I,3,69.76
2025-12-12,9:50:36.383863947,T,KO,I,40,69.76
2025-12-12,9:50:36.384714548,T,KO,F I,2,69.76
2025-12-12,9:50:36.384717456,T,KO,F I,18,69.76
2025-12-12,9:50:36.384744582,T,KO,F I,82,69.76
2025-12-12,9:50:42.107659710,T,KO,F,100,69.77
2025-12-12,9:50:42.107662694,T,KO,F I,25,69.77
2025-12-12,9:50:42.107683799,T,KO,I,1,69.77
2025-12-12,9:50:42.107683799,T,KO,,100,69.77
2025-12-12,9:50:47.123028719,T,KO,F I,3,69.76
2025-12-12,9:50:47.123028719,T,KO,F I,26,69.76
2025-12-12,9:50:47.123082786,T,KO,F I,3,69.76
2025-12-12,9:50:47.123278384,T,KO,F,171,69.76
2025-12-12,9:50:48.723927550,T,KO,I,10,69.76
2025-12-12,9:50:49.813633338,T,KO,F,300,69.77
2025-12-12,9:50:49.813633338,T,KO,F,100,69.77
2025-12-12,9:50:49.813638800,T,KO,F,190,69.77
2025-12-12,9:50:49.813638800,T,KO,F I,25,69.78
2025-12-12,9:50:49.813641987,T,KO,F,100,69.78
2025-12-12,9:50:49.813641987,T,KO,F I,10,69.78
2025-12-12,9:50:49.813645393,T,KO,F I,46,69.79
2025-12-12,9:50:49.813645393,T,KO,F,200,69.79
2025-12-12,9:50:49.813647907,T,KO,F,100,69.79
2025-12-12,9:50:49.813647907,T,KO,F I,25,69.79
2025-12-12,9:50:49.813663242,T,KO,F,100,69.78
2025-12-12,9:50:49.813665875,T,KO,F,131,69.78
2025-12-12,9:50:49.813668870,T,KO,F,100,69.77
2025-12-12,9:50:49.813668870,T,KO,F I,19,69.77
2025-12-12,9:50:49.813680950,T,KO,I,1,69.77
2025-12-12,9:50:49.813683902,T,KO,I,14,69.77
2025-12-12,9:50:49.813744030,T,KO,F,100,69.78
2025-12-12,9:50:49.813747540,T,KO,F I,1,69.78
2025-12-12,9:50:49.813750263,T,KO,F I,1,69.78
2025-12-12,9:50:49.813771336,T,KO,F I,98,69.78
2025-12-12,9:50:49.813774184,T,KO,F I,2,69.78
2025-12-12,9:50:49.813783389,T,KO,F,129,69.78
2025-12-12,9:50:49.813783389,T,KO,F I,2,69.78
2025-12-12,9:50:49.813798359,T,KO,F I,98,69.78
2025-12-12,9:50:49.813798359,T,KO,F I,37,69.78
2025-12-12,9:50:49.813810348,T,KO,F I,63,69.78
2025-12-12,9:50:49.813813203,T,KO,F I,36,69.78
2025-12-12,9:50:49.813843314,T,KO,F I,14,69.78
2025-12-12,9:50:49.813843314,T,KO,F I,35,69.78
2025-12-12,9:50:49.813852342,T,KO,F I,69,69.78
2025-12-12,9:50:49.813861391,T,KO,F I,96,69.78
2025-12-12,9:50:49.813864355,T,KO,F I,4,69.78
2025-12-12,9:50:49.813873350,T,KO,F I,96,69.78
2025-12-12,9:50:49.813873350,T,KO,F I,35,69.78
2025-12-12,9:50:49.813904147,T,KO,I,1,69.78
2025-12-12,9:50:49.813904147,T,KO,I,14,69.78
2025-12-12,9:50:49.813904147,T,KO,I,34,69.78
2025-12-12,9:50:49.814068818,T,KO,F,100,69.78
2025-12-12,9:50:49.814947079,T,KO,,100,69.79
2025-12-12,9:50:49.814950127,T,KO,,100,69.79
2025-12-12,9:50:49.814954640,T,KO,,100,69.79
2025-12-12,9:50:49.814954640,T,KO,,100,69.79
2025-12-12,9:50:49.814959362,T,KO,,100,69.79
2025-12-12,9:50:49.814959362,T,KO,I,19,69.79
2025-12-12,9:50:49.814959362,T,KO,I,1,69.79
2025-12-12,9:50:49.814962940,T,KO,,200,69.79
2025-12-12,9:50:49.814962940,T,KO,,100,69.79
2025-12-12,9:50:49.814964930,T,KO,,100,69.79
2025-12-12,9:50:49.814968799,T,KO,,100,69.79
2025-12-12,9:50:49.814968799,T,KO,,200,69.79
2025-12-12,9:50:49.815040214,T,KO,,200,69.79
2025-12-12,9:50:49.815043200,T,KO,,100,69.79
2025-12-12,9:50:49.815410123,T,KO,F,100,69.79
2025-12-12,9:50:49.815410123,T,KO,F,100,69.79
2025-12-12,9:50:49.816020650,T,KO,,100,69.79
2025-12-12,9:50:49.816597857,T,KO,,100,69.79
2025-12-12,9:50:49.816600891,T,KO,,100,69.79
2025-12-12,9:50:49.819590028,T,KO,,100,69.795
2025-12-12,9:50:49.831720914,T,KO,,100,69.795
2025-12-12,9:50:50.425151233,T,KO,,100,69.795
2025-12-12,9:50:50.495879656,T,KO,F,300,69.8
2025-12-12,9:50:50.495882672,T,KO,F,500,69.8
2025-12-12,9:50:50.495999952,T,KO,,200,69.8
2025-12-12,9:50:50.645058953,T,KO,F I,5,69.81
2025-12-12,9:50:50.645058953,T,KO,F I,5,69.81
2025-12-12,9:50:51.395818024,T,KO,F,100,69.82
2025-12-12,9:50:51.399276272,T,KO,,100,69.825
2025-12-12,9:50:51.399303415,T,KO,I,7,69.825
2025-12-12,9:50:51.938075634,T,KO,I,11,69.83
2025-12-12,9:50:53.198166741,T,KO,F I,15,69.84
2025-12-12,9:50:53.489828888,T,KO,F I,5,69.845
2025-12-12,9:50:53.489831968,T,KO,F I,6,69.84
2025-12-12,9:50:53.489834315,T,KO,F I,20,69.84
2025-12-12,9:50:53.492571424,T,KO,F I,25,69.83
2025-12-12,9:50:53.492576939,T,KO,F I,3,69.83
2025-12-12,9:50:53.492580246,T,KO,F,200,69.83
2025-12-12,9:50:53.492580246,T,KO,F,228,69.83
2025-12-12,9:50:53.492591894,T,KO,I,1,69.83
2025-12-12,9:50:53.492594930,T,KO,I,14,69.83
2025-12-12,9:50:53.493412838,T,KO,F I,28,69.82
2025-12-12,9:50:53.494059367,T,KO,,100,69.82
2025-12-12,9:50:53.494080438,T,KO,,100,69.82
2025-12-12,9:50:53.494080438,T,KO,I,1,69.82
2025-12-12,9:50:53.936728659,T,KO,I,22,69.82
2025-12-12,9:50:53.936728659,T,KO,,178,69.825
2025-12-12,9:50:55.033371530,T,KO,,100,69.83
2025-12-12,9:50:55.287762446,T,KO,,100,69.835
2025-12-12,9:50:55.291157506,T,KO,,129,69.835
2025-12-12,9:50:56.154474592,T,KO,,100,69.835
2025-12-12,9:50:57.147066668,T,KO,,100,69.835
2025-12-12,9:51:00.364125709,T,KO,F I,2,69.84
2025-12-12,9:51:00.365283397,T,KO,F I,46,69.84
2025-12-12,9:51:00.365283397,T,KO,F I,7,69.84
2025-12-12,9:51:00.365286809,T,KO,F I,50,69.84
2025-12-12,9:51:00.365286809,T,KO,F I,25,69.84
2025-12-12,9:51:00.365364626,T,KO,F I,7,69.84
2025-12-12,9:51:00.365885297,T,KO,F I,95,69.84
2025-12-12,9:51:00.365906486,T,KO,I,1,69.84
2025-12-12,9:51:00.365908985,T,KO,I,4,69.84
2025-12-12,9:51:00.365915211,T,KO,I,7,69.84
2025-12-12,9:51:00.365915211,T,KO,,100,69.84
2025-12-12,9:51:00.365918558,T,KO,I,14,69.84
2025-12-12,9:51:00.365918558,T,KO,I,11,69.84
2025-12-12,9:51:00.365923918,T,KO,I,35,69.84
2025-12-12,9:51:00.365923918,T,KO,I,46,69.84
2025-12-12,9:51:00.365923918,T,KO,I,19,69.84
2025-12-12,9:51:00.365954059,T,KO,F I,81,69.84
2025-12-12,9:51:00.366610291,T,KO,F I,46,69.84
2025-12-12,9:51:00.366610291,T,KO,F I,13,69.84
2025-12-12,9:51:00.366612570,T,KO,F I,11,69.84
2025-12-12,9:51:00.366616565,T,KO,F I,35,69.84
2025-12-12,9:51:00.757859427,T,KO,,100,69.835
2025-12-12,9:51:00.952088987,T,KO,I,1,69.835
2025-12-12,9:51:01.475819396,T,KO,I,11,69.84
2025-12-12,9:51:01.475822328,T,KO,I,20,69.84
2025-12-12,9:51:01.949128718,T,KO,F I,3,69.84
2025-12-12,9:51:02.321075564,T,KO,I,12,69.84
2025-12-12,9:51:02.321078505,T,KO,I,43,69.84
2025-12-12,9:51:02.321294993,T,KO,I,57,69.84
2025-12-12,9:51:02.323135453,T,KO,F I,46,69.84
2025-12-12,9:51:02.323138381,T,KO,F I,7,69.84
2025-12-12,9:51:02.323336957,T,KO,,100,69.84
2025-12-12,9:51:02.323336957,T,KO,I,46,69.84
2025-12-12,9:51:02.323339869,T,KO,I,94,69.84
2025-12-12,9:51:02.667548740,T,KO,F,140,69.83
2025-12-12,9:51:02.667552022,T,KO,F,100,69.83
2025-12-12,9:51:02.667554655,T,KO,F I,3,69.83
2025-12-12,9:51:02.667554655,T,KO,F I,82,69.83
2025-12-12,9:51:02.667569857,T,KO,F,103,69.83
2025-12-12,9:51:02.667569857,T,KO,I,1,69.83
2025-12-12,9:51:02.667573275,T,KO,I,6,69.83
2025-12-12,9:51:02.667783813,T,KO,F I,12,69.83
2025-12-12,9:51:02.667783813,T,KO,F I,8,69.83
2025-12-12,9:51:02.670321300,T,KO,F,100,69.82
2025-12-12,9:51:02.670321300,T,KO,F,216,69.82
2025-12-12,9:51:08.649681224,T,KO,I,9,69.825
2025-12-12,9:51:09.217045443,T,KO,I,25,69.82
2025-12-12,9:51:09.237001041,T,KO,F I,47,69.82
2025-12-12,9:51:10.264611497,T,KO,I,47,69.82
2025-12-12,9:51:19.964149613,T,KO,,100,69.815
2025-12-12,9:51:19.976009855,T,KO,F I,8,69.81
2025-12-12,9:51:19.976013377,T,KO,F I,12,69.81
2025-12-12,9:51:19.976016556,T,KO,F I,13,69.81
2025-12-12,9:51:19.976018937,T,KO,F I,3,69.81
2025-12-12,9:51:19.976388852,T,KO,F,200,69.8
2025-12-12,9:51:19.976388852,T,KO,F,200,69.8
2025-12-12,9:51:19.976391803,T,KO,F,100,69.8
2025-12-12,9:51:19.976416455,T,KO,I,25,69.81
2025-12-12,9:51:19.976624139,T,KO,F I,44,69.8
2025-12-12,9:51:19.979534242,T,KO,F,200,69.79
2025-12-12,9:51:19.984418462,T,KO,F I,44,69.79
2025-12-12,9:51:19.984418462,T,KO,F I,44,69.79
2025-12-12,9:51:19.984421226,T,KO,F,100,69.79
2025-12-12,9:51:19.984423838,T,KO,F,206,69.79
2025-12-12,9:51:19.985639101,T,KO,F I,25,69.79
2025-12-12,9:51:19.985641809,T,KO,F,100,69.79
2025-12-12,9:51:19.985644962,T,KO,F I,44,69.79
2025-12-12,9:51:19.985644962,T,KO,F I,44,69.79
2025-12-12,9:51:19.985647907,T,KO,F I,44,69.79
2025-12-12,9:51:19.985647907,T,KO,F I,12,69.79
2025-12-12,9:51:19.985650785,T,KO,F I,3,69.79
2025-12-12,9:51:21.865857792,T,KO,,100,69.755
2025-12-12,9:51:28.891761191,T,KO,I,92,69.75
2025-12-12,9:51:28.891782250,T,KO,,100,69.75
2025-12-12,9:51:28.891785355,T,KO,I,59,69.75
2025-12-12,9:51:28.891785355,T,KO,I,77,69.75
2025-12-12,9:51:28.891788624,T,KO,I,1,69.75
2025-12-12,9:51:32.962836158,T,KO,F,100,69.73
2025-12-12,9:51:32.962852104,T,KO,I,5,69.73
2025-12-12,9:51:32.962857363,T,KO,I,1,69.73
2025-12-12,9:51:32.962860633,T,KO,I,94,69.73
2025-12-12,9:51:32.962908328,T,KO,I,25,69.73
2025-12-12,9:51:32.962938522,T,KO,I,83,69.73
2025-12-12,9:51:32.962938522,T,KO,I,32,69.73
2025-12-12,9:51:32.962953487,T,KO,F I,83,69.73
2025-12-12,9:51:32.962956499,T,KO,F I,17,69.73
2025-12-12,9:51:32.963365453,T,KO,F I,5,69.72
2025-12-12,9:51:32.963368442,T,KO,F,200,69.72
2025-12-12,9:51:36.822622077,T,KO,,115,69.68
2025-12-12,9:51:36.822643624,T,KO,I,1,69.68
2025-12-12,9:51:36.822643624,T,KO,I,18,69.68
2025-12-12,9:51:36.822649627,T,KO,,100,69.68
2025-12-12,9:51:36.822649627,T,KO,I,18,69.68
2025-12-12,9:51:36.822980785,T,KO,F I,37,69.675
2025-12-12,9:51:36.822982962,T,KO,I,2,69.675
2025-12-12,9:51:36.822985904,T,KO,F I,61,69.675
2025-12-12,9:51:36.822989014,T,KO,F I,39,69.68
2025-12-12,9:51:36.822994905,T,KO,,1543,69.68
2025-12-12,9:51:36.822997946,T,KO,I,20,69.68
2025-12-12,9:51:36.823653779,T,KO,F,100,69.68
2025-12-12,9:51:36.823653779,T,KO,F I,92,69.68
2025-12-12,9:51:36.823660285,T,KO,F,100,69.68
2025-12-12,9:51:36.823660285,T,KO,F I,25,69.68
2025-12-12,9:51:36.823704603,T,KO,I,60,69.68
2025-12-12,9:51:39.691376372,T,KO,F,100,69.67
2025-12-12,9:51:39.691869558,T,KO,I,25,69.67
2025-12-12,9:51:39.692049915,T,KO,F I,22,69.67
2025-12-12,9:51:39.692064952,T,KO,F I,92,69.67
2025-12-12,9:51:39.692074007,T,KO,F,111,69.67
2025-12-12,9:51:39.692074007,T,KO,F,100,69.67
2025-12-12,9:51:39.692080044,T,KO,F,111,69.67
2025-12-12,9:51:39.692080044,T,KO,F,589,69.67
2025-12-12,9:51:41.913043825,T,KO,I,10,69.67
2025-12-12,9:51:41.913046655,T,KO,I,71,69.67
2025-12-12,9:51:41.913046655,T,KO,I,50,69.67
2025-12-12,9:51:41.913560963,T,KO,I,88,69.67
2025-12-12,9:51:41.913585057,T,KO,,100,69.67
2025-12-12,9:51:41.913588268,T,KO,I,10,69.67
2025-12-12,9:51:41.913588268,T,KO,I,25,69.67
2025-12-12,9:51:41.913591921,T,KO,I,1,69.67
2025-12-12,9:51:41.913591921,T,KO,I,1,69.67
2025-12-12,9:51:41.913684261,T,KO,I,2,69.67
2025-12-12,9:51:41.913948868,T,KO,F I,22,69.67
2025-12-12,9:51:41.913952491,T,KO,F,100,69.67
2025-12-12,9:51:41.913955908,T,KO,F I,87,69.67
2025-12-12,9:51:41.913955908,T,KO,F I,88,69.67
2025-12-12,9:51:41.913960915,T,KO,F I,25,69.67
2025-12-12,9:51:42.946885003,T,KO,,300,69.64
2025-12-12,9:51:42.947293875,T,KO,,350,69.64
2025-12-12,9:51:42.948490854,T,KO,,100,69.64
2025-12-12,9:51:42.948493762,T,KO,,100,69.64
2025-12-12,9:51:42.948514812,T,KO,I,1,69.645
2025-12-12,9:51:42.948517812,T,KO,I,4,69.645
2025-12-12,9:51:43.301913523,T,KO,F,100,69.64
2025-12-12,9:51:43.309972747,T,KO,F,200,69.62
2025-12-12,9:51:43.309996927,T,KO,I,59,69.62
2025-12-12,9:51:43.309999859,T,KO,I,22,69.62
2025-12-12,9:51:43.309999859,T,KO,I,55,69.62
2025-12-12,9:51:43.310003193,T,KO,I,1,69.62
2025-12-12,9:51:43.310003193,T,KO,F I,1,69.62
2025-12-12,9:51:43.310005748,T,KO,F I,58,69.62
2025-12-12,9:51:43.310008772,T,KO,F I,29,69.62
2025-12-12,9:51:43.558680366,T,KO,,400,69.625
2025-12-12,9:51:43.558683021,T,KO,I,10,69.625
2025-12-12,9:51:43.558683021,T,KO,I,90,69.625
2025-12-12,9:51:43.559570321,T,KO,,100,69.63
2025-12-12,9:51:43.559570321,T,KO,,100,69.63
2025-12-12,9:51:43.562706628,T,KO,I,9,69.64
2025-12-12,9:51:45.454620571,T,KO,,100,69.645
2025-12-12,9:51:45.888554665,T,KO,,100,69.65
2025-12-12,9:51:45.888557017,T,KO,,100,69.65
2025-12-12,9:51:45.888572093,T,KO,I,1,69.65
2025-12-12,9:51:45.888575636,T,KO,I,49,69.65
2025-12-12,9:51:45.889423502,T,KO,F I,3,69.65
2025-12-12,9:51:45.889426100,T,KO,F I,1,69.65
2025-12-12,9:51:45.889429141,T,KO,F I,96,69.65
2025-12-12,9:51:45.889474706,T,KO,,100,69.64
2025-12-12,9:51:45.889480329,T,KO,I,86,69.64
2025-12-12,9:51:45.889480329,T,KO,,200,69.64
2025-12-12,9:51:45.889484014,T,KO,,100,69.64
2025-12-12,9:51:45.889486671,T,KO,I,25,69.64
2025-12-12,9:51:45.889486671,T,KO,,100,69.64
2025-12-12,9:51:45.889489457,T,KO,,136,69.64
2025-12-12,9:51:45.944508293,T,KO,I,35,69.64
2025-12-12,9:51:45.985092915,T,KO,F I,1,69.64
2025-12-12,9:51:45.985111064,T,KO,F I,64,69.64
2025-12-12,9:51:46.059460633,T,KO,I,35,69.64
2025-12-12,9:51:46.059463075,T,KO,I,85,69.64
2025-12-12,9:51:46.059463075,T,KO,I,41,69.64
2025-12-12,9:51:48.020012559,T,KO,F I,40,69.63
2025-12-12,9:51:48.021308939,T,KO,I,85,69.63
2025-12-12,9:51:48.021311539,T,KO,,100,69.63
2025-12-12,9:51:48.021311539,T,KO,I,35,69.63
2025-12-12,9:51:48.021329579,T,KO,I,87,69.63
2025-12-12,9:51:48.021471305,T,KO,I,13,69.63
2025-12-12,9:51:48.021474039,T,KO,I,87,69.63
2025-12-12,9:51:49.121701361,T,KO,,100,69.63
2025-12-12,9:51:49.121701361,T,KO,I,6,69.63
2025-12-12,9:51:49.121722386,T,KO,I,19,69.63
2025-12-12,9:51:49.121725630,T,KO,I,50,69.63
2025-12-12,9:51:49.121725630,T,KO,I,67,69.63
2025-12-12,9:51:49.121728866,T,KO,I,1,69.63
2025-12-12,9:51:49.535071848,T,KO,I,85,69.63
2025-12-12,9:51:50.139282872,T,KO,I,16,69.635
2025-12-12,9:51:50.140431659,T,KO,I,2,69.635
2025-12-12,9:51:50.146551163,T,KO,I,1,69.635
2025-12-12,9:51:51.193464773,T,KO,F I,1,69.63
2025-12-12,9:51:51.194030128,T,KO,I,82,69.63
2025-12-12,9:51:51.194033063,T,KO,I,35,69.63
2025-12-12,9:51:51.361550180,T,KO,F I,82,69.62
2025-12-12,9:51:51.361556006,T,KO,F I,18,69.62
2025-12-12,9:51:51.361571091,T,KO,I,3,69.62
2025-12-12,9:51:51.361574083,T,KO,I,1,69.62
2025-12-12,9:51:51.361592101,T,KO,I,78,69.62
2025-12-12,9:51:51.361622261,T,KO,F,100,69.62
2025-12-12,9:51:57.116626684,T,KO,F,100,69.61
2025-12-12,9:51:57.116629765,T,KO,F I,3,69.61
2025-12-12,9:51:59.761639342,T,KO,,100,69.625
2025-12-12,9:52:00.924881818,T,KO,I,20,69.63
2025-12-12,9:52:00.924899835,T,KO,F I,80,69.63
2025-12-12,9:52:01.797870435,T,KO,F,100,69.63
2025-12-12,9:52:01.797870435,T,KO,F I,11,69.63
2025-12-12,9:52:01.928759815,T,KO,F I,1,69.62
2025-12-12,9:52:01.929407004,T,KO,I,59,69.62
2025-12-12,9:52:02.922614808,T,KO,F I,59,69.61
2025-12-12,9:52:02.922614808,T,KO,F I,25,69.61
2025-12-12,9:52:02.922617852,T,KO,F I,43,69.61
2025-12-12,9:52:05.124672431,T,KO,I,20,69.61
2025-12-12,9:52:10.998959017,T,KO,F I,28,69.62
2025-12-12,9:52:11.784477828,T,KO,,100,69.61
2025-12-12,9:52:11.784808645,T,KO,I,20,69.61
2025-12-12,9:52:11.789361497,T,KO,F I,6,69.6
2025-12-12,9:52:11.789361497,T,KO,F,100,69.6
2025-12-12,9:52:11.789364560,T,KO,F I,20,69.6
2025-12-12,9:52:12.815937556,T,KO,F,100,69.6
2025-12-12,9:52:12.832621292,T,KO,F,100,69.6
2025-12-12,9:52:12.832621292,T,KO,F I,3,69.6
2025-12-12,9:52:13.855405118,T,KO,F I,25,69.6
2025-12-12,9:52:13.855408138,T,KO,F I,9,69.6
2025-12-12,9:52:14.266475131,T,KO,,100,69.6
2025-12-12,9:52:16.280879895,T,KO,,100,69.605
2025-12-12,9:52:17.262673161,T,KO,F I,50,69.61
2025-12-12,9:52:17.262694146,T,KO,I,50,69.61
2025-12-12,9:52:17.262694146,T,KO,I,20,69.61
2025-12-12,9:52:17.263882920,T,KO,F I,67,69.61
2025-12-12,9:52:17.263882920,T,KO,F I,39,69.61
2025-12-12,9:52:17.263888545,T,KO,F I,67,69.61
2025-12-12,9:52:17.263894082,T,KO,F I,67,69.61
2025-12-12,9:52:17.264604424,T,KO,,100,69.61
2025-12-12,9:52:17.491996273,T,KO,F,100,69.61
2025-12-12,9:52:17.491999364,T,KO,F I,67,69.61
2025-12-12,9:52:21.928498610,T,KO,,100,69.605
2025-12-12,9:52:21.928501586,T,KO,I,82,69.605
2025-12-12,9:52:22.615292282,T,KO,I,23,69.62
2025-12-12,9:52:22.726975310,T,KO,,100,69.625
2025-12-12,9:52:25.115636307,T,KO,,100,69.625
2025-12-12,9:52:30.245256443,T,KO,F I,3,69.62
2025-12-12,9:52:30.245259476,T,KO,F,100,69.62
2025-12-12,9:52:30.245262507,T,KO,F I,12,69.62
2025-12-12,9:52:30.245262507,T,KO,F I,25,69.62
2025-12-12,9:52:30.248002011,T,KO,,100,69.61
2025-12-12,9:52:32.992578703,T,KO,F I,13,69.615
2025-12-12,9:52:32.992650901,T,KO,F I,13,69.62
2025-12-12,9:52:33.010308994,T,KO,I,65,69.62
2025-12-12,9:52:36.171702202,T,KO,F,100,69.6
2025-12-12,9:52:41.134792199,T,KO,I,65,69.595
2025-12-12,9:52:41.134794782,T,KO,I,35,69.595
2025-12-12,9:52:41.134797846,T,KO,I,30,69.6
2025-12-12,9:52:41.134827921,T,KO,I,35,69.6
2025-12-12,9:52:41.135041351,T,KO,F I,65,69.6
2025-12-12,9:52:41.135152713,T,KO,I,35,69.6
2025-12-12,9:52:43.087146678,T,KO,I,1,69.605
2025-12-12,9:52:47.082642728,T,KO,F I,20,69.6
2025-12-12,9:52:47.082645744,T,KO,F I,1,69.6
2025-12-12,9:52:48.130521458,T,KO,F I,40,69.59
2025-12-12,9:52:49.283867237,T,KO,,100,69.585
2025-12-12,9:52:49.283870377,T,KO,,100,69.58
2025-12-12,9:52:49.283879423,T,KO,I,6,69.58
2025-12-12,9:52:49.283882398,T,KO,I,1,69.58
2025-12-12,9:52:49.284703241,T,KO,F I,60,69.58
2025-12-12,9:52:49.284706269,T,KO,F,100,69.58
2025-12-12,9:52:49.284727291,T,KO,F I,36,69.58
2025-12-12,9:52:52.706144030,T,KO,F I,55,69.58
2025-12-12,9:52:52.706420743,T,KO,I,5,69.58
2025-12-12,9:52:54.966044390,T,KO,F,400,69.58
2025-12-12,9:52:54.966047962,T,KO,F I,6,69.58
2025-12-12,9:52:54.966059475,T,KO,F I,64,69.58
2025-12-12,9:52:54.966062590,T,KO,I,36,69.58
2025-12-12,9:52:55.340210614,T,KO,F,100,69.585
2025-12-12,9:52:55.340345889,T,KO,,100,69.59
2025-12-12,9:52:55.340526363,T,KO,,100,69.59
2025-12-12,9:52:55.340535348,T,KO,I,80,69.59
2025-12-12,9:52:55.343196932,T,KO,I,61,69.59
2025-12-12,9:52:55.343196932,T,KO,,100,69.59
2025-12-12,9:52:55.343202744,T,KO,I,29,69.59
2025-12-12,9:53:00.111692677,T,KO,F I,29,69.59
2025-12-12,9:53:00.111695704,T,KO,F I,61,69.59
2025-12-12,9:53:00.136486708,T,KO,,100,69.605
2025-12-12,9:53:03.176366809,T,KO,I,2,69.6
2025-12-12,9:53:03.176366809,T,KO,I,1,69.6
2025-12-12,9:53:03.988300519,T,KO,F,100,69.59
2025-12-12,9:53:03.988300519,T,KO,F,100,69.59
2025-12-12,9:53:03.988303558,T,KO,F I,12,69.59
2025-12-12,9:53:05.759425714,T,KO,,100,69.595
2025-12-12,9:53:08.225912299,T,KO,I,3,69.6
2025-12-12,9:53:08.225915260,T,KO,I,25,69.6
2025-12-12,9:53:08.226787874,T,KO,F I,15,69.605
2025-12-12,9:53:08.226787874,T,KO,F I,39,69.6
2025-12-12,9:53:08.226790579,T,KO,F I,15,69.6
2025-12-12,9:53:08.226793333,T,KO,F I,39,69.6
2025-12-12,9:53:08.226793333,T,KO,F I,61,69.6
2025-12-12,9:53:08.226796312,T,KO,F,100,69.6
2025-12-12,9:53:15.101295037,T,KO,I,1,69.59
2025-12-12,9:53:15.101295037,T,KO,I,50,69.59
2025-12-12,9:53:15.158277850,T,KO,,100,69.595
2025-12-12,9:53:16.039482593,T,KO,F I,54,69.595
2025-12-12,9:53:16.039482593,T,KO,F I,46,69.595
2025-12-12,9:53:16.039482593,T,KO,F I,8,69.6
2025-12-12,9:53:16.039484752,T,KO,F I,46,69.6
2025-12-12,9:53:17.120514160,T,KO,,100,69.605
2025-12-12,9:53:17.710230865,T,KO,I,10,69.605
2025-12-12,9:53:19.523113569,T,KO,F,100,69.61
2025-12-12,9:53:19.523113569,T,KO,F I,1,69.61
2025-12-12,9:53:19.523131566,T,KO,I,5,69.61
2025-12-12,9:53:25.545160000,T,KO,F I,86,69.61
2025-12-12,9:53:25.545178861,T,KO,F,100,69.61
2025-12-12,9:53:25.545187993,T,KO,F I,14,69.61
2025-12-12,9:53:25.545187993,T,KO,F I,2,69.61
2025-12-12,9:53:28.256621831,T,KO,,100,69.62
2025-12-12,9:53:28.358212770,T,KO,,100,69.615
2025-12-12,9:53:30.480580526,T,KO,,100,69.615
2025-12-12,9:53:31.957136191,T,KO,,100,69.615
2025-12-12,9:53:35.123256890,T,KO,I,5,69.62
2025-12-12,9:53:35.123301959,T,KO,I,25,69.62
2025-12-12,9:53:35.123308117,T,KO,I,75,69.62
2025-12-12,9:53:35.719772522,T,KO,F,100,69.62
2025-12-12,9:53:35.719775554,T,KO,F I,6,69.62
2025-12-12,9:53:35.719775554,T,KO,F I,50,69.62
2025-12-12,9:53:35.724268240,T,KO,,100,69.64
2025-12-12,9:53:39.660643578,T,KO,F,100,69.64
2025-12-12,9:53:40.919604068,T,KO,F I,10,69.64
2025-12-12,9:53:40.919604068,T,KO,F,100,69.64
2025-12-12,9:53:45.640716030,T,KO,,100,69.645
2025-12-12,9:53:58.629632446,T,KO,F I,39,69.64
2025-12-12,9:53:58.629930227,T,KO,F I,2,69.64
2025-12-12,9:53:58.678161961,T,KO,F,160,69.63
2025-12-12,9:53:58.678363467,T,KO,F I,20,69.63
2025-12-12,9:53:58.678390509,T,KO,F,100,69.63
2025-12-12,9:53:58.689044923,T,KO,,300,69.625
2025-12-12,9:53:59.374993625,T,KO,F I,5,69.62
2025-12-12,9:53:59.374996606,T,KO,F I,6,69.62
2025-12-12,9:53:59.374999674,T,KO,F I,25,69.62
2025-12-12,9:54:01.241172231,T,KO,F I,11,69.62
2025-12-12,9:54:01.241187662,T,KO,F,100,69.62
2025-12-12,9:54:01.241187662,T,KO,F I,20,69.62
2025-12-12,9:54:01.241596246,T,KO,F I,1,69.62
2025-12-12,9:54:09.324393941,T,KO,,100,69.62
2025-12-12,9:54:10.751572040,T,KO,I,10,69.625
2025-12-12,9:54:10.751980991,T,KO,I,13,69.625
2025-12-12,9:54:17.161332013,T,KO,F,100,69.62
2025-12-12,9:54:17.161332013,T,KO,F,100,69.62
2025-12-12,9:54:17.161335042,T,KO,F,400,69.62
2025-12-12,9:54:17.728034707,T,KO,F I,10,69.61
2025-12-12,9:54:17.728037746,T,KO,F I,29,69.61
2025-12-12,9:54:17.728055792,T,KO,I,31,69.61
2025-12-12,9:54:17.836939142,T,KO,,300,69.605
2025-12-12,9:54:19.433847457,T,KO,,300,69.605
2025-12-12,9:54:19.886885361,T,KO,,100,69.605
2025-12-12,9:54:30.987018339,T,KO,,350,69.605
2025-12-12,9:54:38.010230406,T,KO,F I,5,69.6
2025-12-12,9:54:38.010236449,T,KO,F,100,69.6
2025-12-12,9:54:38.010236449,T,KO,F,200,69.6
2025-12-12,9:54:38.010239499,T,KO,F,100,69.6
2025-12-12,9:54:38.011039578,T,KO,F,140,69.59
2025-12-12,9:54:38.011060404,T,KO,I,4,69.59
2025-12-12,9:54:39.058797908,T,KO,F I,25,69.585
2025-12-12,9:54:39.058972228,T,KO,I,25,69.585
2025-12-12,9:54:39.058990227,T,KO,F I,50,69.585
2025-12-12,9:54:39.731223322,T,KO,,300,69.585
2025-12-12,9:54:39.731563095,T,KO,,350,69.585
2025-12-12,9:54:41.076384205,T,KO,F,100,69.59
2025-12-12,9:54:41.076384205,T,KO,F I,4,69.59
2025-12-12,9:54:41.077935665,T,KO,I,1,69.605
2025-12-12,9:54:42.312562257,T,KO,F I,1,69.6
2025-12-12,9:54:42.312562257,T,KO,F,100,69.6
2025-12-12,9:54:42.312565183,T,KO,F,100,69.6
2025-12-12,9:54:43.839090983,T,KO,F,100,69.6
2025-12-12,9:54:53.167653586,T,KO,F I,7,69.61
2025-12-12,9:54:53.167657166,T,KO,F I,12,69.61
2025-12-12,9:54:53.167659605,T,KO,F,100,69.61
2025-12-12,9:54:53.167662800,T,KO,F I,22,69.61
2025-12-12,9:54:53.167668555,T,KO,F I,29,69.61
2025-12-12,9:54:53.167668555,T,KO,F,100,69.61
2025-12-12,9:54:53.167740671,T,KO,I,58,69.61
2025-12-12,9:54:53.173042323,T,KO,F I,25,69.61
2025-12-12,9:54:53.283639710,T,KO,I,25,69.61
2025-12-12,9:54:53.283660926,T,KO,F I,8,69.61
2025-12-12,9:54:53.283660926,T,KO,F,100,69.61
2025-12-12,9:54:57.081267307,T,KO,F I,58,69.605
2025-12-12,9:54:57.081273331,T,KO,F I,42,69.605
2025-12-12,9:54:57.081273331,T,KO,F I,16,69.61
2025-12-12,9:54:57.081279485,T,KO,F I,34,69.61
2025-12-12,9:54:57.081279485,T,KO,F I,8,69.61
2025-12-12,9:54:58.119577174,T,KO,F,100,69.61
2025-12-12,9:54:58.409942930,T,KO,F I,25,69.62
2025-12-12,9:54:58.410300641,T,KO,F I,5,69.63
2025-12-12,9:54:58.410303573,T,KO,F I,5,69.63
2025-12-12,9:54:58.451090924,T,KO,F,100,69.62
2025-12-12,9:54:58.451090924,T,KO,F I,58,69.62
2025-12-12,9:54:58.451095715,T,KO,F,100,69.62
2025-12-12,9:54:58.451095715,T,KO,F I,25,69.62
2025-12-12,9:54:58.451098826,T,KO,F,206,69.62
2025-12-12,9:54:58.451111457,T,KO,F I,94,69.62
2025-12-12,9:54:58.452100135,T,KO,F I,58,69.62
2025-12-12,9:54:58.452104296,T,KO,F,100,69.62
2025-12-12,9:54:58.452109220,T,KO,F I,36,69.62
2025-12-12,9:54:58.452109220,T,KO,F I,58,69.62
2025-12-12,9:54:58.452112612,T,KO,F,1600,69.62
2025-12-12,9:54:58.452112612,T,KO,F,720,69.62
2025-12-12,9:54:58.452124165,T,KO,I,1,69.62
2025-12-12,9:54:58.452128187,T,KO,,100,69.62
2025-12-12,9:54:58.452131105,T,KO,F,100,69.62
2025-12-12,9:54:58.452136217,T,KO,F,200,69.62
2025-12-12,9:54:58.452142631,T,KO,F,100,69.62
2025-12-12,9:54:58.452151248,T,KO,,886,69.62
2025-12-12,9:54:58.454262872,T,KO,F,100,69.62
2025-12-12,9:54:58.454268378,T,KO,F,100,69.62
2025-12-12,9:54:58.454268378,T,KO,F I,58,69.62
2025-12-12,9:54:58.454268378,T,KO,F,100,69.62
2025-12-12,9:54:58.454737506,T,KO,F,100,69.61
2025-12-12,9:54:58.454737506,T,KO,F I,58,69.61
2025-12-12,9:54:58.456304186,T,KO,F,100,69.6
2025-12-12,9:54:58.475941010,T,KO,,300,69.595
2025-12-12,9:54:58.476678422,T,KO,F I,5,69.6
2025-12-12,9:54:58.476683715,T,KO,F I,20,69.6
2025-12-12,9:54:58.476683715,T,KO,F I,64,69.6
2025-12-12,9:54:58.476686686,T,KO,F I,58,69.6
2025-12-12,9:54:58.512024348,T,KO,F I,64,69.61
2025-12-12,9:54:59.244442283,T,KO,I,60,69.615
2025-12-12,9:55:00.140116430,T,KO,,100,69.615
2025-12-12,9:55:02.543425924,T,KO,F I,64,69.61
2025-12-12,9:55:02.543428520,T,KO,F I,15,69.61
2025-12-12,9:55:02.543431229,T,KO,F I,14,69.61
2025-12-12,9:55:02.543485952,T,KO,F I,15,69.61
2025-12-12,9:55:02.543485952,T,KO,F I,34,69.61
2025-12-12,9:55:02.543491434,T,KO,F I,16,69.61
2025-12-12,9:55:07.557633438,T,KO,F,120,69.59
