DATE,TIME_M,EX,SYM_ROOT,TR_SCOND,SIZE,PRICE
2025-11-20,9:30:00.415664760,T,KO,O I,67,71.0
2025-11-20,9:30:00.416106778,T,KO,Q,67,71.0
2025-11-20,9:30:00.747156296,T,KO,F I,20,70.95
2025-11-20,9:30:00.747156296,T,KO,F I,30,70.95
2025-11-20,9:30:00.747159315,T,KO,F,250,70.96
2025-11-20,9:30:01.191019527,T,KO,I,10,71.0
2025-11-20,9:30:01.195262522,T,KO,I,50,70.98
2025-11-20,9:30:01.195704534,T,KO,I,3,70.97
2025-11-20,9:30:01.195704534,T,KO,I,97,70.97
2025-11-20,9:30:01.195731571,T,KO,I,1,70.97
2025-11-20,9:30:01.197977968,T,KO,F I,3,70.98
2025-11-20,9:30:01.197977968,T,KO,F I,47,70.98
2025-11-20,9:30:01.198029484,T,KO,I,3,70.98
2025-11-20,9:30:01.198029484,T,KO,I,50,70.98
2025-11-20,9:30:01.198588708,T,KO,F I,3,70.97
2025-11-20,9:30:01.198591435,T,KO,F,197,70.97
2025-11-20,9:30:01.198753861,T,KO,F I,50,70.98
2025-11-20,9:30:01.199613869,T,KO,F I,50,70.99
2025-11-20,9:30:01.200389755,T,KO,F I,50,70.99
2025-11-20,9:30:01.200558154,T,KO,F,100,70.99
2025-11-20,9:30:01.204070528,T,KO,,100,71.0
2025-11-20,9:30:01.204344175,T,KO,I,50,71.01
2025-11-20,9:30:01.701202687,T,KO,I,70,71.01
2025-11-20,9:30:01.701205624,T,KO,I,3,71.0
2025-11-20,9:30:01.701208609,T,KO,,230,71.0
2025-11-20,9:30:01.701918687,T,KO,I,3,71.01
2025-11-20,9:30:01.701924302,T,KO,I,50,71.01
2025-11-20,9:30:01.701924302,T,KO,,300,71.01
2025-11-20,9:30:01.701972372,T,KO,,300,71.02
2025-11-20,9:30:01.719531269,T,KO,,300,71.01
2025-11-20,9:30:01.720051799,T,KO,,100,71.01
2025-11-20,9:30:01.720054488,T,KO,I,3,71.02
2025-11-20,9:30:01.720054488,T,KO,,300,71.02
2025-11-20,9:30:01.915703383,T,KO,I,1,71.04
2025-11-20,9:30:01.915703383,T,KO,,300,71.04
2025-11-20,9:30:01.998716126,T,KO,I,7,71.05
2025-11-20,9:30:01.998749482,T,KO,I,43,71.05
2025-11-20,9:30:01.998749482,T,KO,I,51,71.05
2025-11-20,9:30:02.314438087,T,KO,I,50,71.05
2025-11-20,9:30:02.417379210,T,KO,I,50,71.05
2025-11-20,9:30:02.417938518,T,KO,F I,50,71.05
2025-11-20,9:30:03.678441818,T,KO,I,27,71.04
2025-11-20,9:30:04.711585302,T,KO,I,5,71.0
2025-11-20,9:30:04.712361150,T,KO,I,50,71.01
2025-11-20,9:30:04.909185883,T,KO,,100,71.01
2025-11-20,9:30:04.909200983,T,KO,I,1,71.01
2025-11-20,9:30:04.909206920,T,KO,F I,9,71.01
2025-11-20,9:30:05.853967100,T,KO,I,22,71.015
2025-11-20,9:30:06.284815872,T,KO,I,5,71.03
2025-11-20,9:30:06.284818475,T,KO,I,3,71.03
2025-11-20,9:30:06.284821863,T,KO,I,8,71.03
2025-11-20,9:30:06.284821863,T,KO,F I,8,71.03
2025-11-20,9:30:06.284824297,T,KO,F I,8,71.03
2025-11-20,9:30:06.284833556,T,KO,I,8,71.03
2025-11-20,9:30:06.284833556,T,KO,F I,8,71.03
2025-11-20,9:30:06.284836296,T,KO,I,60,71.03
2025-11-20,9:30:06.284989623,T,KO,F,288,71.04
2025-11-20,9:30:07.105181022,T,KO,I,50,71.04
2025-11-20,9:30:07.105217147,T,KO,I,7,71.04
2025-11-20,9:30:07.105265202,T,KO,I,2,71.03
2025-11-20,9:30:07.105301312,T,KO,,100,71.03
2025-11-20,9:30:07.105313364,T,KO,,100,71.035
2025-11-20,9:30:08.578615280,T,KO,F,100,71.025
2025-11-20,9:30:08.578627375,T,KO,F I,95,71.04
2025-11-20,9:30:08.578648425,T,KO,I,1,71.04
2025-11-20,9:30:08.578669485,T,KO,I,97,71.04
2025-11-20,9:30:08.578669485,T,KO,I,2,71.04
2025-11-20,9:30:08.578783791,T,KO,I,9,71.03
2025-11-20,9:30:08.722474914,T,KO,F I,50,71.01
2025-11-20,9:30:08.722474914,T,KO,F I,10,71.01
2025-11-20,9:30:08.722532990,T,KO,,100,71.01
2025-11-20,9:30:08.722532990,T,KO,,100,71.01
2025-11-20,9:30:08.722538053,T,KO,,100,71.01
2025-11-20,9:30:08.722538053,T,KO,,100,71.01
2025-11-20,9:30:08.722543340,T,KO,,100,71.01
2025-11-20,9:30:08.722543340,T,KO,,100,71.01
2025-11-20,9:30:08.722548244,T,KO,I,93,71.01
2025-11-20,9:30:08.722548244,T,KO,,100,71.01
2025-11-20,9:30:08.722548244,T,KO,,100,71.01
2025-11-20,9:30:08.722553079,T,KO,,100,71.01
2025-11-20,9:30:08.722553079,T,KO,I,9,71.01
2025-11-20,9:30:08.722553079,T,KO,I,9,71.01
2025-11-20,9:30:09.801808675,T,KO,,100,71.03
2025-11-20,9:30:09.802557306,T,KO,,100,71.03
2025-11-20,9:30:11.067075048,T,KO,F,300,71.01
2025-11-20,9:30:11.067348694,T,KO,I,6,71.02
2025-11-20,9:30:11.067351819,T,KO,I,4,71.025
2025-11-20,9:30:11.067354808,T,KO,I,32,71.03
2025-11-20,9:30:11.067357623,T,KO,I,12,71.03
2025-11-20,9:30:11.067357623,T,KO,I,40,71.03
2025-11-20,9:30:11.067598256,T,KO,I,10,71.03
2025-11-20,9:30:11.927015174,T,KO,I,20,71.05
2025-11-20,9:30:12.392608046,T,KO,,200,71.045
2025-11-20,9:30:12.617035511,T,KO,,100,71.045
2025-11-20,9:30:12.691586107,T,KO,,100,71.045
2025-11-20,9:30:13.556857872,T,KO,F I,57,71.045
2025-11-20,9:30:13.693187591,T,KO,,200,71.045
2025-11-20,9:30:14.454522860,T,KO,I,19,71.04
2025-11-20,9:30:15.076554315,T,KO,F,200,71.045
2025-11-20,9:30:15.076557589,T,KO,F I,48,71.06
2025-11-20,9:30:15.076617752,T,KO,,452,71.06
2025-11-20,9:30:15.077104589,T,KO,F,100,71.06
2025-11-20,9:30:15.077128736,T,KO,I,1,71.06
2025-11-20,9:30:15.077324429,T,KO,I,5,71.07
2025-11-20,9:30:15.077324429,T,KO,,100,71.07
2025-11-20,9:30:15.077513572,T,KO,F I,3,71.08
2025-11-20,9:30:15.077649351,T,KO,F I,1,71.08
2025-11-20,9:30:15.077654926,T,KO,F I,1,71.08
2025-11-20,9:30:15.077760178,T,KO,F,100,71.08
2025-11-20,9:30:15.077769278,T,KO,F,100,71.08
2025-11-20,9:30:15.077802683,T,KO,,100,71.08
2025-11-20,9:30:15.077802683,T,KO,I,99,71.08
2025-11-20,9:30:15.077805467,T,KO,I,1,71.08
2025-11-20,9:30:15.077808326,T,KO,F I,99,71.08
2025-11-20,9:30:15.078933628,T,KO,I,80,71.08
2025-11-20,9:30:15.078960435,T,KO,,100,71.08
2025-11-20,9:30:15.078963558,T,KO,,100,71.08
2025-11-20,9:30:15.078966084,T,KO,I,5,71.09
2025-11-20,9:30:15.078969358,T,KO,,250,71.09
2025-11-20,9:30:15.079943455,T,KO,,100,71.08
2025-11-20,9:30:15.080632026,T,KO,,100,71.09
2025-11-20,9:30:15.159518959,T,KO,,200,71.07
2025-11-20,9:30:20.246614796,T,KO,,100,71.06
2025-11-20,9:30:20.246617734,T,KO,,399,71.06
2025-11-20,9:30:20.620134363,T,KO,F I,2,71.06
2025-11-20,9:30:25.775886743,T,KO,I,15,71.07
2025-11-20,9:30:26.365901142,T,KO,F,100,71.04
2025-11-20,9:30:26.365901142,T,KO,F,300,71.04
2025-11-20,9:30:26.365904003,T,KO,F,100,71.04
2025-11-20,9:30:26.366276908,T,KO,,100,71.05
2025-11-20,9:30:26.366276908,T,KO,I,22,71.05
2025-11-20,9:30:26.366282860,T,KO,I,50,71.05
2025-11-20,9:30:26.366288823,T,KO,F,219,71.03
2025-11-20,9:30:26.366297924,T,KO,I,1,71.04
2025-11-20,9:30:26.366304552,T,KO,F I,98,71.04
2025-11-20,9:30:26.366312963,T,KO,F I,2,71.04
2025-11-20,9:30:26.366312963,T,KO,F,100,71.03
2025-11-20,9:30:26.366330976,T,KO,F,100,71.04
2025-11-20,9:30:26.366403157,T,KO,F I,1,71.04
2025-11-20,9:30:26.366649714,T,KO,,300,71.03
2025-11-20,9:30:26.366686390,T,KO,,100,71.04
2025-11-20,9:30:26.366689603,T,KO,I,1,71.04
2025-11-20,9:30:26.366694879,T,KO,,118,71.05
2025-11-20,9:30:26.366788758,T,KO,,101,71.05
2025-11-20,9:30:26.366935664,T,KO,F,100,71.05
2025-11-20,9:30:26.366990277,T,KO,F,100,71.05
2025-11-20,9:30:26.366990277,T,KO,F,100,71.04
2025-11-20,9:30:26.366996101,T,KO,F,100,71.04
2025-11-20,9:30:26.366996101,T,KO,F I,91,71.04
2025-11-20,9:30:26.367531357,T,KO,I,1,71.05
2025-11-20,9:30:26.367537202,T,KO,,100,71.05
2025-11-20,9:30:26.367537202,T,KO,,100,71.05
2025-11-20,9:30:26.370977044,T,KO,F,100,71.05
2025-11-20,9:30:26.375310322,T,KO,F I,50,71.04
2025-11-20,9:30:26.375469733,T,KO,F I,50,71.04
2025-11-20,9:30:26.375523863,T,KO,F I,50,71.04
2025-11-20,9:30:26.375577978,T,KO,F I,50,71.04
2025-11-20,9:30:26.430927788,T,KO,,200,71.03
2025-11-20,9:30:28.633147915,T,KO,F I,2,71.02
2025-11-20,9:30:28.633454711,T,KO,,100,71.01
2025-11-20,9:30:30.547492705,T,KO,F,100,70.99
2025-11-20,9:30:30.547495210,T,KO,F I,10,70.99
2025-11-20,9:30:30.547498376,T,KO,F,300,70.98
2025-11-20,9:30:30.547498376,T,KO,F I,50,70.98
2025-11-20,9:30:30.548815365,T,KO,F,100,70.98
2025-11-20,9:30:30.549618259,T,KO,I,1,70.96
2025-11-20,9:30:30.550249804,T,KO,,100,70.98
2025-11-20,9:30:30.551326395,T,KO,,100,70.99
2025-11-20,9:30:30.552243479,T,KO,F,270,70.99
2025-11-20,9:30:30.552604513,T,KO,I,24,71.0
2025-11-20,9:30:30.552881013,T,KO,F,200,71.005
2025-11-20,9:30:30.553013366,T,KO,,100,71.01
2025-11-20,9:30:30.580769413,T,KO,F I,24,71.01
2025-11-20,9:30:30.580769413,T,KO,F I,58,71.01
2025-11-20,9:30:30.580772430,T,KO,F,130,71.01
2025-11-20,9:30:30.629927544,T,KO,,100,71.0
2025-11-20,9:30:30.766467801,T,KO,,300,70.98
2025-11-20,9:30:30.784628022,T,KO,,200,70.96
2025-11-20,9:30:30.800941804,T,KO,F,300,70.98
2025-11-20,9:30:30.801474599,T,KO,,200,70.98
2025-11-20,9:30:31.088982874,T,KO,,200,70.98
2025-11-20,9:30:31.091575117,T,KO,,100,70.98
2025-11-20,9:30:31.091575117,T,KO,,600,70.98
2025-11-20,9:30:33.930071360,T,KO,,300,70.91
2025-11-20,9:30:33.930074370,T,KO,I,50,70.91
2025-11-20,9:30:33.946679904,T,KO,,300,70.93
2025-11-20,9:30:33.946682971,T,KO,I,50,70.93
2025-11-20,9:30:33.946866813,T,KO,,100,70.93
2025-11-20,9:30:33.946872635,T,KO,,100,70.92
2025-11-20,9:30:33.946872635,T,KO,,100,70.92
2025-11-20,9:30:33.946877046,T,KO,,100,70.92
2025-11-20,9:30:33.946881438,T,KO,I,34,70.92
2025-11-20,9:30:33.946881438,T,KO,I,13,70.92
2025-11-20,9:30:33.946884483,T,KO,,300,70.92
2025-11-20,9:30:33.946884483,T,KO,I,50,70.92
2025-11-20,9:30:33.946908539,T,KO,,100,70.92
2025-11-20,9:30:33.946938592,T,KO,,200,70.92
2025-11-20,9:30:33.946965601,T,KO,,100,70.92
2025-11-20,9:30:33.947013699,T,KO,F,100,70.92
2025-11-20,9:30:33.947016721,T,KO,F,210,70.93
2025-11-20,9:30:33.947026405,T,KO,F I,90,70.93
2025-11-20,9:30:33.947026405,T,KO,F I,50,70.93
2025-11-20,9:30:33.947031818,T,KO,F,100,70.93
2025-11-20,9:30:33.947073853,T,KO,,100,70.92
2025-11-20,9:30:33.947227229,T,KO,,100,70.92
2025-11-20,9:30:33.947233273,T,KO,I,50,70.92
2025-11-20,9:30:33.947585680,T,KO,F I,1,70.92
2025-11-20,9:30:33.949960806,T,KO,F,100,70.93
2025-11-20,9:30:35.291933880,T,KO,I,50,70.91
2025-11-20,9:30:36.059385810,T,KO,I,50,70.91
2025-11-20,9:30:36.059385810,T,KO,I,7,70.9
2025-11-20,9:30:37.059892628,T,KO,F,123,70.93
2025-11-20,9:30:37.792199775,T,KO,F I,49,70.92
2025-11-20,9:30:37.838095093,T,KO,I,24,70.91
2025-11-20,9:30:39.470866900,T,KO,,300,70.9
2025-11-20,9:30:39.470866900,T,KO,,337,70.9
2025-11-20,9:30:39.606772642,T,KO,I,5,70.89
2025-11-20,9:30:39.796124601,T,KO,F,300,70.87
2025-11-20,9:30:39.796422797,T,KO,F,100,70.88
2025-11-20,9:30:39.796422797,T,KO,F I,34,70.88
2025-11-20,9:30:39.796425365,T,KO,F I,20,70.88
2025-11-20,9:30:39.796443364,T,KO,I,1,70.88
2025-11-20,9:30:39.796467803,T,KO,I,79,70.88
2025-11-20,9:30:39.796467803,T,KO,I,21,70.89
2025-11-20,9:30:39.796479430,T,KO,F I,79,70.89
2025-11-20,9:30:39.796503480,T,KO,,100,70.89
2025-11-20,9:30:39.796645038,T,KO,,100,70.89
2025-11-20,9:30:39.796645038,T,KO,I,34,70.89
2025-11-20,9:30:39.796647828,T,KO,,100,70.89
2025-11-20,9:30:39.797561979,T,KO,,100,70.88
2025-11-20,9:30:39.797565257,T,KO,I,15,70.88
2025-11-20,9:30:39.797565257,T,KO,I,35,70.88
2025-11-20,9:30:39.797592143,T,KO,,265,70.88
2025-11-20,9:30:39.808835832,T,KO,,100,70.88
2025-11-20,9:30:39.838357834,T,KO,F I,24,70.89
2025-11-20,9:30:39.838357834,T,KO,F I,33,70.89
2025-11-20,9:30:39.838360164,T,KO,F I,74,70.89
2025-11-20,9:30:40.374522088,T,KO,F,100,70.89
2025-11-20,9:30:41.548936092,T,KO,,200,70.885
2025-11-20,9:30:42.018125702,T,KO,F,300,70.87
2025-11-20,9:30:42.018125702,T,KO,F,337,70.87
2025-11-20,9:30:42.018805221,T,KO,,100,70.86
2025-11-20,9:30:42.018859332,T,KO,,100,70.87
2025-11-20,9:30:42.018880372,T,KO,I,1,70.87
2025-11-20,9:30:42.018967606,T,KO,I,44,70.86
2025-11-20,9:30:42.018973947,T,KO,,100,70.86
2025-11-20,9:30:42.018973947,T,KO,,100,70.86
2025-11-20,9:30:42.018976714,T,KO,I,10,70.86
2025-11-20,9:30:42.019307318,T,KO,I,44,70.87
2025-11-20,9:30:42.019310349,T,KO,,300,70.87
2025-11-20,9:30:42.019316336,T,KO,I,50,70.87
2025-11-20,9:30:42.019353317,T,KO,I,58,70.87
2025-11-20,9:30:42.019374131,T,KO,F,100,70.86
2025-11-20,9:30:42.019374131,T,KO,F I,21,70.86
2025-11-20,9:30:42.019376481,T,KO,F,190,70.87
2025-11-20,9:30:42.019385695,T,KO,I,1,70.87
2025-11-20,9:30:42.019385695,T,KO,,279,70.86
2025-11-20,9:30:42.019388603,T,KO,I,50,70.86
2025-11-20,9:30:42.019397531,T,KO,I,9,70.87
2025-11-20,9:30:42.019397531,T,KO,I,91,70.87
2025-11-20,9:30:42.019457768,T,KO,I,58,70.87
2025-11-20,9:30:42.019476169,T,KO,I,9,70.87
2025-11-20,9:30:42.019479332,T,KO,,100,70.87
2025-11-20,9:30:42.019481909,T,KO,,300,70.86
2025-11-20,9:30:42.019481909,T,KO,I,50,70.86
2025-11-20,9:30:42.030100092,T,KO,I,50,70.86
2025-11-20,9:30:42.030100092,T,KO,,100,70.86
2025-11-20,9:30:42.030238436,T,KO,,100,70.86
2025-11-20,9:30:42.030325653,T,KO,,100,70.86
2025-11-20,9:30:42.030407084,T,KO,F I,57,70.86
2025-11-20,9:30:42.030425144,T,KO,F I,43,70.86
2025-11-20,9:30:42.030428042,T,KO,F I,58,70.86
2025-11-20,9:30:42.031008294,T,KO,I,50,70.86
2025-11-20,9:30:42.031038260,T,KO,I,8,70.86
2025-11-20,9:30:42.031059482,T,KO,I,92,70.86
2025-11-20,9:30:42.031059482,T,KO,I,1,70.86
2025-11-20,9:30:42.031068598,T,KO,F I,79,70.87
2025-11-20,9:30:42.031068598,T,KO,F I,90,70.87
2025-11-20,9:30:42.031071422,T,KO,F I,30,70.87
2025-11-20,9:30:42.031086931,T,KO,F I,10,70.87
2025-11-20,9:30:42.031092569,T,KO,I,50,70.86
2025-11-20,9:30:42.031092569,T,KO,F I,3,70.87
2025-11-20,9:30:42.031101441,T,KO,I,88,70.87
2025-11-20,9:30:42.031101441,T,KO,I,92,70.87
2025-11-20,9:30:42.031134942,T,KO,I,79,70.86
2025-11-20,9:30:42.031134942,T,KO,,100,70.86
2025-11-20,9:30:42.031144012,T,KO,F I,1,70.87
2025-11-20,9:30:42.031248763,T,KO,I,2,70.87
2025-11-20,9:30:42.031248763,T,KO,,100,70.87
2025-11-20,9:30:42.031251819,T,KO,I,50,70.87
2025-11-20,9:30:42.031411523,T,KO,,100,70.86
2025-11-20,9:30:42.031411523,T,KO,I,50,70.86
2025-11-20,9:30:42.031414172,T,KO,,221,70.86
2025-11-20,9:30:42.032343397,T,KO,F,200,70.86
2025-11-20,9:30:42.042504673,T,KO,I,1,70.87
2025-11-20,9:30:42.042507860,T,KO,,300,70.87
2025-11-20,9:30:42.042507860,T,KO,,100,70.87
2025-11-20,9:30:42.042510687,T,KO,I,1,70.87
2025-11-20,9:30:42.042931673,T,KO,,300,70.88
2025-11-20,9:30:45.204108667,T,KO,,142,70.86
2025-11-20,9:30:45.204168740,T,KO,I,44,70.87
2025-11-20,9:30:45.204168740,T,KO,,190,70.87
2025-11-20,9:30:45.204237908,T,KO,I,44,70.86
2025-11-20,9:30:49.725596350,T,KO,F I,2,70.85
2025-11-20,9:30:49.725656521,T,KO,I,37,70.84
2025-11-20,9:30:49.725659482,T,KO,I,2,70.84
2025-11-20,9:30:50.277040651,T,KO,,300,70.85
2025-11-20,9:30:50.277055727,T,KO,I,1,70.85
2025-11-20,9:30:50.277055727,T,KO,I,49,70.85
2025-11-20,9:30:50.336540374,T,KO,,100,70.87
2025-11-20,9:30:50.338329713,T,KO,,200,70.87
2025-11-20,9:30:53.891508368,T,KO,I,2,70.87
2025-11-20,9:30:53.891635513,T,KO,,200,70.85
2025-11-20,9:30:53.891635513,T,KO,I,6,70.85
2025-11-20,9:30:53.891842092,T,KO,,100,70.86
2025-11-20,9:30:53.891863473,T,KO,I,56,70.86
2025-11-20,9:30:53.891866529,T,KO,I,10,70.86
2025-11-20,9:30:53.891917288,T,KO,,100,70.86
2025-11-20,9:30:53.891929337,T,KO,F,100,70.87
2025-11-20,9:30:53.891933041,T,KO,F,100,70.87
2025-11-20,9:30:53.891974411,T,KO,I,56,70.86
2025-11-20,9:30:53.891980466,T,KO,F I,20,70.87
2025-11-20,9:30:53.892094706,T,KO,,300,70.87
2025-11-20,9:30:53.892116119,T,KO,,100,70.86
2025-11-20,9:30:53.892118754,T,KO,,100,70.86
2025-11-20,9:30:53.892182292,T,KO,,100,70.85
2025-11-20,9:30:53.892182292,T,KO,,300,70.85
2025-11-20,9:30:53.892239372,T,KO,F I,56,70.86
2025-11-20,9:30:53.892272638,T,KO,,300,70.85
2025-11-20,9:30:53.892275114,T,KO,,100,70.85
2025-11-20,9:30:53.892431572,T,KO,,300,70.85
2025-11-20,9:30:53.892434516,T,KO,I,50,70.85
2025-11-20,9:30:53.892666751,T,KO,I,1,70.85
2025-11-20,9:30:53.892669655,T,KO,,100,70.86
2025-11-20,9:30:53.892672067,T,KO,I,50,70.86
2025-11-20,9:30:53.892672067,T,KO,,149,70.86
2025-11-20,9:30:53.892696138,T,KO,F,151,70.86
2025-11-20,9:30:53.892726236,T,KO,I,1,70.85
2025-11-20,9:30:53.892729393,T,KO,,100,70.85
2025-11-20,9:30:53.893023945,T,KO,,100,70.85
2025-11-20,9:30:53.893075128,T,KO,,300,70.85
2025-11-20,9:30:53.893165259,T,KO,F,100,70.85
2025-11-20,9:30:53.893165259,T,KO,F I,44,70.85
2025-11-20,9:30:53.904824050,T,KO,F,100,70.83
2025-11-20,9:30:53.905100788,T,KO,,100,70.84
2025-11-20,9:30:53.905103927,T,KO,I,56,70.84
2025-11-20,9:30:53.905103927,T,KO,I,10,70.84
2025-11-20,9:30:53.905107059,T,KO,,300,70.84
2025-11-20,9:30:53.905107059,T,KO,,100,70.84
2025-11-20,9:30:53.905124805,T,KO,I,1,70.84
2025-11-20,9:30:53.907010319,T,KO,,100,70.84
2025-11-20,9:30:57.973541394,T,KO,F,300,70.845
2025-11-20,9:30:57.974022550,T,KO,I,4,70.84
2025-11-20,9:30:57.974022550,T,KO,I,10,70.84
2025-11-20,9:30:57.974091721,T,KO,I,58,70.85
2025-11-20,9:30:57.974094735,T,KO,,300,70.85
2025-11-20,9:30:57.974113493,T,KO,,100,70.84
2025-11-20,9:30:57.974113493,T,KO,I,19,70.84
2025-11-20,9:30:57.974133832,T,KO,I,1,70.84
2025-11-20,9:30:57.974723282,T,KO,,100,70.83
2025-11-20,9:30:57.974963736,T,KO,,100,70.84
2025-11-20,9:30:57.974966747,T,KO,,300,70.84
2025-11-20,9:30:59.399561629,T,KO,,200,70.845
2025-11-20,9:30:59.403946707,T,KO,I,9,70.86
2025-11-20,9:30:59.403967254,T,KO,F,200,70.845
2025-11-20,9:30:59.403970532,T,KO,F I,91,70.86
2025-11-20,9:30:59.403994167,T,KO,,200,70.86
2025-11-20,9:30:59.403994167,T,KO,,200,70.86
2025-11-20,9:30:59.404190054,T,KO,,100,70.86
2025-11-20,9:30:59.404192651,T,KO,I,58,70.85
2025-11-20,9:30:59.404195685,T,KO,,100,70.85
2025-11-20,9:30:59.404340085,T,KO,,100,70.86
2025-11-20,9:30:59.404340085,T,KO,I,58,70.86
2025-11-20,9:30:59.404343070,T,KO,,300,70.86
2025-11-20,9:30:59.404367101,T,KO,,100,70.85
2025-11-20,9:30:59.404421543,T,KO,,160,70.85
2025-11-20,9:30:59.404592758,T,KO,,100,70.86
2025-11-20,9:30:59.404632390,T,KO,F,200,70.86
2025-11-20,9:30:59.404634699,T,KO,F,300,70.86
2025-11-20,9:30:59.404664771,T,KO,I,58,70.86
2025-11-20,9:30:59.404691838,T,KO,F I,42,70.86
2025-11-20,9:30:59.404734683,T,KO,I,58,70.85
2025-11-20,9:30:59.404734683,T,KO,,100,70.85
2025-11-20,9:30:59.404818814,T,KO,,100,70.84
2025-11-20,9:30:59.404818814,T,KO,I,29,70.84
2025-11-20,9:30:59.405070811,T,KO,,300,70.84
2025-11-20,9:30:59.405070811,T,KO,I,50,70.84
2025-11-20,9:30:59.405251192,T,KO,F I,58,70.85
2025-11-20,9:30:59.405251192,T,KO,F I,58,70.85
2025-11-20,9:30:59.405302931,T,KO,F I,42,70.85
2025-11-20,9:30:59.405305405,T,KO,F I,16,70.85
2025-11-20,9:30:59.405332579,T,KO,F,100,70.85
2025-11-20,9:30:59.405365523,T,KO,I,50,70.84
2025-11-20,9:30:59.405425772,T,KO,,184,70.85
2025-11-20,9:30:59.405425772,T,KO,I,50,70.85
2025-11-20,9:30:59.405428847,T,KO,I,66,70.85
2025-11-20,9:30:59.405480423,T,KO,I,66,70.84
2025-11-20,9:30:59.405515888,T,KO,F I,34,70.85
2025-11-20,9:30:59.405519277,T,KO,F,300,70.85
2025-11-20,9:30:59.405519277,T,KO,F I,16,70.85
2025-11-20,9:30:59.405570503,T,KO,I,34,70.84
2025-11-20,9:30:59.405751411,T,KO,I,1,70.84
2025-11-20,9:30:59.405771557,T,KO,,300,70.84
2025-11-20,9:30:59.405789895,T,KO,I,34,70.85
2025-11-20,9:30:59.405793161,T,KO,,244,70.85
2025-11-20,9:30:59.405819916,T,KO,,100,70.84
2025-11-20,9:30:59.405819916,T,KO,I,1,70.84
2025-11-20,9:30:59.405882889,T,KO,I,1,70.85
2025-11-20,9:30:59.405882889,T,KO,,300,70.85
2025-11-20,9:30:59.405885676,T,KO,I,50,70.85
2025-11-20,9:30:59.405885676,T,KO,,300,70.84
2025-11-20,9:30:59.405885676,T,KO,,100,70.84
2025-11-20,9:30:59.406066193,T,KO,F I,24,70.84
2025-11-20,9:30:59.406066193,T,KO,F I,26,70.84
2025-11-20,9:30:59.406442624,T,KO,,100,70.84
2025-11-20,9:30:59.406445072,T,KO,I,1,70.84
2025-11-20,9:30:59.406448074,T,KO,I,99,70.84
2025-11-20,9:30:59.414119296,T,KO,,190,70.845
2025-11-20,9:30:59.418147241,T,KO,F,200,70.84
2025-11-20,9:30:59.418151893,T,KO,F I,50,70.85
2025-11-20,9:30:59.418155751,T,KO,F,100,70.85
2025-11-20,9:30:59.418155751,T,KO,F,100,70.85
2025-11-20,9:30:59.418163953,T,KO,I,1,70.85
2025-11-20,9:30:59.418173007,T,KO,I,24,70.85
2025-11-20,9:30:59.418185800,T,KO,,175,70.85
2025-11-20,9:30:59.438931461,T,KO,F,300,70.84
2025-11-20,9:30:59.438934383,T,KO,F I,50,70.84
2025-11-20,9:30:59.452193041,T,KO,,200,70.83
2025-11-20,9:30:59.467313063,T,KO,,100,70.84
2025-11-20,9:30:59.467544592,T,KO,,100,70.84
2025-11-20,9:30:59.467547898,T,KO,,100,70.83
2025-11-20,9:30:59.467547898,T,KO,I,63,70.83
2025-11-20,9:30:59.467550674,T,KO,,300,70.83
2025-11-20,9:30:59.467616784,T,KO,F I,58,70.83
2025-11-20,9:30:59.467806701,T,KO,F I,42,70.83
2025-11-20,9:30:59.467809261,T,KO,F,190,70.83
2025-11-20,9:30:59.477943404,T,KO,F I,10,70.83
2025-11-20,9:30:59.477943404,T,KO,F,100,70.83
2025-11-20,9:31:00.634479929,T,KO,,100,70.84
2025-11-20,9:31:00.634479929,T,KO,I,90,70.84
2025-11-20,9:31:01.077916025,T,KO,,100,70.835
2025-11-20,9:31:01.382532494,T,KO,F I,6,70.83
2025-11-20,9:31:01.382532494,T,KO,F I,94,70.83
2025-11-20,9:31:01.382550537,T,KO,I,1,70.83
2025-11-20,9:31:01.383624052,T,KO,F I,5,70.83
2025-11-20,9:31:03.015174927,T,KO,I,2,70.8
2025-11-20,9:31:03.015174927,T,KO,F I,36,70.8
2025-11-20,9:31:03.015860767,T,KO,I,58,70.8
2025-11-20,9:31:03.015866561,T,KO,,100,70.8
2025-11-20,9:31:03.015866561,T,KO,,190,70.8
2025-11-20,9:31:03.015869529,T,KO,,100,70.8
2025-11-20,9:31:03.015869529,T,KO,,300,70.8
2025-11-20,9:31:03.016173278,T,KO,F,100,70.8
2025-11-20,9:31:03.016621369,T,KO,I,22,70.8
2025-11-20,9:31:03.027615506,T,KO,,100,70.81
2025-11-20,9:31:03.027615506,T,KO,I,1,70.81
2025-11-20,9:31:03.028021915,T,KO,F,300,70.82
2025-11-20,9:31:03.028021915,T,KO,F I,50,70.82
2025-11-20,9:31:03.034775518,T,KO,F I,33,70.825
2025-11-20,9:31:03.034790656,T,KO,F I,67,70.825
2025-11-20,9:31:03.034832754,T,KO,,100,70.825
2025-11-20,9:31:03.034847711,T,KO,F,100,70.83
2025-11-20,9:31:03.057801359,T,KO,,200,70.83
2025-11-20,9:31:03.057801359,T,KO,I,20,70.83
2025-11-20,9:31:03.057804381,T,KO,I,78,70.83
2025-11-20,9:31:03.057819394,T,KO,F I,90,70.83
2025-11-20,9:31:03.865648430,T,KO,F I,50,70.81
2025-11-20,9:31:03.865708579,T,KO,I,85,70.82
2025-11-20,9:31:03.865729647,T,KO,I,1,70.82
2025-11-20,9:31:03.865771721,T,KO,F,100,70.81
2025-11-20,9:31:03.865774769,T,KO,F I,60,70.81
2025-11-20,9:31:03.865825901,T,KO,I,25,70.81
2025-11-20,9:31:04.283030546,T,KO,F,160,70.805
2025-11-20,9:31:04.283884494,T,KO,F,100,70.81
2025-11-20,9:31:04.283884494,T,KO,F I,51,70.82
2025-11-20,9:31:04.283887554,T,KO,F I,58,70.82
2025-11-20,9:31:04.283887554,T,KO,F I,51,70.82
2025-11-20,9:31:04.283920664,T,KO,,100,70.83
2025-11-20,9:31:04.283926944,T,KO,I,50,70.83
2025-11-20,9:31:04.284338626,T,KO,,100,70.825
2025-11-20,9:31:04.284338626,T,KO,I,10,70.82
2025-11-20,9:31:04.285187005,T,KO,I,23,70.82
2025-11-20,9:31:04.285328010,T,KO,F,339,70.82
2025-11-20,9:31:04.285517436,T,KO,I,61,70.82
2025-11-20,9:31:04.286384695,T,KO,I,40,70.82
2025-11-20,9:31:04.286404559,T,KO,F I,10,70.82
2025-11-20,9:31:04.286407581,T,KO,F,100,70.82
2025-11-20,9:31:04.286621314,T,KO,I,50,70.81
2025-11-20,9:31:04.286621314,T,KO,,100,70.81
2025-11-20,9:31:04.286621314,T,KO,,100,70.81
2025-11-20,9:31:04.286627091,T,KO,I,10,70.81
2025-11-20,9:31:04.286642142,T,KO,I,1,70.81
2025-11-20,9:31:04.286690491,T,KO,F I,58,70.82
2025-11-20,9:31:04.286696254,T,KO,F I,42,70.82
2025-11-20,9:31:04.286699311,T,KO,F I,50,70.82
2025-11-20,9:31:04.286732660,T,KO,,100,70.815
2025-11-20,9:31:04.286735317,T,KO,,250,70.81
2025-11-20,9:31:04.286783963,T,KO,I,50,70.81
2025-11-20,9:31:04.286786799,T,KO,I,50,70.81
2025-11-20,9:31:04.286843632,T,KO,F I,50,70.81
2025-11-20,9:31:04.297471409,T,KO,F I,50,70.82
2025-11-20,9:31:04.297474312,T,KO,F I,51,70.82
2025-11-20,9:31:04.297474312,T,KO,F I,85,70.82
2025-11-20,9:31:04.297479905,T,KO,F,250,70.82
2025-11-20,9:31:04.297479905,T,KO,F I,51,70.82
2025-11-20,9:31:04.297479905,T,KO,F I,47,70.82
2025-11-20,9:31:04.325572808,T,KO,F,100,70.84
2025-11-20,9:31:04.325572808,T,KO,F I,48,70.84
2025-11-20,9:31:04.325576584,T,KO,F I,50,70.84
2025-11-20,9:31:04.325579007,T,KO,F,300,70.84
2025-11-20,9:31:04.325579007,T,KO,F I,2,70.84
2025-11-20,9:31:04.325599852,T,KO,F I,98,70.84
2025-11-20,9:31:04.330050453,T,KO,F,300,70.86
2025-11-20,9:31:04.330185862,T,KO,,100,70.85
2025-11-20,9:31:04.330189035,T,KO,,100,70.85
2025-11-20,9:31:04.330192117,T,KO,I,85,70.85
2025-11-20,9:31:04.330192117,T,KO,I,50,70.85
2025-11-20,9:31:04.330358021,T,KO,,200,70.85
2025-11-20,9:31:04.330358021,T,KO,,100,70.85
2025-11-20,9:31:04.330363300,T,KO,I,85,70.85
2025-11-20,9:31:04.330366252,T,KO,,200,70.85
2025-11-20,9:31:04.330366252,T,KO,I,15,70.85
2025-11-20,9:31:04.330378238,T,KO,F I,85,70.85
2025-11-20,9:31:04.330384305,T,KO,F,100,70.85
2025-11-20,9:31:04.330390280,T,KO,F I,85,70.85
2025-11-20,9:31:04.330390280,T,KO,F I,15,70.85
2025-11-20,9:31:04.330483533,T,KO,F I,2,70.85
2025-11-20,9:31:04.330724129,T,KO,F,100,70.85
2025-11-20,9:31:04.330727215,T,KO,F I,2,70.85
2025-11-20,9:31:04.330727215,T,KO,F I,4,70.85
2025-11-20,9:31:04.330730106,T,KO,F I,50,70.85
2025-11-20,9:31:04.330907584,T,KO,,100,70.85
2025-11-20,9:31:04.331007532,T,KO,I,2,70.85
2025-11-20,9:31:04.331007532,T,KO,I,10,70.85
2025-11-20,9:31:04.331011113,T,KO,,100,70.86
2025-11-20,9:31:04.331016476,T,KO,I,50,70.86
2025-11-20,9:31:04.331016476,T,KO,,100,70.86
2025-11-20,9:31:04.331016476,T,KO,I,90,70.86
2025-11-20,9:31:04.331139050,T,KO,F I,10,70.85
2025-11-20,9:31:04.331289401,T,KO,I,4,70.85
2025-11-20,9:31:04.331511986,T,KO,F I,2,70.85
2025-11-20,9:31:04.331539020,T,KO,F I,6,70.85
2025-11-20,9:31:04.331560062,T,KO,F I,35,70.85
2025-11-20,9:31:04.331695389,T,KO,F I,6,70.85
2025-11-20,9:31:04.331800722,T,KO,F I,18,70.85
2025-11-20,9:31:04.331806721,T,KO,F I,16,70.85
2025-11-20,9:31:04.340202830,T,KO,F I,17,70.85
2025-11-20,9:31:04.340206561,T,KO,F I,4,70.85
2025-11-20,9:31:04.340206561,T,KO,F I,4,70.85
2025-11-20,9:31:04.340208728,T,KO,F,100,70.85
2025-11-20,9:31:04.340211722,T,KO,F,132,70.85
2025-11-20,9:31:04.340223726,T,KO,F I,58,70.85
2025-11-20,9:31:04.340241730,T,KO,,100,70.85
2025-11-20,9:31:04.348009301,T,KO,F,100,70.85
2025-11-20,9:31:04.348012297,T,KO,F,100,70.85
2025-11-20,9:31:04.366166578,T,KO,,100,70.86
2025-11-20,9:31:04.383151022,T,KO,F,300,70.87
2025-11-20,9:31:04.383172015,T,KO,F I,50,70.87
2025-11-20,9:31:04.383590134,T,KO,,100,70.87
2025-11-20,9:31:04.383590134,T,KO,I,5,70.87
2025-11-20,9:31:04.383593576,T,KO,,100,70.865
2025-11-20,9:31:04.383596623,T,KO,I,85,70.86
2025-11-20,9:31:04.383596623,T,KO,I,50,70.86
2025-11-20,9:31:04.383599287,T,KO,I,22,70.86
2025-11-20,9:31:04.383599287,T,KO,I,26,70.86
2025-11-20,9:31:04.383692218,T,KO,F I,50,70.87
2025-11-20,9:31:04.383722321,T,KO,F I,50,70.87
2025-11-20,9:31:04.383725514,T,KO,F I,85,70.87
2025-11-20,9:31:04.383728434,T,KO,F,100,70.87
2025-11-20,9:31:04.383728434,T,KO,,274,70.86
2025-11-20,9:31:04.383731355,T,KO,I,50,70.86
2025-11-20,9:31:04.383846044,T,KO,,100,70.87
2025-11-20,9:31:04.383846044,T,KO,I,10,70.87
2025-11-20,9:31:04.383857684,T,KO,,300,70.86
2025-11-20,9:31:04.383866691,T,KO,,140,70.86
2025-11-20,9:31:04.383879434,T,KO,,100,70.86
2025-11-20,9:31:04.383882134,T,KO,I,8,70.86
2025-11-20,9:31:04.384248556,T,KO,F I,45,70.87
2025-11-20,9:31:04.384269590,T,KO,F I,45,70.87
2025-11-20,9:31:04.384272678,T,KO,F I,50,70.87
2025-11-20,9:31:04.401555539,T,KO,F I,32,70.87
2025-11-20,9:31:04.401555539,T,KO,F I,85,70.87
2025-11-20,9:31:04.401557836,T,KO,F I,83,70.87
2025-11-20,9:31:04.401590894,T,KO,I,17,70.87
2025-11-20,9:31:05.842220046,T,KO,,200,70.93
2025-11-20,9:31:05.844827254,T,KO,I,50,70.92
2025-11-20,9:31:05.844890356,T,KO,I,85,70.93
2025-11-20,9:31:05.844890356,T,KO,I,10,70.93
2025-11-20,9:31:05.892983917,T,KO,I,85,70.92
2025-11-20,9:31:05.892998988,T,KO,,100,70.93
2025-11-20,9:31:05.898616374,T,KO,,100,70.92
2025-11-20,9:31:05.898616374,T,KO,,100,70.92
2025-11-20,9:31:05.898637381,T,KO,I,1,70.92
2025-11-20,9:31:05.899942461,T,KO,,100,70.91
2025-11-20,9:31:06.425949310,T,KO,,200,70.905
2025-11-20,9:31:08.895105971,T,KO,,100,70.895
2025-11-20,9:31:09.145831106,T,KO,F,100,70.91
2025-11-20,9:31:09.499978594,T,KO,,100,70.92
2025-11-20,9:31:09.499994525,T,KO,I,1,70.92
2025-11-20,9:31:09.500047786,T,KO,F I,85,70.93
2025-11-20,9:31:09.500086858,T,KO,F I,23,70.93
2025-11-20,9:31:09.500099634,T,KO,I,48,70.92
2025-11-20,9:31:09.500102177,T,KO,I,1,70.92
2025-11-20,9:31:09.515678990,T,KO,F,100,70.93
2025-11-20,9:31:09.515682254,T,KO,F I,29,70.93
2025-11-20,9:31:09.515682254,T,KO,F I,1,70.93
2025-11-20,9:31:09.515686330,T,KO,F I,67,70.93
2025-11-20,9:31:09.515687980,T,KO,F I,50,70.93
2025-11-20,9:31:09.515691051,T,KO,F I,53,70.93
2025-11-20,9:31:09.515691051,T,KO,F I,47,70.93
2025-11-20,9:31:09.515697004,T,KO,I,1,70.93
2025-11-20,9:31:09.516283506,T,KO,F I,84,70.92
2025-11-20,9:31:09.516293043,T,KO,F,100,70.92
2025-11-20,9:31:09.528661106,T,KO,F,100,70.93
2025-11-20,9:31:09.528664180,T,KO,F I,84,70.93
2025-11-20,9:31:09.528667352,T,KO,F I,48,70.93
2025-11-20,9:31:09.528667352,T,KO,F I,50,70.93
2025-11-20,9:31:09.528670043,T,KO,F I,18,70.93
2025-11-20,9:31:09.528670043,T,KO,F I,82,70.93
2025-11-20,9:31:09.533712973,T,KO,F I,31,70.92
2025-11-20,9:31:09.533715961,T,KO,F I,1,70.92
2025-11-20,9:31:09.533718919,T,KO,F I,54,70.92
2025-11-20,9:31:09.533721985,T,KO,F I,14,70.92
2025-11-20,9:31:09.543850063,T,KO,F I,50,70.93
2025-11-20,9:31:09.544024495,T,KO,F I,56,70.93
2025-11-20,9:31:09.544081637,T,KO,I,9,70.93
2025-11-20,9:31:09.544081637,T,KO,,100,70.93
2025-11-20,9:31:09.544120896,T,KO,,100,70.93
2025-11-20,9:31:09.544123729,T,KO,I,7,70.93
2025-11-20,9:31:09.544126756,T,KO,I,26,70.93
2025-11-20,9:31:09.544156873,T,KO,I,39,70.93
2025-11-20,9:31:10.052470267,T,KO,,100,70.92
2025-11-20,9:31:10.052470267,T,KO,I,2,70.92
2025-11-20,9:31:10.052472599,T,KO,I,98,70.92
2025-11-20,9:31:10.052511514,T,KO,F I,98,70.92
2025-11-20,9:31:10.052529578,T,KO,I,2,70.92
2025-11-20,9:31:10.110005461,T,KO,F,190,70.94
2025-11-20,9:31:10.110008548,T,KO,F,110,70.95
2025-11-20,9:31:10.110017855,T,KO,F I,50,70.95
2025-11-20,9:31:10.110032704,T,KO,F I,85,70.94
2025-11-20,9:31:10.110056688,T,KO,F I,50,70.94
2025-11-20,9:31:10.110062642,T,KO,I,50,70.93
2025-11-20,9:31:10.110170850,T,KO,,100,70.93
2025-11-20,9:31:10.110315224,T,KO,I,36,70.93
2025-11-20,9:31:10.110351332,T,KO,I,3,70.93
2025-11-20,9:31:10.110369319,T,KO,I,61,70.93
2025-11-20,9:31:10.110369319,T,KO,,100,70.935
2025-11-20,9:31:10.110375470,T,KO,,100,70.94
2025-11-20,9:31:10.110375470,T,KO,I,85,70.94
2025-11-20,9:31:10.110378441,T,KO,,100,70.94
2025-11-20,9:31:10.110378441,T,KO,,100,70.94
2025-11-20,9:31:10.110382052,T,KO,,100,70.94
2025-11-20,9:31:10.110382052,T,KO,,100,70.94
2025-11-20,9:31:10.110384647,T,KO,I,50,70.94
2025-11-20,9:31:10.110384647,T,KO,,190,70.94
2025-11-20,9:31:10.110679997,T,KO,I,41,70.93
2025-11-20,9:31:10.110682868,T,KO,I,59,70.93
2025-11-20,9:31:10.110866178,T,KO,I,59,70.92
2025-11-20,9:31:10.110868519,T,KO,I,50,70.92
2025-11-20,9:31:10.110898576,T,KO,,100,70.92
2025-11-20,9:31:10.111241429,T,KO,,100,70.92
2025-11-20,9:31:10.111424929,T,KO,,100,70.92
2025-11-20,9:31:10.197201189,T,KO,,128,70.92
2025-11-20,9:31:10.690062996,T,KO,,100,70.92
2025-11-20,9:31:10.690081059,T,KO,I,1,70.92
2025-11-20,9:31:10.690093080,T,KO,F,199,70.92
2025-11-20,9:31:10.690099122,T,KO,F,172,70.92
2025-11-20,9:31:10.707907443,T,KO,,300,70.92
2025-11-20,9:31:10.707928506,T,KO,I,1,70.92
2025-11-20,9:31:13.093564402,T,KO,F,100,70.93
2025-11-20,9:31:14.240399808,T,KO,,200,70.93
2025-11-20,9:31:14.240399808,T,KO,,100,70.94
2025-11-20,9:31:15.188522526,T,KO,I,61,70.96
2025-11-20,9:31:17.000990251,T,KO,I,59,70.97
2025-11-20,9:31:17.001011028,T,KO,F,100,70.95
2025-11-20,9:31:17.001011028,T,KO,F I,2,70.95
2025-11-20,9:31:17.001011028,T,KO,F I,4,70.95
2025-11-20,9:31:17.001016730,T,KO,I,41,70.97
2025-11-20,9:31:17.001016730,T,KO,I,12,70.97
2025-11-20,9:31:17.001248189,T,KO,,100,70.955
2025-11-20,9:31:17.001248189,T,KO,I,67,70.955
2025-11-20,9:31:17.001281253,T,KO,I,33,70.955
2025-11-20,9:31:17.001284320,T,KO,I,84,70.96
2025-11-20,9:31:17.001380508,T,KO,I,84,70.95
2025-11-20,9:31:17.001428620,T,KO,I,33,70.96
2025-11-20,9:31:17.001500787,T,KO,,177,70.96
2025-11-20,9:31:17.001795532,T,KO,I,33,70.96
2025-11-20,9:31:17.002469186,T,KO,I,46,70.95
2025-11-20,9:31:17.002608496,T,KO,I,13,70.96
2025-11-20,9:31:17.002608496,T,KO,I,50,70.96
2025-11-20,9:31:17.002610595,T,KO,I,37,70.96
2025-11-20,9:31:17.002631945,T,KO,I,7,70.96
2025-11-20,9:31:17.002631945,T,KO,I,55,70.96
2025-11-20,9:31:17.006552903,T,KO,I,5,70.95
2025-11-20,9:31:17.006555910,T,KO,I,2,70.95
2025-11-20,9:31:17.006609971,T,KO,F,100,70.95
2025-11-20,9:31:17.006634330,T,KO,I,1,70.95
2025-11-20,9:31:20.713021481,T,KO,I,50,70.97
2025-11-20,9:31:23.658593976,T,KO,F I,22,70.96
2025-11-20,9:31:23.658633881,T,KO,F I,10,70.95
2025-11-20,9:31:23.658636013,T,KO,F,100,70.95
2025-11-20,9:31:25.530269803,T,KO,I,38,70.91
2025-11-20,9:31:25.664638729,T,KO,F,140,70.89
2025-11-20,9:31:25.664641783,T,KO,,140,70.89
2025-11-20,9:31:25.664657664,T,KO,I,1,70.89
2025-11-20,9:31:25.664840265,T,KO,F,190,70.89
2025-11-20,9:31:26.027423312,T,KO,,200,70.87
2025-11-20,9:31:26.027441062,T,KO,F,100,70.87
2025-11-20,9:31:26.027443866,T,KO,F I,50,70.87
2025-11-20,9:31:29.651471055,T,KO,F I,5,70.88
2025-11-20,9:31:30.403986272,T,KO,I,1,70.875
2025-11-20,9:31:30.787191933,T,KO,F I,50,70.87
2025-11-20,9:31:30.810097520,T,KO,F I,50,70.87
2025-11-20,9:31:30.811050772,T,KO,F I,21,70.86
2025-11-20,9:31:30.811050772,T,KO,I,21,70.86
2025-11-20,9:31:30.815390081,T,KO,I,50,70.83
2025-11-20,9:31:30.815390081,T,KO,,300,70.83
2025-11-20,9:31:30.860671932,T,KO,I,50,70.815
2025-11-20,9:31:30.861174128,T,KO,,150,70.815
2025-11-20,9:31:30.912551555,T,KO,,150,70.815
2025-11-20,9:31:30.912578589,T,KO,I,50,70.815
2025-11-20,9:31:30.919080140,T,KO,I,50,70.82
2025-11-20,9:31:30.919885963,T,KO,F I,50,70.83
2025-11-20,9:31:30.919961196,T,KO,F I,50,70.84
2025-11-20,9:31:30.919964201,T,KO,F,300,70.84
2025-11-20,9:31:30.920463588,T,KO,,100,70.84
2025-11-20,9:31:30.920469770,T,KO,,100,70.83
2025-11-20,9:31:30.920472718,T,KO,,100,70.83
2025-11-20,9:31:30.920472718,T,KO,I,56,70.83
2025-11-20,9:31:30.920472718,T,KO,I,10,70.83
2025-11-20,9:31:30.920478456,T,KO,I,25,70.83
2025-11-20,9:31:30.920478456,T,KO,I,44,70.83
2025-11-20,9:31:30.920478456,T,KO,,300,70.83
2025-11-20,9:31:30.920491214,T,KO,I,1,70.83
2025-11-20,9:31:30.920914510,T,KO,I,70,70.83
2025-11-20,9:31:30.922785117,T,KO,F I,50,70.83
2025-11-20,9:31:30.922785117,T,KO,F,163,70.83
2025-11-20,9:31:30.922788022,T,KO,F I,30,70.83
2025-11-20,9:31:30.922788022,T,KO,F I,1,70.83
2025-11-20,9:31:30.922941677,T,KO,F,300,70.84
2025-11-20,9:31:30.922941677,T,KO,F I,50,70.84
2025-11-20,9:31:31.032949238,T,KO,I,50,70.84
2025-11-20,9:31:31.037258495,T,KO,F I,50,70.85
2025-11-20,9:31:31.038832066,T,KO,F,300,70.87
2025-11-20,9:31:31.038837273,T,KO,F I,93,70.87
2025-11-20,9:31:31.081364533,T,KO,F I,5,70.89
2025-11-20,9:31:31.081367760,T,KO,F I,10,70.89
2025-11-20,9:31:31.081370619,T,KO,F I,50,70.89
2025-11-20,9:31:31.081370619,T,KO,F,300,70.89
2025-11-20,9:31:31.105713575,T,KO,,100,70.9
2025-11-20,9:31:31.120436592,T,KO,,100,70.9
2025-11-20,9:31:31.120436592,T,KO,I,80,70.9
2025-11-20,9:31:31.120451884,T,KO,F I,20,70.9
2025-11-20,9:31:31.120451884,T,KO,F I,50,70.91
2025-11-20,9:31:31.120455038,T,KO,F I,40,70.91
2025-11-20,9:31:31.120455038,T,KO,F I,90,70.91
2025-11-20,9:31:33.109371183,T,KO,F I,50,70.87
2025-11-20,9:31:33.109373991,T,KO,F I,50,70.87
2025-11-20,9:31:33.120286737,T,KO,F,200,70.86
2025-11-20,9:31:35.077251634,T,KO,F I,50,70.86
2025-11-20,9:31:35.077251634,T,KO,F,200,70.86
2025-11-20,9:31:35.077266713,T,KO,F,100,70.86
2025-11-20,9:31:35.077702614,T,KO,,100,70.85
2025-11-20,9:31:35.077702614,T,KO,,128,70.85
2025-11-20,9:31:35.086411281,T,KO,I,14,70.86
2025-11-20,9:31:35.086447460,T,KO,I,21,70.86
2025-11-20,9:31:35.102893604,T,KO,F I,93,70.86
2025-11-20,9:31:35.102893604,T,KO,F I,7,70.86
2025-11-20,9:31:35.102908730,T,KO,F I,93,70.86
2025-11-20,9:31:35.102911892,T,KO,I,1,70.86
2025-11-20,9:31:35.102914658,T,KO,F I,93,70.86
2025-11-20,9:31:35.102923613,T,KO,I,1,70.86
2025-11-20,9:31:35.103041007,T,KO,F I,5,70.86
2025-11-20,9:31:35.103043996,T,KO,F,100,70.87
2025-11-20,9:31:36.454510826,T,KO,,100,70.85
2025-11-20,9:31:36.454555858,T,KO,,100,70.85
2025-11-20,9:31:38.791583899,T,KO,F,350,70.85
2025-11-20,9:31:38.911527575,T,KO,F,300,70.83
2025-11-20,9:31:38.911533531,T,KO,F I,50,70.83
2025-11-20,9:31:39.539173508,T,KO,,100,70.81
2025-11-20,9:31:39.539176488,T,KO,,300,70.81
2025-11-20,9:31:39.539179441,T,KO,I,50,70.81
2025-11-20,9:31:39.582455566,T,KO,F I,50,70.82
2025-11-20,9:31:39.582458778,T,KO,F,100,70.82
2025-11-20,9:31:39.582461579,T,KO,F I,50,70.82
2025-11-20,9:31:41.446571285,T,KO,F I,50,70.83
2025-11-20,9:31:41.447185262,T,KO,,100,70.81
2025-11-20,9:31:41.447188206,T,KO,,300,70.81
2025-11-20,9:31:41.447206038,T,KO,F I,50,70.81
2025-11-20,9:31:41.448537887,T,KO,I,1,70.8
2025-11-20,9:31:42.970826473,T,KO,,188,70.79
2025-11-20,9:31:42.970829911,T,KO,,112,70.79
2025-11-20,9:31:42.970833741,T,KO,I,50,70.79
2025-11-20,9:31:42.970838505,T,KO,,190,70.79
2025-11-20,9:31:42.970844592,T,KO,,100,70.79
2025-11-20,9:31:42.970844592,T,KO,,900,70.79
2025-11-20,9:31:42.970853527,T,KO,I,1,70.79
2025-11-20,9:31:42.981850845,T,KO,F I,50,70.78
2025-11-20,9:31:42.981850845,T,KO,F,660,70.78
2025-11-20,9:31:42.981853774,T,KO,F,199,70.78
2025-11-20,9:31:42.990213672,T,KO,F,100,70.79
2025-11-20,9:31:42.990217057,T,KO,F,100,70.78
2025-11-20,9:31:42.990219719,T,KO,F,100,70.78
2025-11-20,9:31:42.990219719,T,KO,F,300,70.78
2025-11-20,9:31:42.990222642,T,KO,F I,50,70.78
2025-11-20,9:31:42.990235019,T,KO,I,1,70.78
2025-11-20,9:31:42.990235019,T,KO,F,119,70.78
2025-11-20,9:31:43.001466573,T,KO,F I,50,70.78
2025-11-20,9:31:43.528757368,T,KO,,100,70.77
2025-11-20,9:31:43.856553232,T,KO,I,50,70.78
2025-11-20,9:31:43.856553232,T,KO,,100,70.78
2025-11-20,9:31:43.857022182,T,KO,F,200,70.775
2025-11-20,9:31:43.857025160,T,KO,F,100,70.78
2025-11-20,9:31:45.188292849,T,KO,,100,70.795
2025-11-20,9:31:47.404411984,T,KO,I,60,70.805
2025-11-20,9:31:47.417114177,T,KO,,200,70.805
2025-11-20,9:31:47.417183379,T,KO,,175,70.805
2025-11-20,9:31:48.408352996,T,KO,,350,70.805
2025-11-20,9:31:48.463651727,T,KO,,107,70.805
2025-11-20,9:31:48.471392194,T,KO,F,168,70.805
2025-11-20,9:31:48.471584773,T,KO,F I,5,70.82
2025-11-20,9:31:48.471584773,T,KO,F I,5,70.82
2025-11-20,9:31:48.471681061,T,KO,F I,90,70.82
2025-11-20,9:31:48.471681061,T,KO,F I,5,70.83
2025-11-20,9:31:48.471991220,T,KO,,100,70.82
2025-11-20,9:31:48.471991220,T,KO,,133,70.82
2025-11-20,9:31:48.471993558,T,KO,I,67,70.82
2025-11-20,9:31:48.472011604,T,KO,I,1,70.82
2025-11-20,9:31:48.472026628,T,KO,I,1,70.82
2025-11-20,9:31:48.472080859,T,KO,F I,31,70.82
2025-11-20,9:31:48.472080859,T,KO,F I,72,70.82
2025-11-20,9:31:48.472432600,T,KO,,159,70.83
2025-11-20,9:31:48.472435802,T,KO,,300,70.83
2025-11-20,9:31:48.472438663,T,KO,I,50,70.83
2025-11-20,9:31:48.489311823,T,KO,F I,1,70.84
2025-11-20,9:31:48.518529439,T,KO,F,100,70.85
2025-11-20,9:31:48.518529439,T,KO,F I,53,70.85
2025-11-20,9:31:48.518604546,T,KO,F I,1,70.85
2025-11-20,9:31:48.521100566,T,KO,F I,11,70.84
2025-11-20,9:31:48.531393992,T,KO,I,50,70.85
2025-11-20,9:31:48.532059201,T,KO,I,41,70.86
2025-11-20,9:31:48.532061597,T,KO,I,50,70.86
2025-11-20,9:31:48.532104119,T,KO,F,100,70.85
2025-11-20,9:31:48.532121801,T,KO,F I,62,70.85
2025-11-20,9:31:48.588647373,T,KO,F,100,70.85
2025-11-20,9:31:48.588659473,T,KO,F I,67,70.85
2025-11-20,9:31:49.205386505,T,KO,,100,70.84
2025-11-20,9:31:50.385372731,T,KO,,100,70.84
2025-11-20,9:31:50.386196658,T,KO,F,100,70.84
2025-11-20,9:31:50.460236010,T,KO,,100,70.84
2025-11-20,9:31:50.460263238,T,KO,F,100,70.84
2025-11-20,9:31:57.923167241,T,KO,I,2,70.85
2025-11-20,9:31:57.923200704,T,KO,I,19,70.85
2025-11-20,9:31:57.923200704,T,KO,I,3,70.85
2025-11-20,9:31:57.923645325,T,KO,F,125,70.84
2025-11-20,9:31:57.928243835,T,KO,F,190,70.84
2025-11-20,9:31:57.928246515,T,KO,F,100,70.84
2025-11-20,9:31:57.928246515,T,KO,F I,10,70.84
2025-11-20,9:31:57.928258412,T,KO,F I,31,70.84
2025-11-20,9:31:57.947579602,T,KO,F,100,70.83
2025-11-20,9:31:57.947579602,T,KO,F I,10,70.83
2025-11-20,9:31:57.948409369,T,KO,F,100,70.82
2025-11-20,9:31:57.948409369,T,KO,F,100,70.82
2025-11-20,9:31:57.949573091,T,KO,,500,70.815
2025-11-20,9:31:57.949801832,T,KO,,100,70.82
2025-11-20,9:31:57.949804714,T,KO,,100,70.82
2025-11-20,9:31:57.958335982,T,KO,F,100,70.815
2025-11-20,9:31:57.958342051,T,KO,F,100,70.815
2025-11-20,9:31:57.958342051,T,KO,F I,65,70.815
2025-11-20,9:31:58.579110498,T,KO,F I,2,70.79
2025-11-20,9:31:58.579114221,T,KO,F,300,70.78
2025-11-20,9:31:58.579118004,T,KO,F I,70,70.78
2025-11-20,9:31:58.579123264,T,KO,F I,2,70.78
2025-11-20,9:31:58.579123264,T,KO,F I,50,70.78
2025-11-20,9:31:59.124129303,T,KO,F,100,70.76
2025-11-20,9:31:59.124129303,T,KO,F,300,70.75
2025-11-20,9:31:59.124132014,T,KO,F I,50,70.75
2025-11-20,9:31:59.124132014,T,KO,F I,37,70.75
2025-11-20,9:31:59.124134651,T,KO,I,23,70.75
2025-11-20,9:31:59.127255939,T,KO,,160,70.74
2025-11-20,9:31:59.127259818,T,KO,,300,70.75
2025-11-20,9:31:59.127265030,T,KO,I,1,70.75
2025-11-20,9:31:59.127273993,T,KO,I,1,70.75
2025-11-20,9:31:59.127286020,T,KO,I,1,70.75
2025-11-20,9:31:59.127493531,T,KO,F,122,70.75
2025-11-20,9:31:59.127496611,T,KO,F I,40,70.75
2025-11-20,9:31:59.127496611,T,KO,F,100,70.75
2025-11-20,9:31:59.127655919,T,KO,F,300,70.76
2025-11-20,9:31:59.127659004,T,KO,F I,50,70.76
2025-11-20,9:31:59.127707738,T,KO,,100,70.75
2025-11-20,9:31:59.128200293,T,KO,F,100,70.77
2025-11-20,9:31:59.128203704,T,KO,F I,50,70.77
2025-11-20,9:31:59.131390780,T,KO,F I,67,70.775
2025-11-20,9:31:59.131432910,T,KO,F I,67,70.775
2025-11-20,9:31:59.131640397,T,KO,F I,66,70.775
2025-11-20,9:31:59.131640397,T,KO,F I,1,70.78
2025-11-20,9:31:59.134184423,T,KO,F I,55,70.78
2025-11-20,9:31:59.134184423,T,KO,F I,1,70.78
2025-11-20,9:31:59.134187476,T,KO,F I,10,70.78
2025-11-20,9:31:59.142448124,T,KO,,100,70.78
2025-11-20,9:32:00.570925383,T,KO,,100,70.785
2025-11-20,9:32:00.580088943,T,KO,F I,50,70.81
2025-11-20,9:32:00.580091417,T,KO,F,300,70.81
2025-11-20,9:32:00.580094218,T,KO,F I,60,70.81
2025-11-20,9:32:00.580337963,T,KO,,100,70.8
2025-11-20,9:32:00.580341414,T,KO,,100,70.79
2025-11-20,9:32:00.580347838,T,KO,I,57,70.79
2025-11-20,9:32:00.580347838,T,KO,,100,70.79
2025-11-20,9:32:00.580352768,T,KO,I,63,70.79
2025-11-20,9:32:00.580352768,T,KO,I,72,70.79
2025-11-20,9:32:00.580355925,T,KO,I,50,70.79
2025-11-20,9:32:00.580365498,T,KO,I,1,70.79
2025-11-20,9:32:00.580365498,T,KO,,199,70.79
2025-11-20,9:32:00.580400912,T,KO,F I,1,70.79
2025-11-20,9:32:00.580410894,T,KO,F I,1,70.79
2025-11-20,9:32:00.580416433,T,KO,F I,42,70.79
2025-11-20,9:32:00.580419810,T,KO,F I,1,70.79
2025-11-20,9:32:00.580419810,T,KO,F,256,70.79
2025-11-20,9:32:00.580422594,T,KO,F,100,70.79
2025-11-20,9:32:00.580428212,T,KO,F,146,70.8
2025-11-20,9:32:00.580581321,T,KO,,100,70.8
2025-11-20,9:32:00.580692634,T,KO,I,19,70.8
2025-11-20,9:32:00.580695596,T,KO,I,39,70.8
2025-11-20,9:32:00.580698591,T,KO,I,21,70.8
2025-11-20,9:32:00.580851948,T,KO,F I,1,70.8
2025-11-20,9:32:00.580851948,T,KO,F I,1,70.8
2025-11-20,9:32:00.655360402,T,KO,,100,70.79
2025-11-20,9:32:00.655394054,T,KO,F,352,70.8
2025-11-20,9:32:00.655397062,T,KO,,248,70.8
2025-11-20,9:32:00.655399550,T,KO,I,21,70.8
2025-11-20,9:32:00.655402529,T,KO,,702,70.8
2025-11-20,9:32:00.655405578,T,KO,,400,70.8
2025-11-20,9:32:00.655405578,T,KO,I,72,70.8
2025-11-20,9:32:01.270845298,T,KO,F I,1,70.81
2025-11-20,9:32:01.271473825,T,KO,,100,70.8
2025-11-20,9:32:01.271477458,T,KO,I,53,70.8
2025-11-20,9:32:01.271479976,T,KO,I,10,70.8
2025-11-20,9:32:01.271483227,T,KO,,146,70.8
2025-11-20,9:32:01.271483227,T,KO,,153,70.8
2025-11-20,9:32:01.294481612,T,KO,F,100,70.81
2025-11-20,9:32:01.294493691,T,KO,F I,50,70.81
2025-11-20,9:32:02.570441913,T,KO,,100,70.805
2025-11-20,9:32:03.602818305,T,KO,F I,44,70.82
2025-11-20,9:32:03.602818305,T,KO,F I,56,70.82
2025-11-20,9:32:08.731319763,T,KO,F,300,70.75
2025-11-20,9:32:08.731319763,T,KO,F I,60,70.75
2025-11-20,9:32:10.801591622,T,KO,F,200,70.73
2025-11-20,9:32:10.801595422,T,KO,F I,50,70.73
2025-11-20,9:32:10.801595422,T,KO,F,300,70.73
2025-11-20,9:32:10.801595422,T,KO,F I,2,70.73
2025-11-20,9:32:11.059347422,T,KO,I,50,70.71
2025-11-20,9:32:11.059807567,T,KO,F I,63,70.72
2025-11-20,9:32:11.059891783,T,KO,I,11,70.72
2025-11-20,9:32:11.059988338,T,KO,F I,10,70.72
2025-11-20,9:32:11.088748526,T,KO,F I,7,70.72
2025-11-20,9:32:11.754107162,T,KO,F,100,70.73
2025-11-20,9:32:11.755944483,T,KO,,300,70.73
2025-11-20,9:32:11.763125644,T,KO,F,300,70.73
2025-11-20,9:32:11.765958414,T,KO,,100,70.73
2025-11-20,9:32:11.826113635,T,KO,,124,70.72
2025-11-20,9:32:11.826131643,T,KO,I,1,70.72
2025-11-20,9:32:11.826155695,T,KO,,155,70.73
2025-11-20,9:32:12.259957020,T,KO,F,300,70.72
2025-11-20,9:32:12.259957020,T,KO,F I,4,70.72
2025-11-20,9:32:12.271131503,T,KO,F,300,70.73
2025-11-20,9:32:12.271239771,T,KO,F,199,70.73
2025-11-20,9:32:12.302766898,T,KO,F,558,70.73
2025-11-20,9:32:13.260981066,T,KO,F I,1,70.75
2025-11-20,9:32:13.260981066,T,KO,F I,10,70.75
2025-11-20,9:32:13.260996088,T,KO,,100,70.735
2025-11-20,9:32:13.261008071,T,KO,I,1,70.75
2025-11-20,9:32:14.029094441,T,KO,I,4,70.72
2025-11-20,9:32:14.470019584,T,KO,F I,50,70.7
2025-11-20,9:32:14.475351268,T,KO,F I,2,70.71
2025-11-20,9:32:15.040030127,T,KO,I,10,70.73
2025-11-20,9:32:15.040346795,T,KO,,300,70.74
2025-11-20,9:32:15.040346795,T,KO,I,50,70.74
2025-11-20,9:32:15.040348933,T,KO,I,60,70.74
2025-11-20,9:32:15.040854095,T,KO,F,586,70.74
2025-11-20,9:32:15.040872135,T,KO,I,48,70.74
2025-11-20,9:32:15.040890169,T,KO,,121,70.74
2025-11-20,9:32:15.040902241,T,KO,F,131,70.74
2025-11-20,9:32:15.040986416,T,KO,I,89,70.75
2025-11-20,9:32:15.040986416,T,KO,I,10,70.75
2025-11-20,9:32:15.040989417,T,KO,,100,70.75
2025-11-20,9:32:15.041014140,T,KO,I,60,70.75
2025-11-20,9:32:15.041326274,T,KO,F,125,70.75
2025-11-20,9:32:15.041347259,T,KO,I,40,70.75
2025-11-20,9:32:15.041350391,T,KO,,100,70.74
2025-11-20,9:32:15.041353293,T,KO,I,50,70.74
2025-11-20,9:32:15.041368383,T,KO,I,1,70.74
2025-11-20,9:32:15.041470569,T,KO,F I,60,70.74
2025-11-20,9:32:15.041492018,T,KO,F I,40,70.74
2025-11-20,9:32:15.041492018,T,KO,F I,3,70.75
2025-11-20,9:32:15.041843479,T,KO,F I,1,70.75
2025-11-20,9:32:15.041843479,T,KO,F I,50,70.75
2025-11-20,9:32:15.042336681,T,KO,F I,7,70.75
2025-11-20,9:32:15.042411864,T,KO,I,3,70.75
2025-11-20,9:32:15.124531477,T,KO,F,350,70.75
2025-11-20,9:32:15.775811165,T,KO,F I,2,70.77
2025-11-20,9:32:15.775814329,T,KO,F I,8,70.77
2025-11-20,9:32:15.775816890,T,KO,F I,60,70.77
2025-11-20,9:32:15.775816890,T,KO,F,300,70.77
2025-11-20,9:32:15.776264602,T,KO,F I,70,70.78
2025-11-20,9:32:15.776264602,T,KO,F,300,70.78
2025-11-20,9:32:15.776466139,T,KO,I,70,70.77
2025-11-20,9:32:15.776667841,T,KO,,158,70.78
2025-11-20,9:32:15.776667841,T,KO,,400,70.78
2025-11-20,9:32:15.776673964,T,KO,I,29,70.78
2025-11-20,9:32:15.776673964,T,KO,I,21,70.78
2025-11-20,9:32:15.776673964,T,KO,I,50,70.78
2025-11-20,9:32:17.710570529,T,KO,F I,49,70.79
2025-11-20,9:32:17.710588589,T,KO,F I,51,70.79
2025-11-20,9:32:17.710621687,T,KO,,100,70.77
2025-11-20,9:32:17.711517823,T,KO,,100,70.78
2025-11-20,9:32:17.718058435,T,KO,,100,70.78
2025-11-20,9:32:18.648639935,T,KO,F,182,70.775
2025-11-20,9:32:18.648925429,T,KO,F I,6,70.79
2025-11-20,9:32:18.648925429,T,KO,F,182,70.775
2025-11-20,9:32:18.648940435,T,KO,,136,70.775
2025-11-20,9:32:18.648949431,T,KO,I,1,70.79
2025-11-20,9:32:18.708725870,T,KO,I,93,70.79
2025-11-20,9:32:18.708725870,T,KO,I,32,70.79
2025-11-20,9:32:18.708742107,T,KO,I,1,70.79
2025-11-20,9:32:18.708743942,T,KO,,100,70.79
2025-11-20,9:32:18.708761894,T,KO,I,20,70.8
2025-11-20,9:32:20.199186645,T,KO,,100,70.785
2025-11-20,9:32:20.325036344,T,KO,,350,70.785
2025-11-20,9:32:21.257229554,T,KO,,160,70.785
2025-11-20,9:32:21.257253636,T,KO,F I,1,70.8
2025-11-20,9:32:21.257867134,T,KO,I,99,70.795
2025-11-20,9:32:21.258886667,T,KO,F,156,70.795
2025-11-20,9:32:21.258886667,T,KO,F I,15,70.795
2025-11-20,9:32:21.258904573,T,KO,F I,29,70.795
2025-11-20,9:32:21.258904573,T,KO,F,156,70.79
2025-11-20,9:32:25.850302824,T,KO,F,350,70.745
2025-11-20,9:32:25.850374960,T,KO,,191,70.745
2025-11-20,9:32:26.081911431,T,KO,,200,70.76
2025-11-20,9:32:30.416061922,T,KO,I,2,70.76
2025-11-20,9:32:34.914117819,T,KO,,100,70.765
2025-11-20,9:32:34.914677221,T,KO,,200,70.765
2025-11-20,9:32:35.205087852,T,KO,,100,70.765
2025-11-20,9:32:35.593345643,T,KO,,156,70.765
2025-11-20,9:32:35.928123994,T,KO,F,156,70.78
2025-11-20,9:32:35.928141939,T,KO,I,1,70.78
2025-11-20,9:32:37.267243250,T,KO,,500,70.77
2025-11-20,9:32:37.914793491,T,KO,F I,12,70.77
2025-11-20,9:32:37.914820545,T,KO,I,1,70.77
2025-11-20,9:32:38.891615996,T,KO,F,300,70.78
2025-11-20,9:32:38.891618979,T,KO,F I,40,70.78
2025-11-20,9:32:38.899383643,T,KO,,100,70.785
2025-11-20,9:32:38.899876616,T,KO,F I,56,70.8
2025-11-20,9:32:39.423372406,T,KO,F I,36,70.81
2025-11-20,9:32:39.424021970,T,KO,I,11,70.82
2025-11-20,9:32:39.424021970,T,KO,I,89,70.82
2025-11-20,9:32:39.424040048,T,KO,I,1,70.82
2025-11-20,9:32:39.424052080,T,KO,I,2,70.82
2025-11-20,9:32:39.424422095,T,KO,F I,8,70.82
2025-11-20,9:32:39.424446006,T,KO,I,8,70.82
2025-11-20,9:32:39.476385643,T,KO,F,300,70.85
2025-11-20,9:32:39.502400659,T,KO,F I,10,70.86
2025-11-20,9:32:39.502457828,T,KO,F I,6,70.86
2025-11-20,9:32:39.502463813,T,KO,F I,6,70.86
2025-11-20,9:32:39.502469798,T,KO,F I,6,70.86
2025-11-20,9:32:39.502469798,T,KO,F I,1,70.86
2025-11-20,9:32:39.502472766,T,KO,F I,6,70.86
2025-11-20,9:32:39.502499921,T,KO,F I,81,70.86
2025-11-20,9:32:39.503026166,T,KO,F,100,70.85
2025-11-20,9:32:39.503101323,T,KO,I,10,70.85
2025-11-20,9:32:39.564071476,T,KO,F I,14,70.85
2025-11-20,9:32:40.693745234,T,KO,I,40,70.86
2025-11-20,9:32:40.693748134,T,KO,,127,70.86
2025-11-20,9:32:40.693790258,T,KO,F,100,70.86
2025-11-20,9:32:40.693790258,T,KO,F,100,70.86
2025-11-20,9:32:40.693796773,T,KO,F,100,70.85
2025-11-20,9:32:40.693799337,T,KO,F,100,70.85
2025-11-20,9:32:40.693802181,T,KO,F,100,70.85
2025-11-20,9:32:40.694119625,T,KO,F,100,70.85
2025-11-20,9:32:40.694119625,T,KO,F,100,70.85
2025-11-20,9:32:40.694123903,T,KO,F,100,70.85
2025-11-20,9:32:40.698752562,T,KO,F I,2,70.84
2025-11-20,9:32:40.698754983,T,KO,F,100,70.84
2025-11-20,9:32:40.698757926,T,KO,F,100,70.84
2025-11-20,9:32:41.157230422,T,KO,I,6,70.85
2025-11-20,9:32:41.157232896,T,KO,,100,70.85
2025-11-20,9:32:41.157235827,T,KO,I,25,70.85
2025-11-20,9:32:41.157235827,T,KO,I,50,70.85
2025-11-20,9:32:41.644038305,T,KO,I,3,70.865
2025-11-20,9:32:47.705619987,T,KO,F I,63,70.86
2025-11-20,9:32:47.710172848,T,KO,,100,70.85
2025-11-20,9:32:50.417941947,T,KO,I,1,70.85
2025-11-20,9:32:54.270318019,T,KO,F,100,70.88
2025-11-20,9:32:54.270318019,T,KO,F I,46,70.88
2025-11-20,9:32:54.270808179,T,KO,,114,70.88
2025-11-20,9:32:54.445346842,T,KO,F I,6,70.9
2025-11-20,9:32:54.445365650,T,KO,I,36,70.9
2025-11-20,9:32:54.445368226,T,KO,I,80,70.9
2025-11-20,9:32:54.445370981,T,KO,I,5,70.9
2025-11-20,9:32:54.445370981,T,KO,I,5,70.9
2025-11-20,9:32:54.447791718,T,KO,I,36,70.91
2025-11-20,9:33:03.661378604,T,KO,F I,50,70.9
2025-11-20,9:33:04.258585772,T,KO,I,2,70.9
2025-11-20,9:33:04.312432401,T,KO,I,50,70.9
2025-11-20,9:33:04.312432401,T,KO,I,70,70.9
2025-11-20,9:33:07.159790670,T,KO,,100,70.87
2025-11-20,9:33:10.160267782,T,KO,F I,34,70.87
2025-11-20,9:33:10.160267782,T,KO,F I,2,70.87
2025-11-20,9:33:10.988334950,T,KO,F I,10,70.88
2025-11-20,9:33:10.988334950,T,KO,F I,50,70.88
2025-11-20,9:33:11.022694923,T,KO,,100,70.92
2025-11-20,9:33:11.022697729,T,KO,,100,70.92
2025-11-20,9:33:11.022697729,T,KO,,100,70.92
2025-11-20,9:33:11.022713359,T,KO,I,1,70.92
2025-11-20,9:33:11.023070611,T,KO,,100,70.92
2025-11-20,9:33:11.023109803,T,KO,,100,70.92
2025-11-20,9:33:11.023425516,T,KO,F,100,70.92
2025-11-20,9:33:11.032862020,T,KO,I,3,70.93
2025-11-20,9:33:11.032886432,T,KO,I,97,70.93
2025-11-20,9:33:11.032886432,T,KO,,100,70.93
2025-11-20,9:33:11.032889079,T,KO,I,57,70.93
2025-11-20,9:33:11.118163198,T,KO,,100,70.94
2025-11-20,9:33:11.472509048,T,KO,I,71,70.94
2025-11-20,9:33:11.571150046,T,KO,F I,36,70.96
2025-11-20,9:33:16.104269641,T,KO,I,50,70.98
2025-11-20,9:33:16.104272413,T,KO,I,50,70.97
2025-11-20,9:33:16.104275653,T,KO,I,68,70.97
2025-11-20,9:33:16.104831722,T,KO,F I,8,70.97
2025-11-20,9:33:16.104834798,T,KO,F I,42,70.97
2025-11-20,9:33:16.104840828,T,KO,I,89,70.97
2025-11-20,9:33:16.108849297,T,KO,,100,70.96
2025-11-20,9:33:23.423250839,T,KO,,100,70.97
2025-11-20,9:33:25.160091428,T,KO,I,4,70.975
2025-11-20,9:33:25.399795348,T,KO,I,18,70.96
2025-11-20,9:33:25.399798583,T,KO,I,10,70.96
2025-11-20,9:33:25.399801524,T,KO,,100,70.96
2025-11-20,9:33:25.399801524,T,KO,I,2,70.96
2025-11-20,9:33:28.936575786,T,KO,F I,3,70.98
2025-11-20,9:33:28.936578911,T,KO,F,100,70.98
2025-11-20,9:33:28.936596904,T,KO,I,1,70.98
2025-11-20,9:33:28.936626968,T,KO,I,20,70.97
2025-11-20,9:33:28.936629980,T,KO,I,99,70.98
2025-11-20,9:33:28.936648012,T,KO,F I,33,70.97
2025-11-20,9:33:28.936651075,T,KO,F,100,70.97
2025-11-20,9:33:28.936669048,T,KO,I,1,70.97
2025-11-20,9:33:28.944448605,T,KO,,100,70.96
2025-11-20,9:33:28.944451608,T,KO,I,90,70.96
2025-11-20,9:33:28.944472603,T,KO,F I,10,70.96
2025-11-20,9:33:28.955708188,T,KO,F,200,70.955
2025-11-20,9:33:28.955710961,T,KO,F,100,70.96
2025-11-20,9:33:28.955713957,T,KO,F,100,70.96
2025-11-20,9:33:28.955713957,T,KO,F,600,70.96
2025-11-20,9:33:28.955716389,T,KO,F,167,70.96
2025-11-20,9:33:28.955731415,T,KO,I,20,70.96
2025-11-20,9:33:28.955741772,T,KO,I,27,70.96
2025-11-20,9:33:28.955741772,T,KO,I,53,70.96
2025-11-20,9:33:28.955746485,T,KO,,100,70.96
2025-11-20,9:33:29.420181605,T,KO,,100,70.925
2025-11-20,9:33:29.911401581,T,KO,I,2,70.92
2025-11-20,9:33:29.911467764,T,KO,I,28,70.92
2025-11-20,9:33:30.634927775,T,KO,,350,70.915
2025-11-20,9:33:30.635002922,T,KO,,113,70.915
2025-11-20,9:33:33.582879227,T,KO,F I,50,70.92
2025-11-20,9:33:33.582945448,T,KO,I,54,70.91
2025-11-20,9:33:33.583381028,T,KO,F,100,70.92
2025-11-20,9:33:33.583399010,T,KO,I,1,70.92
2025-11-20,9:33:33.583414137,T,KO,F I,99,70.92
2025-11-20,9:33:33.583414137,T,KO,F I,23,70.92
2025-11-20,9:33:33.583469021,T,KO,I,27,70.92
2025-11-20,9:33:33.583469021,T,KO,I,64,70.92
2025-11-20,9:33:33.584072609,T,KO,F,100,70.93
2025-11-20,9:33:33.584075853,T,KO,F I,50,70.93
2025-11-20,9:33:33.584379418,T,KO,,100,70.93
2025-11-20,9:33:33.584382417,T,KO,,100,70.93
2025-11-20,9:33:33.584523785,T,KO,,100,70.93
2025-11-20,9:33:33.585185315,T,KO,F I,50,70.94
2025-11-20,9:33:33.607690858,T,KO,I,30,70.935
2025-11-20,9:33:33.618020574,T,KO,F I,30,70.935
2025-11-20,9:33:33.884674545,T,KO,F I,30,70.94
2025-11-20,9:33:33.884677561,T,KO,F I,54,70.94
2025-11-20,9:33:34.070502222,T,KO,,100,70.94
2025-11-20,9:33:34.070640519,T,KO,,100,70.94
2025-11-20,9:33:34.070787795,T,KO,I,50,70.95
2025-11-20,9:33:34.945030013,T,KO,,100,70.94
2025-11-20,9:33:34.945075093,T,KO,,100,70.94
2025-11-20,9:33:34.945096158,T,KO,I,1,70.94
2025-11-20,9:33:34.945751745,T,KO,,100,70.93
2025-11-20,9:33:35.140510676,T,KO,,100,70.93
2025-11-20,9:33:35.140513622,T,KO,,200,70.93
2025-11-20,9:33:35.141045892,T,KO,,100,70.93
2025-11-20,9:33:36.241941105,T,KO,,100,70.925
2025-11-20,9:33:36.241943959,T,KO,I,20,70.92
2025-11-20,9:33:36.243330372,T,KO,,100,70.92
2025-11-20,9:33:36.247555686,T,KO,F,153,70.93
2025-11-20,9:33:36.247555686,T,KO,F I,66,70.93
2025-11-20,9:33:36.247558273,T,KO,F I,43,70.93
2025-11-20,9:33:36.247561480,T,KO,F I,37,70.93
2025-11-20,9:33:36.247561480,T,KO,F I,70,70.93
2025-11-20,9:33:36.247576307,T,KO,,100,70.93
2025-11-20,9:33:36.247765831,T,KO,F,100,70.93
2025-11-20,9:33:36.248136384,T,KO,I,66,70.94
2025-11-20,9:33:36.248136384,T,KO,I,15,70.94
2025-11-20,9:33:36.248141720,T,KO,I,2,70.94
2025-11-20,9:33:36.881708891,T,KO,I,13,70.93
2025-11-20,9:33:36.881708891,T,KO,I,2,70.93
2025-11-20,9:33:36.881711554,T,KO,I,85,70.93
2025-11-20,9:33:36.881726673,T,KO,I,15,70.93
2025-11-20,9:33:38.211244098,T,KO,F I,67,70.92
2025-11-20,9:33:38.211250123,T,KO,F,300,70.92
2025-11-20,9:33:38.211250123,T,KO,F,100,70.92
2025-11-20,9:33:42.954582774,T,KO,F,300,70.92
2025-11-20,9:33:42.954585647,T,KO,F I,60,70.92
2025-11-20,9:33:43.555199630,T,KO,,100,70.915
2025-11-20,9:33:47.339313172,T,KO,F,350,70.92
2025-11-20,9:33:48.659656420,T,KO,,100,70.92
2025-11-20,9:33:49.043944245,T,KO,I,70,70.92
2025-11-20,9:33:49.043950090,T,KO,F I,30,70.92
2025-11-20,9:33:49.044226940,T,KO,,100,70.92
2025-11-20,9:33:49.050409497,T,KO,F,114,70.915
2025-11-20,9:33:49.050638226,T,KO,F,114,70.915
2025-11-20,9:33:50.264445997,T,KO,F,200,70.91
2025-11-20,9:33:50.340088070,T,KO,F,102,70.92
2025-11-20,9:33:50.340109126,T,KO,F I,98,70.92
2025-11-20,9:33:50.716509612,T,KO,I,46,70.94
2025-11-20,9:33:50.716530708,T,KO,F I,54,70.94
2025-11-20,9:33:53.676444231,T,KO,F I,2,70.94
2025-11-20,9:33:55.817814205,T,KO,F,100,70.93
2025-11-20,9:33:56.965560819,T,KO,I,4,70.93
2025-11-20,9:34:00.017120875,T,KO,F,100,70.96
2025-11-20,9:34:00.017120875,T,KO,F I,14,70.96
2025-11-20,9:34:00.028674316,T,KO,I,10,70.96
2025-11-20,9:34:01.098153346,T,KO,F I,14,70.94
2025-11-20,9:34:01.645589125,T,KO,F I,90,70.93
2025-11-20,9:34:01.664904417,T,KO,,100,70.93
2025-11-20,9:34:01.664907168,T,KO,I,2,70.94
2025-11-20,9:34:01.664940184,T,KO,I,98,70.94
2025-11-20,9:34:01.664940184,T,KO,I,2,70.94
2025-11-20,9:34:05.527059519,T,KO,,100,70.935
2025-11-20,9:34:09.563912985,T,KO,F,200,70.92
2025-11-20,9:34:15.527849122,T,KO,F I,1,70.9
2025-11-20,9:34:16.109262857,T,KO,F I,68,70.89
2025-11-20,9:34:17.009553139,T,KO,I,50,70.87
2025-11-20,9:34:17.009553139,T,KO,,250,70.87
2025-11-20,9:34:17.009571142,T,KO,I,1,70.87
2025-11-20,9:34:17.009998208,T,KO,,100,70.875
2025-11-20,9:34:17.010001185,T,KO,I,57,70.88
2025-11-20,9:34:17.010019316,T,KO,F,100,70.88
2025-11-20,9:34:17.010530838,T,KO,F,100,70.88
2025-11-20,9:34:17.010533886,T,KO,F,153,70.88
2025-11-20,9:34:17.010678297,T,KO,,100,70.88
2025-11-20,9:34:17.010680758,T,KO,,100,70.88
2025-11-20,9:34:17.010969450,T,KO,F I,64,70.88
2025-11-20,9:34:17.010996564,T,KO,I,1,70.88
2025-11-20,9:34:20.104166438,T,KO,I,6,70.885
2025-11-20,9:34:20.166044853,T,KO,F I,10,70.87
2025-11-20,9:34:22.013684354,T,KO,,100,70.875
2025-11-20,9:34:22.013684354,T,KO,,100,70.875
2025-11-20,9:34:23.376157298,T,KO,,100,70.885
2025-11-20,9:34:23.806019132,T,KO,F I,18,70.9
2025-11-20,9:34:23.806043449,T,KO,F,182,70.9
2025-11-20,9:34:23.806043449,T,KO,F,100,70.9
2025-11-20,9:34:23.806079662,T,KO,F I,50,70.91
2025-11-20,9:34:23.806079662,T,KO,F I,2,70.91
2025-11-20,9:34:23.806641638,T,KO,,173,70.91
2025-11-20,9:34:23.817470545,T,KO,I,67,70.91
2025-11-20,9:34:23.817470545,T,KO,,102,70.91
2025-11-20,9:34:23.817473378,T,KO,I,2,70.91
2025-11-20,9:34:23.817488390,T,KO,I,1,70.91
2025-11-20,9:34:23.817813168,T,KO,F I,31,70.91
2025-11-20,9:34:23.817819277,T,KO,I,31,70.91
2025-11-20,9:34:26.988781379,T,KO,,200,70.91
2025-11-20,9:34:27.117314086,T,KO,F,200,70.92
2025-11-20,9:34:27.117335356,T,KO,I,1,70.92
2025-11-20,9:34:27.117335356,T,KO,I,76,70.92
2025-11-20,9:34:27.117349619,T,KO,I,23,70.92
2025-11-20,9:34:28.356288372,T,KO,I,9,70.94
2025-11-20,9:34:34.105783834,T,KO,,200,70.895
2025-11-20,9:34:35.096358034,T,KO,,100,70.89
2025-11-20,9:34:35.097019684,T,KO,F,400,70.9
2025-11-20,9:34:35.097369289,T,KO,,100,70.89
2025-11-20,9:34:35.097372491,T,KO,,165,70.89
2025-11-20,9:34:35.097374659,T,KO,,300,70.89
2025-11-20,9:34:35.097374659,T,KO,I,50,70.89
2025-11-20,9:34:35.097561404,T,KO,,165,70.9
2025-11-20,9:34:35.097564314,T,KO,I,50,70.9
2025-11-20,9:34:35.097566946,T,KO,,100,70.9
2025-11-20,9:34:35.097840609,T,KO,F,100,70.9
2025-11-20,9:34:38.325361577,T,KO,,200,70.875
2025-11-20,9:34:47.296186095,T,KO,I,80,70.88
2025-11-20,9:34:47.778074813,T,KO,I,10,70.87
2025-11-20,9:34:47.778074813,T,KO,I,70,70.87
2025-11-20,9:34:47.786136983,T,KO,,100,70.87
2025-11-20,9:34:50.143752059,T,KO,I,50,70.86
2025-11-20,9:34:50.143845338,T,KO,F I,50,70.86
2025-11-20,9:34:50.144034735,T,KO,F I,50,70.86
2025-11-20,9:34:50.144182122,T,KO,,100,70.86
2025-11-20,9:34:50.533883268,T,KO,F I,50,70.86
2025-11-20,9:34:50.935600960,T,KO,I,50,70.87
2025-11-20,9:34:50.935603978,T,KO,,100,70.87
2025-11-20,9:34:52.106770294,T,KO,I,58,70.86
2025-11-20,9:34:52.106770294,T,KO,I,10,70.86
2025-11-20,9:34:53.228459829,T,KO,I,50,70.85
2025-11-20,9:34:53.228459829,T,KO,I,10,70.85
2025-11-20,9:34:54.383685427,T,KO,F I,19,70.85
2025-11-20,9:34:57.073281946,T,KO,F I,5,70.86
2025-11-20,9:34:57.073281946,T,KO,F I,2,70.86
2025-11-20,9:34:57.073285565,T,KO,F I,1,70.86
2025-11-20,9:34:57.073290981,T,KO,F,300,70.85
2025-11-20,9:34:57.073300455,T,KO,F I,42,70.86
2025-11-20,9:34:57.073302971,T,KO,F,161,70.86
2025-11-20,9:34:57.073309318,T,KO,I,1,70.86
2025-11-20,9:34:57.073321081,T,KO,I,1,70.86
2025-11-20,9:34:57.073426354,T,KO,F,223,70.86
2025-11-20,9:34:59.081311647,T,KO,F I,50,70.85
2025-11-20,9:34:59.081311647,T,KO,F,100,70.85
2025-11-20,9:34:59.081314530,T,KO,F I,17,70.85
2025-11-20,9:34:59.081585146,T,KO,F,100,70.85
2025-11-20,9:34:59.082633285,T,KO,F I,50,70.85
2025-11-20,9:34:59.082633285,T,KO,F,100,70.86
2025-11-20,9:34:59.082637995,T,KO,F I,61,70.86
2025-11-20,9:34:59.082637995,T,KO,F I,85,70.86
2025-11-20,9:34:59.082637995,T,KO,F,100,70.86
2025-11-20,9:34:59.082643707,T,KO,F I,14,70.86
2025-11-20,9:34:59.082664754,T,KO,F I,85,70.85
2025-11-20,9:34:59.082971460,T,KO,I,67,70.85
2025-11-20,9:34:59.279696970,T,KO,F I,10,70.84
2025-11-20,9:34:59.279696970,T,KO,F I,61,70.84
2025-11-20,9:35:00.693084246,T,KO,F,500,70.82
2025-11-20,9:35:00.693084246,T,KO,F,200,70.82
2025-11-20,9:35:00.693087861,T,KO,F I,29,70.83
2025-11-20,9:35:00.693106042,T,KO,F,271,70.83
2025-11-20,9:35:00.693112000,T,KO,F I,50,70.83
2025-11-20,9:35:00.693112000,T,KO,F,379,70.83
2025-11-20,9:35:00.795487150,T,KO,I,59,70.82
2025-11-20,9:35:01.504269212,T,KO,I,45,70.82
2025-11-20,9:35:01.504269212,T,KO,,483,70.82
2025-11-20,9:35:01.504287285,T,KO,F I,1,70.82
2025-11-20,9:35:01.504287285,T,KO,I,64,70.82
2025-11-20,9:35:01.504290273,T,KO,I,1,70.82
2025-11-20,9:35:01.504296330,T,KO,I,6,70.82
2025-11-20,9:35:01.504296330,T,KO,I,2,70.82
2025-11-20,9:35:03.303481294,T,KO,F,350,70.82
2025-11-20,9:35:03.303553401,T,KO,,112,70.82
2025-11-20,9:35:04.403567351,T,KO,,190,70.82
2025-11-20,9:35:04.406655782,T,KO,,100,70.82
2025-11-20,9:35:05.107980062,T,KO,,100,70.82
2025-11-20,9:35:05.930348726,T,KO,F I,77,70.81
2025-11-20,9:35:05.930372840,T,KO,F I,23,70.81
2025-11-20,9:35:05.930375987,T,KO,F,100,70.81
2025-11-20,9:35:08.253928733,T,KO,,440,70.77
2025-11-20,9:35:08.253928733,T,KO,,300,70.77
2025-11-20,9:35:08.253946663,T,KO,F,150,70.77
2025-11-20,9:35:08.262887026,T,KO,,100,70.78
2025-11-20,9:35:09.887807010,T,KO,F,350,70.79
2025-11-20,9:35:19.312439567,T,KO,,100,70.78
2025-11-20,9:35:19.318162181,T,KO,F I,10,70.79
2025-11-20,9:35:21.281875168,T,KO,F,100,70.8
2025-11-20,9:35:21.289555454,T,KO,F,114,70.8
2025-11-20,9:35:23.227211709,T,KO,F I,10,70.8
2025-11-20,9:35:23.227214233,T,KO,F I,50,70.8
2025-11-20,9:35:24.233654313,T,KO,I,1,70.8
2025-11-20,9:35:24.761029352,T,KO,I,28,70.8
2025-11-20,9:35:24.761062384,T,KO,I,1,70.8
2025-11-20,9:35:24.761456328,T,KO,,100,70.795
2025-11-20,9:35:25.036295854,T,KO,F,100,70.79
2025-11-20,9:35:27.182023377,T,KO,,100,70.78
2025-11-20,9:35:27.289147554,T,KO,F I,1,70.79
2025-11-20,9:35:27.289147554,T,KO,F I,49,70.79
2025-11-20,9:35:27.289153483,T,KO,F,100,70.79
2025-11-20,9:35:27.289153483,T,KO,F I,1,70.79
2025-11-20,9:35:27.289159419,T,KO,,150,70.79
2025-11-20,9:35:27.289159419,T,KO,F I,50,70.79
2025-11-20,9:35:30.446054164,T,KO,I,1,70.795
2025-11-20,9:35:31.532674132,T,KO,,100,70.785
2025-11-20,9:35:38.056889738,T,KO,F I,3,70.79
2025-11-20,9:35:39.019758979,T,KO,I,50,70.79
2025-11-20,9:35:39.216824373,T,KO,,100,70.79
2025-11-20,9:35:40.042131521,T,KO,F I,3,70.79
2025-11-20,9:35:40.042136930,T,KO,F,100,70.78
2025-11-20,9:35:40.042136930,T,KO,F,100,70.78
2025-11-20,9:35:40.042140067,T,KO,F I,98,70.78
2025-11-20,9:35:40.042142922,T,KO,F I,2,70.78
2025-11-20,9:35:40.042142922,T,KO,F I,1,70.78
2025-11-20,9:35:40.042145942,T,KO,F,100,70.78
2025-11-20,9:35:40.044010363,T,KO,,100,70.775
2025-11-20,9:35:40.053534520,T,KO,I,6,70.78
2025-11-20,9:35:40.053537322,T,KO,,200,70.78
2025-11-20,9:35:40.053540061,T,KO,I,10,70.78
2025-11-20,9:35:41.095753299,T,KO,F I,6,70.78
2025-11-20,9:35:41.795291596,T,KO,,100,70.785
2025-11-20,9:35:41.795294752,T,KO,I,10,70.8
2025-11-20,9:35:41.795294752,T,KO,,190,70.8
2025-11-20,9:35:41.795297388,T,KO,,200,70.8
2025-11-20,9:35:41.801810884,T,KO,,271,70.8
2025-11-20,9:35:41.801813890,T,KO,I,29,70.8
2025-11-20,9:35:41.801832080,T,KO,I,1,70.8
2025-11-20,9:35:41.801837899,T,KO,,100,70.8
2025-11-20,9:35:41.801876983,T,KO,F I,10,70.8
2025-11-20,9:35:41.801876983,T,KO,F I,90,70.8
2025-11-20,9:35:41.805401555,T,KO,,100,70.8
2025-11-20,9:35:41.805405019,T,KO,I,10,70.8
2025-11-20,9:35:41.805407475,T,KO,,100,70.8
2025-11-20,9:35:41.805407475,T,KO,,190,70.8
2025-11-20,9:35:42.031022831,T,KO,I,35,70.77
2025-11-20,9:35:42.575316086,T,KO,I,20,70.76
2025-11-20,9:35:42.575316086,T,KO,I,51,70.76
2025-11-20,9:35:43.470413503,T,KO,F,100,70.735
2025-11-20,9:35:43.470416222,T,KO,F,100,70.74
2025-11-20,9:35:43.470419201,T,KO,F I,10,70.75
2025-11-20,9:35:43.470419201,T,KO,F,100,70.75
2025-11-20,9:35:43.470421943,T,KO,F,150,70.75
2025-11-20,9:35:43.470443007,T,KO,I,1,70.75
2025-11-20,9:35:44.936503765,T,KO,F I,50,70.74
2025-11-20,9:35:45.594296345,T,KO,I,3,70.745
2025-11-20,9:35:47.059581237,T,KO,I,10,70.73
2025-11-20,9:35:47.067778674,T,KO,I,50,70.72
2025-11-20,9:35:47.067799805,T,KO,F I,41,70.72
2025-11-20,9:35:47.067835802,T,KO,I,25,70.72
2025-11-20,9:35:47.067838873,T,KO,,125,70.72
2025-11-20,9:35:47.068199677,T,KO,I,25,70.72
2025-11-20,9:35:47.068199677,T,KO,I,16,70.72
2025-11-20,9:35:48.547091950,T,KO,F I,6,70.73
2025-11-20,9:35:48.547098004,T,KO,F I,2,70.73
2025-11-20,9:35:48.547110000,T,KO,F I,92,70.73
2025-11-20,9:35:49.241096871,T,KO,F,100,70.75
2025-11-20,9:35:49.241280266,T,KO,F I,1,70.76
2025-11-20,9:35:49.899295445,T,KO,,100,70.75
2025-11-20,9:35:50.713616978,T,KO,,100,70.75
2025-11-20,9:35:50.713635188,T,KO,I,1,70.75
2025-11-20,9:35:50.713656926,T,KO,I,1,70.75
2025-11-20,9:35:50.719865760,T,KO,F,304,70.75
2025-11-20,9:35:50.719872009,T,KO,,196,70.75
2025-11-20,9:35:50.719872009,T,KO,,108,70.76
2025-11-20,9:35:50.719893327,T,KO,I,1,70.76
2025-11-20,9:35:50.719895853,T,KO,,100,70.76
2025-11-20,9:35:51.812918124,T,KO,F I,3,70.77
2025-11-20,9:35:51.815813974,T,KO,,100,70.77
2025-11-20,9:35:51.820472151,T,KO,,100,70.77
2025-11-20,9:35:51.820472151,T,KO,,190,70.77
2025-11-20,9:35:51.821792276,T,KO,F,100,70.77
2025-11-20,9:35:51.821798329,T,KO,F,100,70.77
2025-11-20,9:35:51.821798329,T,KO,F I,65,70.77
2025-11-20,9:35:51.826555546,T,KO,,100,70.77
2025-11-20,9:35:51.826559001,T,KO,,100,70.77
2025-11-20,9:35:51.826559001,T,KO,,190,70.77
2025-11-20,9:35:51.826612677,T,KO,,100,70.77
2025-11-20,9:35:51.826615781,T,KO,I,7,70.77
2025-11-20,9:35:51.832233230,T,KO,,100,70.77
2025-11-20,9:35:51.832233230,T,KO,I,7,70.77
2025-11-20,9:35:51.832236135,T,KO,I,9,70.77
2025-11-20,9:35:51.832239097,T,KO,,100,70.77
2025-11-20,9:35:51.832239097,T,KO,,140,70.77
2025-11-20,9:35:51.832906675,T,KO,F,100,70.77
2025-11-20,9:35:51.832912891,T,KO,F,100,70.77
2025-11-20,9:35:51.838325608,T,KO,,100,70.77
2025-11-20,9:35:51.838325608,T,KO,I,77,70.77
2025-11-20,9:35:51.838328593,T,KO,I,13,70.77
2025-11-20,9:35:51.838331642,T,KO,I,7,70.77
2025-11-20,9:35:51.838331642,T,KO,I,36,70.77
2025-11-20,9:35:51.838334668,T,KO,I,90,70.77
2025-11-20,9:35:51.838866864,T,KO,F I,7,70.77
2025-11-20,9:35:53.254846294,T,KO,,100,70.77
2025-11-20,9:35:53.856185577,T,KO,,100,70.77
2025-11-20,9:35:53.861321732,T,KO,,190,70.77
2025-11-20,9:35:56.047928636,T,KO,I,16,70.78
2025-11-20,9:35:56.047928636,T,KO,I,10,70.78
2025-11-20,9:35:58.234625569,T,KO,F I,3,70.78
2025-11-20,9:36:01.060624146,T,KO,F I,2,70.77
2025-11-20,9:36:01.654767273,T,KO,F I,64,70.76
2025-11-20,9:36:01.654770270,T,KO,F I,36,70.76
2025-11-20,9:36:01.654797248,T,KO,I,1,70.76
2025-11-20,9:36:01.654812895,T,KO,I,1,70.76
2025-11-20,9:36:01.663103034,T,KO,F I,62,70.76
2025-11-20,9:36:01.663103034,T,KO,F,400,70.76
2025-11-20,9:36:02.618370289,T,KO,I,22,70.74
2025-11-20,9:36:02.618388274,T,KO,F I,1,70.74
2025-11-20,9:36:02.618397272,T,KO,I,2,70.74
2025-11-20,9:36:03.949147669,T,KO,F I,3,70.74
2025-11-20,9:36:04.759147869,T,KO,,100,70.745
2025-11-20,9:36:05.177092259,T,KO,F I,3,70.745
2025-11-20,9:36:05.177095286,T,KO,F I,48,70.74
2025-11-20,9:36:05.177116688,T,KO,F,252,70.74
2025-11-20,9:36:05.177119587,T,KO,F I,10,70.74
2025-11-20,9:36:05.177119587,T,KO,F I,40,70.74
2025-11-20,9:36:06.811199185,T,KO,I,1,70.76
2025-11-20,9:36:09.695064692,T,KO,F I,18,70.75
2025-11-20,9:36:11.384635692,T,KO,I,3,70.75
2025-11-20,9:36:15.005460327,T,KO,I,41,70.75
2025-11-20,9:36:15.005463643,T,KO,I,2,70.75
2025-11-20,9:36:15.005466330,T,KO,,157,70.75
2025-11-20,9:36:15.006723308,T,KO,F,100,70.76
2025-11-20,9:36:15.006726676,T,KO,F I,62,70.76
2025-11-20,9:36:15.006730981,T,KO,F I,82,70.76
2025-11-20,9:36:15.006735268,T,KO,F,193,70.76
2025-11-20,9:36:15.314443224,T,KO,I,62,70.77
2025-11-20,9:36:15.314446230,T,KO,,122,70.77
2025-11-20,9:36:15.314461205,T,KO,I,1,70.77
2025-11-20,9:36:15.314470197,T,KO,F I,98,70.77
2025-11-20,9:36:15.314491313,T,KO,I,1,70.77
2025-11-20,9:36:15.314524383,T,KO,,100,70.775
2025-11-20,9:36:15.314524383,T,KO,,166,70.77
2025-11-20,9:36:15.314618109,T,KO,I,48,70.77
2025-11-20,9:36:15.314620547,T,KO,,100,70.77
2025-11-20,9:36:15.822341620,T,KO,I,3,70.775
2025-11-20,9:36:15.822341620,T,KO,I,87,70.77
2025-11-20,9:36:15.822343803,T,KO,I,7,70.77
2025-11-20,9:36:15.822374149,T,KO,I,3,70.77
2025-11-20,9:36:17.425771677,T,KO,,100,70.77
2025-11-20,9:36:17.425801702,T,KO,F I,5,70.77
2025-11-20,9:36:18.437104348,T,KO,F I,45,70.75
2025-11-20,9:36:18.437107310,T,KO,F,194,70.75
2025-11-20,9:36:18.437110321,T,KO,F I,10,70.75
2025-11-20,9:36:20.238033630,T,KO,I,8,70.725
2025-11-20,9:36:21.814866124,T,KO,F,200,70.69
2025-11-20,9:36:21.814878188,T,KO,I,1,70.69
2025-11-20,9:36:22.589288676,T,KO,F I,2,70.71
2025-11-20,9:36:24.535232149,T,KO,F,100,70.74
2025-11-20,9:36:24.535253171,T,KO,F I,11,70.74
2025-11-20,9:36:24.549432034,T,KO,I,17,70.74
2025-11-20,9:36:24.549432034,T,KO,,100,70.74
2025-11-20,9:36:24.552718708,T,KO,F,100,70.74
2025-11-20,9:36:24.552743214,T,KO,I,1,70.74
2025-11-20,9:36:24.557337709,T,KO,F I,4,70.74
2025-11-20,9:36:24.557701566,T,KO,I,3,70.74
2025-11-20,9:36:24.563084427,T,KO,,100,70.735
2025-11-20,9:36:25.575123831,T,KO,F I,3,70.74
2025-11-20,9:36:25.575129944,T,KO,F,100,70.74
2025-11-20,9:36:25.575129944,T,KO,F,100,70.74
2025-11-20,9:36:26.215414761,T,KO,,100,70.755
2025-11-20,9:36:28.282101983,T,KO,,350,70.755
2025-11-20,9:36:28.282174175,T,KO,,134,70.755
2025-11-20,9:36:29.857623274,T,KO,,350,70.755
2025-11-20,9:36:29.857689491,T,KO,I,66,70.755
2025-11-20,9:36:30.678605690,T,KO,F,100,70.755
2025-11-20,9:36:30.678608680,T,KO,F I,6,70.755
2025-11-20,9:36:30.678653862,T,KO,,100,70.75
2025-11-20,9:36:31.522439373,T,KO,,100,70.745
2025-11-20,9:36:34.682055571,T,KO,,100,70.745
2025-11-20,9:36:35.820467866,T,KO,F,100,70.74
2025-11-20,9:36:35.820492114,T,KO,F I,10,70.74
2025-11-20,9:36:35.820492114,T,KO,F I,1,70.74
2025-11-20,9:36:35.820495217,T,KO,F,100,70.74
2025-11-20,9:36:35.820498029,T,KO,I,1,70.74
2025-11-20,9:36:36.443918716,T,KO,I,1,70.74
2025-11-20,9:36:38.397440371,T,KO,I,70,70.75
2025-11-20,9:36:38.420012315,T,KO,F,200,70.75
2025-11-20,9:36:43.388920494,T,KO,,100,70.74
2025-11-20,9:36:45.154314150,T,KO,,100,70.74
2025-11-20,9:36:46.170581490,T,KO,F I,2,70.75
2025-11-20,9:36:46.170584564,T,KO,F,198,70.75
2025-11-20,9:36:46.170599590,T,KO,F I,2,70.75
2025-11-20,9:36:46.170602623,T,KO,I,1,70.75
2025-11-20,9:36:46.171761297,T,KO,F I,10,70.75
2025-11-20,9:36:46.171761297,T,KO,F,202,70.74
2025-11-20,9:36:46.171766636,T,KO,F I,64,70.74
2025-11-20,9:36:46.171766636,T,KO,F I,84,70.74
2025-11-20,9:36:46.171772373,T,KO,F I,45,70.74
2025-11-20,9:36:46.171772373,T,KO,F,300,70.74
2025-11-20,9:36:46.171775723,T,KO,F I,50,70.74
2025-11-20,9:36:46.171845238,T,KO,,202,70.75
2025-11-20,9:36:46.171850897,T,KO,I,80,70.75
2025-11-20,9:36:46.171883655,T,KO,F I,5,70.74
2025-11-20,9:36:46.171913751,T,KO,F I,5,70.74
2025-11-20,9:36:46.171929242,T,KO,I,95,70.74
2025-11-20,9:36:46.172142225,T,KO,,100,70.73
2025-11-20,9:36:46.172142225,T,KO,I,10,70.73
2025-11-20,9:36:46.172779942,T,KO,I,1,70.73
2025-11-20,9:36:46.172783470,T,KO,I,99,70.73
2025-11-20,9:36:46.172852775,T,KO,F I,10,70.73
2025-11-20,9:36:46.172855210,T,KO,F I,1,70.73
2025-11-20,9:36:46.172859203,T,KO,F,100,70.73
2025-11-20,9:36:46.172859203,T,KO,F,100,70.73
2025-11-20,9:36:46.172863974,T,KO,F,395,70.73
2025-11-20,9:36:46.172863974,T,KO,F I,1,70.73
2025-11-20,9:36:46.172863974,T,KO,F I,99,70.73
2025-11-20,9:36:46.175098289,T,KO,,190,70.725
2025-11-20,9:36:46.175125329,T,KO,I,10,70.725
2025-11-20,9:36:46.203486250,T,KO,,174,70.72
2025-11-20,9:36:46.203488922,T,KO,I,53,70.72
2025-11-20,9:36:46.203488922,T,KO,I,64,70.72
2025-11-20,9:36:46.203507785,T,KO,F,117,70.72
2025-11-20,9:36:46.262402202,T,KO,I,2,70.725
2025-11-20,9:36:47.225100148,T,KO,I,10,70.72
2025-11-20,9:36:47.486957743,T,KO,,100,70.72
2025-11-20,9:36:48.775983748,T,KO,,100,70.71
2025-11-20,9:36:51.437566123,T,KO,F,100,70.725
2025-11-20,9:36:51.437566123,T,KO,F,300,70.74
2025-11-20,9:36:51.437580812,T,KO,I,1,70.74
2025-11-20,9:36:51.438660417,T,KO,,190,70.73
2025-11-20,9:36:51.438682001,T,KO,F I,19,70.73
2025-11-20,9:36:51.438684645,T,KO,F,100,70.73
2025-11-20,9:36:55.103804603,T,KO,F,139,70.72
2025-11-20,9:36:55.505585541,T,KO,,100,70.725
2025-11-20,9:36:56.081745848,T,KO,F,100,70.72
2025-11-20,9:36:59.843994167,T,KO,F I,29,70.71
2025-11-20,9:36:59.843997184,T,KO,F I,10,70.71
2025-11-20,9:37:00.725026534,T,KO,I,29,70.69
2025-11-20,9:37:00.725029556,T,KO,I,5,70.69
2025-11-20,9:37:00.725029556,T,KO,I,16,70.69
2025-11-20,9:37:00.907248459,T,KO,,800,70.685
2025-11-20,9:37:01.227051294,T,KO,,300,70.69
2025-11-20,9:37:01.227057622,T,KO,I,1,70.69
2025-11-20,9:37:01.227067067,T,KO,F I,99,70.69
2025-11-20,9:37:01.227067067,T,KO,F I,98,70.69
2025-11-20,9:37:01.227072198,T,KO,F,202,70.69
2025-11-20,9:37:01.227875126,T,KO,F,200,70.7
2025-11-20,9:37:01.235522352,T,KO,I,56,70.705
2025-11-20,9:37:01.321791991,T,KO,F I,73,70.7
2025-11-20,9:37:01.321791991,T,KO,F I,10,70.7
2025-11-20,9:37:01.321794827,T,KO,F I,10,70.7
2025-11-20,9:37:02.742501579,T,KO,I,7,70.7
2025-11-20,9:37:02.742505195,T,KO,I,73,70.7
2025-11-20,9:37:02.742505195,T,KO,I,16,70.7
2025-11-20,9:37:02.742507527,T,KO,I,3,70.7
2025-11-20,9:37:03.624808835,T,KO,F,100,70.71
2025-11-20,9:37:03.624811903,T,KO,F,300,70.71
2025-11-20,9:37:04.912331310,T,KO,,100,70.73
2025-11-20,9:37:06.060032872,T,KO,I,99,70.74
2025-11-20,9:37:06.060036052,T,KO,I,45,70.74
2025-11-20,9:37:06.060036052,T,KO,I,2,70.74
2025-11-20,9:37:06.060038892,T,KO,I,15,70.74
2025-11-20,9:37:08.454166879,T,KO,I,10,70.72
2025-11-20,9:37:08.454759248,T,KO,I,6,70.72
2025-11-20,9:37:11.534021040,T,KO,F I,10,70.71
2025-11-20,9:37:12.595952333,T,KO,,200,70.68
2025-11-20,9:37:12.595967446,T,KO,I,1,70.68
2025-11-20,9:37:20.157879213,T,KO,F I,1,70.68
2025-11-20,9:37:20.157888237,T,KO,F I,1,70.68
2025-11-20,9:37:20.157891492,T,KO,F I,1,70.68
2025-11-20,9:37:20.157894279,T,KO,F I,1,70.68
2025-11-20,9:37:20.157897539,T,KO,F I,1,70.68
2025-11-20,9:37:20.157900409,T,KO,F I,1,70.68
2025-11-20,9:37:20.157903414,T,KO,F I,1,70.68
2025-11-20,9:37:20.157903414,T,KO,F I,1,70.68
2025-11-20,9:37:20.157906513,T,KO,I,68,70.68
2025-11-20,9:37:20.178156537,T,KO,F I,2,70.68
2025-11-20,9:37:20.409109669,T,KO,,190,70.68
2025-11-20,9:37:21.823345952,T,KO,F,300,70.69
2025-11-20,9:37:21.823363327,T,KO,F I,3,70.69
2025-11-20,9:37:21.823363327,T,KO,F I,3,70.69
2025-11-20,9:37:21.823369173,T,KO,F,100,70.69
2025-11-20,9:37:21.823374905,T,KO,F,200,70.69
2025-11-20,9:37:22.902498102,T,KO,I,2,70.7
2025-11-20,9:37:23.903122195,T,KO,,100,70.7
2025-11-20,9:37:23.903213116,T,KO,I,2,70.7
2025-11-20,9:37:23.903218720,T,KO,I,16,70.7
2025-11-20,9:37:23.903218720,T,KO,I,42,70.7
2025-11-20,9:37:23.903453541,T,KO,F I,63,70.7
2025-11-20,9:37:23.903456022,T,KO,F I,46,70.7
2025-11-20,9:37:23.903471066,T,KO,I,1,70.7
2025-11-20,9:37:23.903474138,T,KO,,100,70.7
2025-11-20,9:37:23.903501392,T,KO,I,53,70.7
2025-11-20,9:37:23.903501392,T,KO,,100,70.7
2025-11-20,9:37:23.903504139,T,KO,,100,70.7
2025-11-20,9:37:23.903507082,T,KO,,147,70.7
2025-11-20,9:37:23.903510552,T,KO,I,53,70.7
2025-11-20,9:37:23.903513642,T,KO,I,47,70.7
2025-11-20,9:37:23.903516992,T,KO,I,3,70.7
2025-11-20,9:37:23.903516992,T,KO,,100,70.7
2025-11-20,9:37:23.904697960,T,KO,F,100,70.7
2025-11-20,9:37:23.904697960,T,KO,F I,39,70.7
2025-11-20,9:37:23.904719045,T,KO,I,1,70.7
2025-11-20,9:37:23.904727985,T,KO,I,23,70.7
2025-11-20,9:37:23.904731141,T,KO,I,24,70.7
2025-11-20,9:37:23.904731141,T,KO,,100,70.7
2025-11-20,9:37:23.906045784,T,KO,I,63,70.7
2025-11-20,9:37:23.906049169,T,KO,I,10,70.7
2025-11-20,9:37:23.906049169,T,KO,I,24,70.7
2025-11-20,9:37:23.911268639,T,KO,F I,17,70.71
2025-11-20,9:37:23.911268639,T,KO,F I,50,70.71
2025-11-20,9:37:23.911271660,T,KO,F I,33,70.71
2025-11-20,9:37:23.911320300,T,KO,I,63,70.71
2025-11-20,9:37:23.911373889,T,KO,I,7,70.71
2025-11-20,9:37:23.911373889,T,KO,I,63,70.71
2025-11-20,9:37:24.013969160,T,KO,F I,63,70.7
2025-11-20,9:37:24.013969160,T,KO,F I,35,70.7
2025-11-20,9:37:25.909951855,T,KO,F I,2,70.69
2025-11-20,9:37:25.910366773,T,KO,F I,8,70.69
2025-11-20,9:37:25.910369789,T,KO,F,100,70.69
2025-11-20,9:37:30.268782090,T,KO,I,76,70.69
2025-11-20,9:37:30.268782090,T,KO,I,7,70.69
2025-11-20,9:37:30.835403659,T,KO,I,16,70.69
2025-11-20,9:37:31.097144073,T,KO,I,1,70.685
2025-11-20,9:37:32.848497211,T,KO,I,59,70.685
2025-11-20,9:37:33.238243399,T,KO,I,36,70.68
2025-11-20,9:37:33.238247232,T,KO,I,10,70.68
2025-11-20,9:37:33.238247232,T,KO,I,2,70.68
2025-11-20,9:37:33.238249694,T,KO,I,10,70.68
2025-11-20,9:37:37.004716918,T,KO,F I,35,70.67
2025-11-20,9:37:38.090254373,T,KO,F I,5,70.66
2025-11-20,9:37:38.090269453,T,KO,F I,45,70.66
2025-11-20,9:37:46.829386175,T,KO,I,5,70.66
2025-11-20,9:37:47.635016913,T,KO,,190,70.66
2025-11-20,9:37:47.663494789,T,KO,,110,70.66
2025-11-20,9:37:47.760067452,T,KO,F I,22,70.67
2025-11-20,9:37:47.760067452,T,KO,F I,2,70.67
2025-11-20,9:37:47.760070065,T,KO,F I,3,70.67
2025-11-20,9:37:47.760073181,T,KO,F,100,70.67
2025-11-20,9:37:47.760073181,T,KO,F I,73,70.67
2025-11-20,9:37:47.760087839,T,KO,I,27,70.67
2025-11-20,9:37:48.188175369,T,KO,I,21,70.67
2025-11-20,9:37:51.389055912,T,KO,,100,70.665
2025-11-20,9:37:51.568658703,T,KO,I,1,70.67
2025-11-20,9:37:54.119297481,T,KO,I,2,70.665
2025-11-20,9:37:54.214089221,T,KO,I,10,70.66
2025-11-20,9:37:54.801433065,T,KO,I,1,70.66
2025-11-20,9:37:55.049286819,T,KO,I,35,70.66
2025-11-20,9:37:55.049289473,T,KO,I,1,70.66
2025-11-20,9:37:55.049316474,T,KO,F I,49,70.66
2025-11-20,9:37:58.165340859,T,KO,I,2,70.67
2025-11-20,9:37:58.991985680,T,KO,,499,70.67
2025-11-20,9:37:58.992000705,T,KO,I,1,70.67
2025-11-20,9:37:58.992006715,T,KO,I,98,70.67
2025-11-20,9:38:01.254731045,T,KO,,100,70.68
2025-11-20,9:38:01.254733739,T,KO,,200,70.68
2025-11-20,9:38:01.254737286,T,KO,I,4,70.68
2025-11-20,9:38:01.254959315,T,KO,F I,50,70.69
2025-11-20,9:38:01.254959315,T,KO,F,100,70.69
2025-11-20,9:38:01.254998370,T,KO,F,100,70.69
2025-11-20,9:38:01.255037542,T,KO,F I,87,70.69
2025-11-20,9:38:01.255250979,T,KO,F I,13,70.69
2025-11-20,9:38:01.255254011,T,KO,F,100,70.69
2025-11-20,9:38:01.255257040,T,KO,F,362,70.69
2025-11-20,9:38:01.255257040,T,KO,F I,1,70.69
2025-11-20,9:38:01.434225785,T,KO,,100,70.69
2025-11-20,9:38:01.434228917,T,KO,,100,70.69
2025-11-20,9:38:01.434232631,T,KO,,200,70.69
2025-11-20,9:38:01.434232631,T,KO,,200,70.69
2025-11-20,9:38:01.434237357,T,KO,F,600,70.69
2025-11-20,9:38:01.434276452,T,KO,,100,70.69
2025-11-20,9:38:01.434312501,T,KO,F,100,70.69
2025-11-20,9:38:01.434348577,T,KO,,100,70.69
2025-11-20,9:38:01.434459868,T,KO,F,100,70.69
2025-11-20,9:38:01.434462811,T,KO,,100,70.69
2025-11-20,9:38:01.434468846,T,KO,I,80,70.69
2025-11-20,9:38:01.434495931,T,KO,I,20,70.69
2025-11-20,9:38:01.434495931,T,KO,I,80,70.69
2025-11-20,9:38:01.434507959,T,KO,F I,20,70.69
2025-11-20,9:38:01.434544057,T,KO,I,37,70.69
2025-11-20,9:38:01.635555376,T,KO,F,100,70.7
2025-11-20,9:38:01.635558066,T,KO,F I,50,70.7
2025-11-20,9:38:01.635560805,T,KO,F I,6,70.7
2025-11-20,9:38:01.636204381,T,KO,I,60,70.7
2025-11-20,9:38:01.645625761,T,KO,,100,70.695
2025-11-20,9:38:01.761939834,T,KO,,188,70.695
2025-11-20,9:38:01.800010521,T,KO,F,112,70.7
2025-11-20,9:38:01.800016525,T,KO,F,340,70.7
2025-11-20,9:38:01.800016525,T,KO,F I,60,70.7
2025-11-20,9:38:05.617590973,T,KO,,100,70.71
2025-11-20,9:38:05.617594155,T,KO,,100,70.71
2025-11-20,9:38:05.617594155,T,KO,I,1,70.71
2025-11-20,9:38:05.617596713,T,KO,I,50,70.71
2025-11-20,9:38:09.449794799,T,KO,,100,70.725
2025-11-20,9:38:09.554528231,T,KO,I,29,70.725
2025-11-20,9:38:10.220277786,T,KO,I,11,70.72
2025-11-20,9:38:10.526882048,T,KO,F,245,70.71
2025-11-20,9:38:10.526897142,T,KO,I,1,70.71
2025-11-20,9:38:10.526921187,T,KO,F I,54,70.71
2025-11-20,9:38:10.526924325,T,KO,F I,10,70.71
2025-11-20,9:38:10.526924325,T,KO,F I,10,70.71
2025-11-20,9:38:11.678474741,T,KO,I,1,70.72
2025-11-20,9:38:13.645504626,T,KO,F I,15,70.73
2025-11-20,9:38:13.648349386,T,KO,,100,70.73
2025-11-20,9:38:15.002345144,T,KO,F,200,70.72
2025-11-20,9:38:18.015852347,T,KO,,100,70.72
2025-11-20,9:38:19.492591424,T,KO,,400,70.73
2025-11-20,9:38:30.239707584,T,KO,,100,70.735
2025-11-20,9:38:30.344324473,T,KO,F I,70,70.75
2025-11-20,9:38:30.344324473,T,KO,F,100,70.75
2025-11-20,9:38:30.344326798,T,KO,F I,17,70.75
2025-11-20,9:38:30.351243298,T,KO,,200,70.755
2025-11-20,9:38:30.353258103,T,KO,I,5,70.755
2025-11-20,9:38:30.363912447,T,KO,F I,10,70.75
2025-11-20,9:38:32.943080230,T,KO,,200,70.75
2025-11-20,9:38:32.943098621,T,KO,I,1,70.75
2025-11-20,9:38:32.943552378,T,KO,F I,42,70.75
2025-11-20,9:38:32.943606394,T,KO,,157,70.75
2025-11-20,9:38:32.943642554,T,KO,,200,70.75
2025-11-20,9:38:32.957021388,T,KO,I,10,70.745
2025-11-20,9:38:34.018907510,T,KO,I,1,70.75
2025-11-20,9:38:34.020492235,T,KO,I,1,70.75
2025-11-20,9:38:34.474991710,T,KO,F I,1,70.74
2025-11-20,9:38:34.474991710,T,KO,F,300,70.74
2025-11-20,9:38:35.779044586,T,KO,F,100,70.74
2025-11-20,9:38:35.779047565,T,KO,F,508,70.74
2025-11-20,9:38:35.779063192,T,KO,I,1,70.74
2025-11-20,9:38:35.779068608,T,KO,F I,89,70.74
2025-11-20,9:38:35.779068608,T,KO,F I,10,70.74
2025-11-20,9:38:38.417727135,T,KO,,100,70.74
2025-11-20,9:38:38.417787222,T,KO,,100,70.74
2025-11-20,9:38:38.417796240,T,KO,F,100,70.75
2025-11-20,9:38:38.417826315,T,KO,I,1,70.75
2025-11-20,9:38:38.417865325,T,KO,F I,99,70.75
2025-11-20,9:38:38.417868374,T,KO,,100,70.745
2025-11-20,9:38:39.487660254,T,KO,I,10,70.75
2025-11-20,9:38:39.491476358,T,KO,F,200,70.74
2025-11-20,9:38:39.491494830,T,KO,I,1,70.74
2025-11-20,9:38:39.719223934,T,KO,F I,18,70.74
2025-11-20,9:38:39.719716988,T,KO,I,59,70.74
2025-11-20,9:38:39.719719947,T,KO,,100,70.74
2025-11-20,9:38:39.719723271,T,KO,I,7,70.74
2025-11-20,9:38:39.720079254,T,KO,,100,70.75
2025-11-20,9:38:39.720083858,T,KO,,100,70.75
2025-11-20,9:38:39.723806818,T,KO,I,59,70.75
2025-11-20,9:38:39.723810774,T,KO,I,59,70.75
2025-11-20,9:38:40.899868704,T,KO,,100,70.74
2025-11-20,9:38:45.483869323,T,KO,F,100,70.73
2025-11-20,9:38:45.508597506,T,KO,F I,60,70.73
2025-11-20,9:38:45.508601057,T,KO,F I,59,70.73
2025-11-20,9:38:45.508601057,T,KO,F I,50,70.73
2025-11-20,9:38:45.508603477,T,KO,F I,50,70.73
2025-11-20,9:38:45.508630932,T,KO,I,1,70.73
2025-11-20,9:38:45.508633351,T,KO,F I,2,70.73
2025-11-20,9:38:45.508657372,T,KO,I,2,70.73
2025-11-20,9:38:45.816455436,T,KO,F I,60,70.73
2025-11-20,9:38:45.816458384,T,KO,F I,11,70.73
2025-11-20,9:38:46.482394498,T,KO,I,4,70.73
2025-11-20,9:39:00.699640487,T,KO,,100,70.725
2025-11-20,9:39:01.533481376,T,KO,,200,70.725
2025-11-20,9:39:01.898626061,T,KO,F I,21,70.73
2025-11-20,9:39:01.898689137,T,KO,I,79,70.73
2025-11-20,9:39:01.898740336,T,KO,I,4,70.73
2025-11-20,9:39:01.912913096,T,KO,F,100,70.73
2025-11-20,9:39:01.912916390,T,KO,F I,68,70.73
2025-11-20,9:39:01.912916390,T,KO,F I,7,70.73
2025-11-20,9:39:01.912919198,T,KO,F I,10,70.73
2025-11-20,9:39:01.912919198,T,KO,F I,15,70.73
2025-11-20,9:39:01.912934061,T,KO,I,1,70.73
2025-11-20,9:39:01.913956563,T,KO,I,1,70.73
2025-11-20,9:39:01.917586234,T,KO,,100,70.725
2025-11-20,9:39:02.506746546,T,KO,,200,70.725
2025-11-20,9:39:02.968445096,T,KO,,100,70.725
2025-11-20,9:39:03.632462524,T,KO,F,100,70.72
2025-11-20,9:39:04.199517605,T,KO,,190,70.7
2025-11-20,9:39:04.200007190,T,KO,F I,10,70.7
2025-11-20,9:39:04.200199858,T,KO,F I,69,70.7
2025-11-20,9:39:04.200199858,T,KO,F I,6,70.7
2025-11-20,9:39:04.200203542,T,KO,F I,68,70.7
2025-11-20,9:39:04.200203542,T,KO,F,100,70.7
2025-11-20,9:39:05.064503127,T,KO,F,100,70.71
2025-11-20,9:39:05.175981726,T,KO,F I,69,70.71
2025-11-20,9:39:05.175985163,T,KO,F I,7,70.71
2025-11-20,9:39:05.175987625,T,KO,F I,69,70.71
2025-11-20,9:39:05.782832947,T,KO,F I,23,70.71
2025-11-20,9:39:05.782893237,T,KO,F I,14,70.71
2025-11-20,9:39:09.325739123,T,KO,F I,2,70.7
2025-11-20,9:39:09.325742636,T,KO,F I,10,70.7
2025-11-20,9:39:09.325745080,T,KO,F,145,70.7
2025-11-20,9:39:09.325748063,T,KO,F I,12,70.7
2025-11-20,9:39:09.325754078,T,KO,F I,12,70.7
2025-11-20,9:39:09.325757172,T,KO,I,12,70.7
2025-11-20,9:39:09.325760125,T,KO,F I,12,70.7
2025-11-20,9:39:09.325769117,T,KO,I,12,70.7
2025-11-20,9:39:09.325895456,T,KO,I,12,70.7
2025-11-20,9:39:09.326130620,T,KO,F,100,70.7
2025-11-20,9:39:09.326134100,T,KO,F I,69,70.7
2025-11-20,9:39:09.326134100,T,KO,F I,14,70.7
2025-11-20,9:39:09.326151200,T,KO,I,1,70.7
2025-11-20,9:39:09.326845849,T,KO,I,1,70.7
2025-11-20,9:39:09.326848755,T,KO,,199,70.7
2025-11-20,9:39:09.338194724,T,KO,F,100,70.7
2025-11-20,9:39:09.934373631,T,KO,I,5,70.695
2025-11-20,9:39:12.196803124,T,KO,,100,70.685
2025-11-20,9:39:12.741905432,T,KO,,100,70.695
2025-11-20,9:39:16.001660012,T,KO,F,302,70.695
2025-11-20,9:39:16.001669080,T,KO,F I,98,70.695
2025-11-20,9:39:16.001673005,T,KO,F I,38,70.695
2025-11-20,9:39:16.001675203,T,KO,F I,62,70.695
2025-11-20,9:39:16.001678447,T,KO,F I,80,70.7
2025-11-20,9:39:16.001678447,T,KO,F I,20,70.7
2025-11-20,9:39:16.001684106,T,KO,F,100,70.7
2025-11-20,9:39:16.001684106,T,KO,F,100,70.7
2025-11-20,9:39:16.001684106,T,KO,F I,2,70.7
2025-11-20,9:39:16.001687283,T,KO,F I,80,70.7
2025-11-20,9:39:16.001696054,T,KO,I,21,70.7
2025-11-20,9:39:16.001702039,T,KO,I,1,70.7
2025-11-20,9:39:16.001732551,T,KO,F I,78,70.7
2025-11-20,9:39:16.001735163,T,KO,F,100,70.7
2025-11-20,9:39:16.001738196,T,KO,F I,20,70.7
2025-11-20,9:39:16.014386599,T,KO,F I,69,70.7
2025-11-20,9:39:16.014389250,T,KO,F I,10,70.7
2025-11-20,9:39:17.123689385,T,KO,F I,10,70.69
2025-11-20,9:39:17.123689385,T,KO,F I,50,70.69
2025-11-20,9:39:17.123716928,T,KO,F I,50,70.69
2025-11-20,9:39:17.123716928,T,KO,F,100,70.69
2025-11-20,9:39:18.299369490,T,KO,I,69,70.68
2025-11-20,9:39:19.065489029,T,KO,,100,70.685
2025-11-20,9:39:22.228163541,T,KO,F I,2,70.7
2025-11-20,9:39:23.760917023,T,KO,F I,1,70.72
2025-11-20,9:39:27.611768575,T,KO,,100,70.735
2025-11-20,9:39:28.114885156,T,KO,F I,72,70.73
2025-11-20,9:39:33.872096691,T,KO,F,220,70.735
2025-11-20,9:39:33.872168790,T,KO,I,80,70.735
2025-11-20,9:39:33.872171863,T,KO,,120,70.74
2025-11-20,9:39:33.872177880,T,KO,I,80,70.74
2025-11-20,9:39:38.585961516,T,KO,,150,70.765
2025-11-20,9:39:42.008968969,T,KO,F,200,70.765
2025-11-20,9:39:42.008972979,T,KO,F I,7,70.77
2025-11-20,9:39:42.008972979,T,KO,F I,11,70.77
2025-11-20,9:39:42.050356559,T,KO,F I,50,70.78
2025-11-20,9:39:42.050356559,T,KO,F,100,70.78
2025-11-20,9:39:42.050861783,T,KO,I,66,70.78
2025-11-20,9:39:42.050861783,T,KO,I,35,70.78
2025-11-20,9:39:42.050879798,T,KO,I,1,70.78
2025-11-20,9:39:42.051309807,T,KO,I,10,70.78
2025-11-20,9:39:42.051327962,T,KO,I,70,70.78
2025-11-20,9:39:42.051571449,T,KO,I,20,70.78
2025-11-20,9:39:42.051571449,T,KO,I,66,70.78
2025-11-20,9:39:43.777601259,T,KO,I,4,70.775
2025-11-20,9:39:43.787720429,T,KO,F I,50,70.77
2025-11-20,9:39:44.004960742,T,KO,F,200,70.76
2025-11-20,9:39:44.004996854,T,KO,,110,70.76
2025-11-20,9:39:44.005014926,T,KO,I,72,70.76
2025-11-20,9:39:44.021710665,T,KO,F I,18,70.76
2025-11-20,9:39:45.280126945,T,KO,F,100,70.755
2025-11-20,9:39:45.280126945,T,KO,F I,10,70.76
2025-11-20,9:39:45.499974439,T,KO,F I,3,70.76
2025-11-20,9:39:46.631304890,T,KO,,100,70.765
2025-11-20,9:39:50.488907477,T,KO,F,200,70.77
2025-11-20,9:39:50.844056335,T,KO,F,200,70.76
2025-11-20,9:39:50.844059335,T,KO,F I,2,70.76
2025-11-20,9:39:50.844065600,T,KO,F I,50,70.76
2025-11-20,9:39:51.595979147,T,KO,F,100,70.75
2025-11-20,9:39:51.599446541,T,KO,I,64,70.75
2025-11-20,9:39:51.599449616,T,KO,I,7,70.75
2025-11-20,9:39:51.599452479,T,KO,,100,70.75
2025-11-20,9:39:53.485589652,T,KO,F I,50,70.745
2025-11-20,9:39:53.486070812,T,KO,I,50,70.75
2025-11-20,9:39:53.510338589,T,KO,I,64,70.75
2025-11-20,9:39:53.510338589,T,KO,I,18,70.75
2025-11-20,9:39:53.510341634,T,KO,I,18,70.75
2025-11-20,9:39:55.425867765,T,KO,I,18,70.75
2025-11-20,9:39:55.425870722,T,KO,I,19,70.75
2025-11-20,9:39:56.358211509,T,KO,F I,81,70.755
2025-11-20,9:39:56.358214553,T,KO,F I,21,70.76
2025-11-20,9:39:56.358214553,T,KO,F I,25,70.76
2025-11-20,9:39:56.359149556,T,KO,F I,4,70.76
2025-11-20,9:39:56.375406511,T,KO,F I,62,70.76
2025-11-20,9:39:56.375406511,T,KO,F I,7,70.76
2025-11-20,9:39:56.375409279,T,KO,F,100,70.76
2025-11-20,9:39:56.375412243,T,KO,F,100,70.76
2025-11-20,9:39:58.364686124,T,KO,I,62,70.75
2025-11-20,9:39:58.364686124,T,KO,I,7,70.75
2025-11-20,9:39:58.364689091,T,KO,I,21,70.75
2025-11-20,9:39:58.364734220,T,KO,,100,70.745
2025-11-20,9:39:58.373620373,T,KO,F I,46,70.75
2025-11-20,9:39:58.373620373,T,KO,F I,5,70.75
2025-11-20,9:40:00.661944436,T,KO,I,5,70.75
2025-11-20,9:40:00.661965408,T,KO,,100,70.75
2025-11-20,9:40:00.661965408,T,KO,I,71,70.75
2025-11-20,9:40:05.663152719,T,KO,F I,9,70.73
2025-11-20,9:40:05.663152719,T,KO,F I,11,70.73
2025-11-20,9:40:05.663681977,T,KO,F I,11,70.74
2025-11-20,9:40:05.663685008,T,KO,F I,50,70.74
2025-11-20,9:40:05.687739293,T,KO,I,62,70.74
2025-11-20,9:40:09.141034941,T,KO,F,100,70.735
2025-11-20,9:40:09.141038809,T,KO,F I,26,70.74
2025-11-20,9:40:09.141038809,T,KO,I,36,70.74
2025-11-20,9:40:09.141042258,T,KO,I,2,70.74
2025-11-20,9:40:09.141043958,T,KO,I,98,70.74
2025-11-20,9:40:11.767812819,T,KO,F,100,70.75
2025-11-20,9:40:11.767815639,T,KO,F,100,70.75
2025-11-20,9:40:11.767833534,T,KO,I,1,70.75
2025-11-20,9:40:11.767836243,T,KO,I,64,70.75
2025-11-20,9:40:11.767848890,T,KO,F I,35,70.75
2025-11-20,9:40:11.767848890,T,KO,F I,4,70.75
2025-11-20,9:40:11.767851194,T,KO,I,14,70.75
2025-11-20,9:40:13.198752200,T,KO,F,100,70.75
2025-11-20,9:40:13.198755120,T,KO,F I,2,70.75
2025-11-20,9:40:13.225008115,T,KO,F I,10,70.74
2025-11-20,9:40:13.225008115,T,KO,F I,4,70.74
2025-11-20,9:40:13.225010887,T,KO,F I,2,70.74
2025-11-20,9:40:13.252318745,T,KO,F I,57,70.74
2025-11-20,9:40:13.256871637,T,KO,F,100,70.74
2025-11-20,9:40:13.256874771,T,KO,F I,57,70.74
2025-11-20,9:40:13.256874771,T,KO,F I,57,70.74
2025-11-20,9:40:13.258579654,T,KO,F,100,70.74
2025-11-20,9:40:13.874268986,T,KO,I,57,70.74
2025-11-20,9:40:15.067351604,T,KO,F I,51,70.74
2025-11-20,9:40:15.067351604,T,KO,F I,10,70.74
2025-11-20,9:40:16.821958483,T,KO,,190,70.74
2025-11-20,9:40:17.549797952,T,KO,F I,2,70.75
2025-11-20,9:40:17.550344281,T,KO,F,100,70.76
2025-11-20,9:40:17.848907464,T,KO,F I,1,70.77
2025-11-20,9:40:19.521719429,T,KO,F,100,70.79
2025-11-20,9:40:21.136367132,T,KO,F I,19,70.78
2025-11-20,9:40:21.325517579,T,KO,F,100,70.78
2025-11-20,9:40:21.626203706,T,KO,,200,70.795
2025-11-20,9:40:22.379882659,T,KO,F I,1,70.8
2025-11-20,9:40:22.379885741,T,KO,F,100,70.8
2025-11-20,9:40:22.379888686,T,KO,F,124,70.8
2025-11-20,9:40:22.380258909,T,KO,,100,70.8
2025-11-20,9:40:22.380261682,T,KO,I,58,70.8
2025-11-20,9:40:22.949189640,T,KO,F I,10,70.79
2025-11-20,9:40:22.991515436,T,KO,F I,58,70.79
2025-11-20,9:40:22.991518547,T,KO,F I,58,70.79
2025-11-20,9:40:22.991521543,T,KO,F,100,70.79
2025-11-20,9:40:22.999824319,T,KO,F I,58,70.79
2025-11-20,9:40:26.462138540,T,KO,F I,10,70.78
2025-11-20,9:40:26.679252738,T,KO,I,7,70.78
2025-11-20,9:40:27.938336684,T,KO,F,100,70.77
2025-11-20,9:40:27.938339730,T,KO,F I,12,70.77
2025-11-20,9:40:27.938342271,T,KO,F I,88,70.77
2025-11-20,9:40:27.938354527,T,KO,I,1,70.77
2025-11-20,9:40:27.938967814,T,KO,F I,11,70.77
2025-11-20,9:40:27.939418875,T,KO,I,16,70.77
2025-11-20,9:40:27.939443382,T,KO,F I,40,70.77
2025-11-20,9:40:27.939445919,T,KO,F I,7,70.77
2025-11-20,9:40:27.939445919,T,KO,F,100,70.77
2025-11-20,9:40:27.945622900,T,KO,I,56,70.77
2025-11-20,9:40:27.945622900,T,KO,,100,70.77
2025-11-20,9:40:27.945628679,T,KO,I,16,70.77
2025-11-20,9:40:27.945628679,T,KO,I,24,70.77
2025-11-20,9:40:27.945631737,T,KO,I,16,70.77
2025-11-20,9:40:27.945634685,T,KO,I,88,70.77
2025-11-20,9:40:27.959912727,T,KO,F I,56,70.77
2025-11-20,9:40:27.959912727,T,KO,F I,7,70.77
2025-11-20,9:40:27.959915665,T,KO,F I,56,70.77
2025-11-20,9:40:27.962592052,T,KO,F I,19,70.78
2025-11-20,9:40:27.963764842,T,KO,F I,27,70.78
2025-11-20,9:40:27.964880515,T,KO,I,73,70.78
2025-11-20,9:40:27.964880515,T,KO,I,27,70.78
2025-11-20,9:40:28.274269387,T,KO,F I,29,70.78
2025-11-20,9:40:28.274272366,T,KO,F I,10,70.78
2025-11-20,9:40:28.280130317,T,KO,F,156,70.775
2025-11-20,9:40:28.795969895,T,KO,F,100,70.785
2025-11-20,9:40:28.832395599,T,KO,F,100,70.79
2025-11-20,9:40:28.832416761,T,KO,I,1,70.79
2025-11-20,9:40:28.832471360,T,KO,I,56,70.79
2025-11-20,9:40:28.832471360,T,KO,,100,70.79
2025-11-20,9:40:28.832473806,T,KO,I,7,70.79
2025-11-20,9:40:29.841713480,T,KO,F I,56,70.79
2025-11-20,9:40:29.841713480,T,KO,F,100,70.79
2025-11-20,9:40:31.787458689,T,KO,F,150,70.8
2025-11-20,9:40:32.735313088,T,KO,,100,70.795
2025-11-20,9:40:34.165471354,T,KO,,100,70.805
2025-11-20,9:40:35.167743488,T,KO,F I,10,70.81
2025-11-20,9:40:35.885965053,T,KO,F,100,70.8
2025-11-20,9:40:37.687784465,T,KO,I,10,70.8
2025-11-20,9:40:40.161806755,T,KO,,100,70.795
2025-11-20,9:40:40.330520482,T,KO,,100,70.795
2025-11-20,9:40:42.529303643,T,KO,I,1,70.8
2025-11-20,9:40:42.529307058,T,KO,I,3,70.8
2025-11-20,9:40:42.529309329,T,KO,I,2,70.8
2025-11-20,9:40:42.529342410,T,KO,,100,70.795
2025-11-20,9:40:42.529384612,T,KO,I,55,70.8
2025-11-20,9:40:42.529387594,T,KO,I,7,70.8
2025-11-20,9:40:42.529390480,T,KO,I,39,70.8
2025-11-20,9:40:42.623728186,T,KO,F I,7,70.8
2025-11-20,9:40:42.623731542,T,KO,F I,55,70.8
2025-11-20,9:40:42.623731542,T,KO,F I,1,70.8
2025-11-20,9:40:42.623734174,T,KO,F I,4,70.8
2025-11-20,9:40:46.851305728,T,KO,F,173,70.805
2025-11-20,9:40:46.851305728,T,KO,F I,27,70.805
2025-11-20,9:40:46.851307925,T,KO,F I,73,70.81
2025-11-20,9:40:46.851311003,T,KO,I,27,70.81
2025-11-20,9:40:48.156022328,T,KO,,100,70.815
2025-11-20,9:40:48.531418580,T,KO,F I,57,70.82
2025-11-20,9:40:48.531421428,T,KO,F I,1,70.82
2025-11-20,9:40:49.525096008,T,KO,,190,70.84
2025-11-20,9:40:49.534144551,T,KO,,190,70.84
2025-11-20,9:40:51.161094518,T,KO,I,37,70.835
2025-11-20,9:40:51.889468250,T,KO,F,100,70.835
2025-11-20,9:40:51.889471311,T,KO,F I,58,70.84
2025-11-20,9:40:51.889471311,T,KO,F I,16,70.84
2025-11-20,9:40:51.889474253,T,KO,I,84,70.84
2025-11-20,9:40:51.889477229,T,KO,I,16,70.84
2025-11-20,9:40:56.000577859,T,KO,I,45,70.85
2025-11-20,9:40:56.000590404,T,KO,I,55,70.85
2025-11-20,9:40:56.000593206,T,KO,,116,70.85
2025-11-20,9:40:56.000596100,T,KO,F I,43,70.85
2025-11-20,9:40:56.000596100,T,KO,F,100,70.85
2025-11-20,9:40:57.131087082,T,KO,I,2,70.86
2025-11-20,9:40:57.131090113,T,KO,I,17,70.86
2025-11-20,9:40:59.020423899,T,KO,I,7,70.875
2025-11-20,9:40:59.645844768,T,KO,F I,2,70.87
2025-11-20,9:40:59.645844768,T,KO,F I,2,70.87
2025-11-20,9:40:59.645850517,T,KO,F I,2,70.87
2025-11-20,9:40:59.645850517,T,KO,F I,2,70.87
2025-11-20,9:40:59.645859474,T,KO,F I,44,70.87
2025-11-20,9:41:00.882290295,T,KO,I,50,70.86
2025-11-20,9:41:00.882293393,T,KO,,200,70.86
2025-11-20,9:41:00.882293393,T,KO,,200,70.86
2025-11-20,9:41:00.886785959,T,KO,F I,56,70.85
2025-11-20,9:41:00.886789026,T,KO,F I,50,70.85
2025-11-20,9:41:00.936626731,T,KO,I,62,70.84
2025-11-20,9:41:01.572743826,T,KO,F I,37,70.83
2025-11-20,9:41:01.744266419,T,KO,F I,6,70.82
2025-11-20,9:41:01.744278348,T,KO,F I,31,70.82
2025-11-20,9:41:03.149651400,T,KO,F I,1,70.8
2025-11-20,9:41:03.390861897,T,KO,I,1,70.8
2025-11-20,9:41:03.390864929,T,KO,I,16,70.8
2025-11-20,9:41:03.390864929,T,KO,I,50,70.8
2025-11-20,9:41:04.785490535,T,KO,,100,70.795
2025-11-20,9:41:04.819604325,T,KO,F,100,70.8
2025-11-20,9:41:04.819604325,T,KO,F,100,70.8
2025-11-20,9:41:04.819606699,T,KO,F I,2,70.8
2025-11-20,9:41:06.816091738,T,KO,I,30,70.81
2025-11-20,9:41:11.354702189,T,KO,I,50,70.81
2025-11-20,9:41:12.253347687,T,KO,F,100,70.815
2025-11-20,9:41:12.253347687,T,KO,F I,60,70.82
2025-11-20,9:41:12.253371625,T,KO,I,22,70.82
2025-11-20,9:41:12.253426328,T,KO,I,18,70.82
2025-11-20,9:41:12.253429267,T,KO,I,10,70.82
2025-11-20,9:41:12.253431691,T,KO,I,50,70.82
2025-11-20,9:41:13.908724164,T,KO,I,50,70.81
2025-11-20,9:41:15.154633517,T,KO,F I,30,70.8
2025-11-20,9:41:15.154636796,T,KO,F I,70,70.8
2025-11-20,9:41:15.154639709,T,KO,F I,30,70.8
2025-11-20,9:41:15.154643864,T,KO,I,1,70.8
2025-11-20,9:41:15.154643864,T,KO,I,99,70.8
2025-11-20,9:41:15.154649142,T,KO,I,9,70.8
2025-11-20,9:41:15.154649142,T,KO,F I,30,70.8
2025-11-20,9:41:15.154651797,T,KO,F I,30,70.8
2025-11-20,9:41:15.154661007,T,KO,I,70,70.8
2025-11-20,9:41:15.154663551,T,KO,,120,70.8
2025-11-20,9:41:15.154673156,T,KO,F,100,70.8
2025-11-20,9:41:15.154729737,T,KO,F I,87,70.8
2025-11-20,9:41:15.154751067,T,KO,I,13,70.8
2025-11-20,9:41:15.154753700,T,KO,I,87,70.8
2025-11-20,9:41:15.154937322,T,KO,F I,13,70.8
2025-11-20,9:41:15.154937322,T,KO,F,100,70.8
2025-11-20,9:41:15.154940924,T,KO,F I,17,70.8
2025-11-20,9:41:15.154940924,T,KO,,130,70.8
2025-11-20,9:41:15.154955226,T,KO,I,72,70.8
2025-11-20,9:41:15.154994311,T,KO,I,22,70.8
2025-11-20,9:41:15.155063443,T,KO,F I,1,70.8
2025-11-20,9:41:15.155114860,T,KO,I,58,70.8
2025-11-20,9:41:15.155276967,T,KO,F I,15,70.81
2025-11-20,9:41:15.155286029,T,KO,F I,2,70.81
2025-11-20,9:41:15.155286029,T,KO,F I,1,70.81
2025-11-20,9:41:15.155541756,T,KO,,312,70.81
2025-11-20,9:41:15.155541756,T,KO,I,2,70.81
2025-11-20,9:41:15.155544608,T,KO,I,58,70.81
2025-11-20,9:41:15.753891927,T,KO,F I,52,70.81
2025-11-20,9:41:15.753891927,T,KO,F I,16,70.81
2025-11-20,9:41:15.753894732,T,KO,F I,59,70.81
2025-11-20,9:41:18.089172632,T,KO,I,50,70.81
2025-11-20,9:41:19.185992928,T,KO,,100,70.825
2025-11-20,9:41:19.186474114,T,KO,F I,37,70.83
2025-11-20,9:41:22.636374637,T,KO,F I,22,70.84
2025-11-20,9:41:22.636378189,T,KO,F I,32,70.84
2025-11-20,9:41:22.636383602,T,KO,F I,26,70.84
2025-11-20,9:41:23.014146408,T,KO,I,1,70.84
2025-11-20,9:41:23.014146408,T,KO,I,35,70.84
2025-11-20,9:41:23.014149271,T,KO,,144,70.84
2025-11-20,9:41:24.483941909,T,KO,F,100,70.855
2025-11-20,9:41:24.483941909,T,KO,F,230,70.86
2025-11-20,9:41:24.483960007,T,KO,F,100,70.86
2025-11-20,9:41:24.485280110,T,KO,I,2,70.86
2025-11-20,9:41:24.485280110,T,KO,I,59,70.86
2025-11-20,9:41:24.485283093,T,KO,,100,70.86
2025-11-20,9:41:24.485286139,T,KO,I,1,70.86
2025-11-20,9:41:28.168328891,T,KO,I,2,70.85
2025-11-20,9:41:28.168331909,T,KO,I,59,70.85
2025-11-20,9:41:28.168331909,T,KO,I,44,70.85
2025-11-20,9:41:28.168346980,T,KO,I,1,70.85
2025-11-20,9:41:28.171757627,T,KO,F I,5,70.85
2025-11-20,9:41:28.172114886,T,KO,I,50,70.85
2025-11-20,9:41:28.289824372,T,KO,F I,55,70.85
2025-11-20,9:41:28.289827370,T,KO,F I,50,70.85
2025-11-20,9:41:28.289830336,T,KO,F I,10,70.85
2025-11-20,9:41:28.617123797,T,KO,,100,70.85
2025-11-20,9:41:28.617123797,T,KO,I,55,70.85
2025-11-20,9:41:30.360087020,T,KO,I,2,70.85
2025-11-20,9:41:30.507789767,T,KO,I,2,70.84
2025-11-20,9:41:30.642453899,T,KO,I,76,70.83
2025-11-20,9:41:30.642469496,T,KO,F I,4,70.83
2025-11-20,9:41:30.643268512,T,KO,I,2,70.82
2025-11-20,9:41:30.835101378,T,KO,I,7,70.815
2025-11-20,9:41:31.226357268,T,KO,F I,68,70.81
2025-11-20,9:41:31.226360269,T,KO,F,100,70.81
2025-11-20,9:41:31.226375688,T,KO,I,1,70.81
2025-11-20,9:41:31.226391063,T,KO,F I,99,70.81
2025-11-20,9:41:31.226393276,T,KO,F I,1,70.81
2025-11-20,9:41:31.226402259,T,KO,F I,99,70.81
2025-11-20,9:41:31.226405442,T,KO,F,100,70.81
2025-11-20,9:41:31.383466370,T,KO,,100,70.805
2025-11-20,9:41:31.725350622,T,KO,F,100,70.805
2025-11-20,9:41:31.725353793,T,KO,F,100,70.81
2025-11-20,9:41:31.725353793,T,KO,F,100,70.81
2025-11-20,9:41:31.725371674,T,KO,I,1,70.81
2025-11-20,9:41:32.649427453,T,KO,F I,42,70.83
2025-11-20,9:41:33.632408569,T,KO,F I,16,70.83
2025-11-20,9:41:38.088454839,T,KO,F,100,70.845
2025-11-20,9:41:38.088457607,T,KO,F,100,70.85
2025-11-20,9:41:38.088472645,T,KO,I,1,70.85
2025-11-20,9:41:38.088491015,T,KO,I,1,70.85
2025-11-20,9:41:38.098044500,T,KO,I,98,70.85
2025-11-20,9:41:38.185086736,T,KO,,200,70.86
2025-11-20,9:41:40.413986483,T,KO,I,54,70.86
2025-11-20,9:41:40.413989239,T,KO,I,78,70.86
2025-11-20,9:41:40.414109985,T,KO,I,61,70.86
2025-11-20,9:41:40.414109985,T,KO,I,39,70.86
2025-11-20,9:41:40.414238747,T,KO,I,61,70.86
2025-11-20,9:41:42.241775459,T,KO,I,76,70.855
