DATE,TIME_M,EX,SYM_ROOT,TR_SCOND,SIZE,PRICE
2025-12-02,9:30:00.267266259,T,KO,TI,1,71.75
2025-12-02,9:30:00.267266259,T,KO,TI,5,71.75
2025-12-02,9:30:01.110664054,T,KO,I,3,71.81
2025-12-02,9:30:01.110697206,T,KO,Q,3,71.81
2025-12-02,9:30:01.166360706,T,KO,I,5,71.68
2025-12-02,9:30:01.167682868,T,KO,I,50,71.65
2025-12-02,9:30:01.167686630,T,KO,I,50,71.66
2025-12-02,9:30:01.168248308,T,KO,F,100,71.64
2025-12-02,9:30:01.168302383,T,KO,F,100,71.63
2025-12-02,9:30:01.176824669,T,KO,F I,1,71.63
2025-12-02,9:30:01.183527663,T,KO,I,45,71.63
2025-12-02,9:30:01.183560700,T,KO,I,55,71.63
2025-12-02,9:30:01.183572764,T,KO,I,45,71.63
2025-12-02,9:30:01.186784391,T,KO,,200,71.63
2025-12-02,9:30:01.186868540,T,KO,I,1,71.63
2025-12-02,9:30:01.187061112,T,KO,,100,71.63
2025-12-02,9:30:01.188149688,T,KO,F I,50,71.63
2025-12-02,9:30:01.341361729,T,KO,,400,71.62
2025-12-02,9:30:01.341361729,T,KO,,100,71.62
2025-12-02,9:30:01.341364543,T,KO,,322,71.62
2025-12-02,9:30:01.341367586,T,KO,,100,71.62
2025-12-02,9:30:01.341818647,T,KO,,100,71.63
2025-12-02,9:30:01.345664776,T,KO,I,70,71.63
2025-12-02,9:30:01.345691916,T,KO,I,30,71.63
2025-12-02,9:30:01.524209104,T,KO,I,3,71.63
2025-12-02,9:30:01.524212148,T,KO,,100,71.63
2025-12-02,9:30:01.904801626,T,KO,F I,50,71.59
2025-12-02,9:30:02.095185136,T,KO,I,50,71.59
2025-12-02,9:30:02.233087566,T,KO,I,50,71.59
2025-12-02,9:30:02.233090953,T,KO,,100,71.57
2025-12-02,9:30:02.233493506,T,KO,F I,50,71.58
2025-12-02,9:30:02.234290479,T,KO,,100,71.58
2025-12-02,9:30:02.234293362,T,KO,,100,71.58
2025-12-02,9:30:02.234311397,T,KO,I,59,71.58
2025-12-02,9:30:02.234362535,T,KO,I,59,71.58
2025-12-02,9:30:02.343802205,T,KO,F,300,71.57
2025-12-02,9:30:02.343823396,T,KO,I,1,71.57
2025-12-02,9:30:02.343823396,T,KO,I,99,71.57
2025-12-02,9:30:02.343826205,T,KO,I,58,71.57
2025-12-02,9:30:02.911635503,T,KO,,264,71.57
2025-12-02,9:30:02.911758839,T,KO,I,34,71.57
2025-12-02,9:30:02.912606828,T,KO,I,33,71.57
2025-12-02,9:30:03.024816093,T,KO,F,100,71.58
2025-12-02,9:30:03.110884134,T,KO,I,59,71.59
2025-12-02,9:30:03.110884134,T,KO,I,50,71.59
2025-12-02,9:30:03.111368254,T,KO,F,100,71.6
2025-12-02,9:30:03.111825392,T,KO,F,100,71.61
2025-12-02,9:30:03.112977040,T,KO,F I,89,71.62
2025-12-02,9:30:03.365557629,T,KO,F I,50,71.64
2025-12-02,9:30:03.393921204,T,KO,I,7,71.63
2025-12-02,9:30:03.393924231,T,KO,,400,71.63
2025-12-02,9:30:03.393927192,T,KO,,100,71.63
2025-12-02,9:30:03.393963311,T,KO,,100,71.63
2025-12-02,9:30:04.110040688,T,KO,I,50,71.65
2025-12-02,9:30:04.111526453,T,KO,,400,71.68
2025-12-02,9:30:04.111844986,T,KO,,100,71.67
2025-12-02,9:30:04.111863064,T,KO,I,1,71.67
2025-12-02,9:30:04.112094623,T,KO,F I,61,71.68
2025-12-02,9:30:04.112121685,T,KO,I,1,71.68
2025-12-02,9:30:04.131009789,T,KO,F I,7,71.67
2025-12-02,9:30:04.131012719,T,KO,F I,93,71.67
2025-12-02,9:30:04.131042787,T,KO,I,2,71.67
2025-12-02,9:30:04.163532177,T,KO,,227,71.67
2025-12-02,9:30:04.163535134,T,KO,,100,71.67
2025-12-02,9:30:04.785274858,T,KO,,100,71.64
2025-12-02,9:30:04.792892085,T,KO,,318,71.62
2025-12-02,9:30:04.792913081,T,KO,I,82,71.62
2025-12-02,9:30:05.026049383,T,KO,I,1,71.605
2025-12-02,9:30:05.026082367,T,KO,F,100,71.62
2025-12-02,9:30:05.026085391,T,KO,F,237,71.62
2025-12-02,9:30:05.026100422,T,KO,F,465,71.62
2025-12-02,9:30:10.014522243,T,KO,F,100,71.65
2025-12-02,9:30:10.474124967,T,KO,F,300,71.66
2025-12-02,9:30:10.474188044,T,KO,,100,71.67
2025-12-02,9:30:10.504710784,T,KO,F,100,71.67
2025-12-02,9:30:10.504710784,T,KO,F,154,71.67
2025-12-02,9:30:10.504731833,T,KO,I,1,71.67
2025-12-02,9:30:10.504999516,T,KO,I,70,71.67
2025-12-02,9:30:11.037537856,T,KO,F,200,71.665
2025-12-02,9:30:11.037547455,T,KO,,200,71.68
2025-12-02,9:30:11.037561923,T,KO,F,100,71.68
2025-12-02,9:30:11.127611338,T,KO,I,4,71.68
2025-12-02,9:30:11.129843616,T,KO,F,400,71.67
2025-12-02,9:30:11.129845627,T,KO,F,100,71.67
2025-12-02,9:30:11.136133636,T,KO,,100,71.665
2025-12-02,9:30:11.136202794,T,KO,,100,71.665
2025-12-02,9:30:11.136452416,T,KO,F,100,71.67
2025-12-02,9:30:11.137065806,T,KO,,100,71.68
2025-12-02,9:30:11.157956592,T,KO,F I,4,71.67
2025-12-02,9:30:11.164142386,T,KO,F,100,71.67
2025-12-02,9:30:11.199425323,T,KO,,200,71.68
2025-12-02,9:30:11.220953638,T,KO,,100,71.69
2025-12-02,9:30:11.220987634,T,KO,,200,71.69
2025-12-02,9:30:11.220993717,T,KO,,400,71.7
2025-12-02,9:30:11.220996904,T,KO,,100,71.7
2025-12-02,9:30:11.250736755,T,KO,,200,71.69
2025-12-02,9:30:11.250739624,T,KO,I,21,71.7
2025-12-02,9:30:11.250742586,T,KO,,100,71.7
2025-12-02,9:30:11.250745646,T,KO,,400,71.7
2025-12-02,9:30:11.250745646,T,KO,,100,71.7
2025-12-02,9:30:11.264208626,T,KO,F I,7,71.69
2025-12-02,9:30:11.264211705,T,KO,F,400,71.69
2025-12-02,9:30:11.264557534,T,KO,F,100,71.68
2025-12-02,9:30:11.264560492,T,KO,F,150,71.68
2025-12-02,9:30:11.264840183,T,KO,F,250,71.68
2025-12-02,9:30:11.301070426,T,KO,,200,71.675
2025-12-02,9:30:11.301070426,T,KO,I,62,71.68
2025-12-02,9:30:11.313129156,T,KO,,200,71.675
2025-12-02,9:30:11.313132297,T,KO,,100,71.675
2025-12-02,9:30:11.599399710,T,KO,F,100,71.67
2025-12-02,9:30:11.599403056,T,KO,F,400,71.66
2025-12-02,9:30:11.599405565,T,KO,F,100,71.66
2025-12-02,9:30:11.599405565,T,KO,F,100,71.66
2025-12-02,9:30:11.599408046,T,KO,F,322,71.66
2025-12-02,9:30:11.599435224,T,KO,F,200,71.67
2025-12-02,9:30:11.599435224,T,KO,F I,14,71.67
2025-12-02,9:30:11.599453649,T,KO,I,1,71.67
2025-12-02,9:30:11.599459188,T,KO,F I,37,71.67
2025-12-02,9:30:11.599483202,T,KO,,200,71.67
2025-12-02,9:30:11.599495232,T,KO,F I,14,71.67
2025-12-02,9:30:11.599516272,T,KO,F I,24,71.67
2025-12-02,9:30:11.599576453,T,KO,F I,62,71.67
2025-12-02,9:30:11.766224336,T,KO,,200,71.675
2025-12-02,9:30:12.787023570,T,KO,,100,71.67
2025-12-02,9:30:12.787023570,T,KO,,300,71.69
2025-12-02,9:30:12.787026526,T,KO,,100,71.69
2025-12-02,9:30:12.787083734,T,KO,I,30,71.69
2025-12-02,9:30:12.787345326,T,KO,I,70,71.69
2025-12-02,9:30:12.787399706,T,KO,,100,71.68
2025-12-02,9:30:12.789884014,T,KO,I,19,71.68
2025-12-02,9:30:12.789884014,T,KO,I,8,71.68
2025-12-02,9:30:12.789886640,T,KO,I,2,71.68
2025-12-02,9:30:12.789886640,T,KO,I,4,71.68
2025-12-02,9:30:15.665834407,T,KO,,100,71.68
2025-12-02,9:30:15.665837377,T,KO,,200,71.69
2025-12-02,9:30:15.665840711,T,KO,,400,71.7
2025-12-02,9:30:15.665861117,T,KO,F,450,71.7
2025-12-02,9:30:15.665921455,T,KO,,830,71.7
2025-12-02,9:30:15.665957350,T,KO,,100,71.69
2025-12-02,9:30:15.665978311,T,KO,I,1,71.69
2025-12-02,9:30:15.665984356,T,KO,I,1,71.69
2025-12-02,9:30:15.665999417,T,KO,I,98,71.69
2025-12-02,9:30:15.666077831,T,KO,,100,71.69
2025-12-02,9:30:15.666077831,T,KO,,100,71.69
2025-12-02,9:30:15.666080857,T,KO,I,2,71.69
2025-12-02,9:30:15.666080857,T,KO,I,1,71.69
2025-12-02,9:30:15.666083629,T,KO,I,1,71.69
2025-12-02,9:30:15.666086627,T,KO,I,98,71.69
2025-12-02,9:30:15.666179873,T,KO,F I,7,71.69
2025-12-02,9:30:15.666233968,T,KO,,100,71.69
2025-12-02,9:30:16.881945357,T,KO,,100,71.675
2025-12-02,9:30:17.912608150,T,KO,F I,6,71.67
2025-12-02,9:30:17.912671246,T,KO,,100,71.67
2025-12-02,9:30:17.912677752,T,KO,I,94,71.67
2025-12-02,9:30:17.912677752,T,KO,,300,71.67
2025-12-02,9:30:17.912680500,T,KO,,200,71.67
2025-12-02,9:30:17.912680500,T,KO,,354,71.67
2025-12-02,9:30:17.912695452,T,KO,I,1,71.67
2025-12-02,9:30:17.912710831,T,KO,,245,71.67
2025-12-02,9:30:17.912710831,T,KO,I,1,71.67
2025-12-02,9:30:17.912737405,T,KO,I,1,71.67
2025-12-02,9:30:17.912737405,T,KO,,198,71.67
2025-12-02,9:30:17.965837898,T,KO,,100,71.68
2025-12-02,9:30:18.016147752,T,KO,,100,71.68
2025-12-02,9:30:18.070432951,T,KO,,100,71.68
2025-12-02,9:30:18.150207033,T,KO,,100,71.68
2025-12-02,9:30:19.716421283,T,KO,,100,71.69
2025-12-02,9:30:19.738587063,T,KO,,100,71.69
2025-12-02,9:30:20.167396337,T,KO,F,100,71.7
2025-12-02,9:30:20.167408350,T,KO,F,100,71.69
2025-12-02,9:30:20.167703061,T,KO,F,100,71.68
2025-12-02,9:30:20.167787253,T,KO,I,59,71.69
2025-12-02,9:30:20.167787253,T,KO,I,4,71.69
2025-12-02,9:30:20.168316475,T,KO,I,7,71.69
2025-12-02,9:30:20.168338268,T,KO,,200,71.69
2025-12-02,9:30:20.168563092,T,KO,F I,7,71.69
2025-12-02,9:30:24.018199791,T,KO,F,100,71.68
2025-12-02,9:30:24.166774766,T,KO,F I,1,71.67
2025-12-02,9:30:24.166774766,T,KO,F I,31,71.67
2025-12-02,9:30:24.167388319,T,KO,,100,71.67
2025-12-02,9:30:24.167403252,T,KO,I,1,71.67
2025-12-02,9:30:24.167427287,T,KO,I,24,71.67
2025-12-02,9:30:24.167463369,T,KO,F I,1,71.67
2025-12-02,9:30:24.167490528,T,KO,,100,71.67
2025-12-02,9:30:24.167490528,T,KO,,400,71.68
2025-12-02,9:30:24.167562564,T,KO,I,1,71.67
2025-12-02,9:30:24.167629412,T,KO,,400,71.68
2025-12-02,9:30:24.167637826,T,KO,F I,5,71.66
2025-12-02,9:30:24.167683760,T,KO,,400,71.68
2025-12-02,9:30:24.167683760,T,KO,,100,71.68
2025-12-02,9:30:24.167698493,T,KO,,100,71.68
2025-12-02,9:30:24.167712986,T,KO,F I,29,71.67
2025-12-02,9:30:24.167722845,T,KO,F I,71,71.67
2025-12-02,9:30:24.167722845,T,KO,F I,29,71.67
2025-12-02,9:30:24.167725934,T,KO,F I,1,71.68
2025-12-02,9:30:24.167728771,T,KO,F I,71,71.67
2025-12-02,9:30:24.167731185,T,KO,F I,5,71.66
2025-12-02,9:30:24.167803204,T,KO,,100,71.68
2025-12-02,9:30:24.168077140,T,KO,F I,35,71.67
2025-12-02,9:30:24.168146153,T,KO,F,100,71.67
2025-12-02,9:30:24.168149082,T,KO,F,100,71.67
2025-12-02,9:30:24.168152022,T,KO,F,100,71.67
2025-12-02,9:30:24.168164076,T,KO,,300,71.67
2025-12-02,9:30:24.168230233,T,KO,,400,71.67
2025-12-02,9:30:24.168287354,T,KO,F,200,71.67
2025-12-02,9:30:24.168314448,T,KO,,200,71.67
2025-12-02,9:30:24.168434719,T,KO,I,35,71.67
2025-12-02,9:30:24.168636180,T,KO,F,100,71.67
2025-12-02,9:30:24.168684205,T,KO,F,300,71.67
2025-12-02,9:30:24.168711337,T,KO,F I,1,71.67
2025-12-02,9:30:24.169754807,T,KO,F I,85,71.66
2025-12-02,9:30:24.169782086,T,KO,I,1,71.66
2025-12-02,9:30:24.464201148,T,KO,I,50,71.67
2025-12-02,9:30:24.464829828,T,KO,F I,34,71.66
2025-12-02,9:30:24.464829828,T,KO,F,200,71.66
2025-12-02,9:30:24.464832642,T,KO,F I,83,71.65
2025-12-02,9:30:24.465343972,T,KO,,100,71.67
2025-12-02,9:30:24.465346786,T,KO,,100,71.67
2025-12-02,9:30:24.465346786,T,KO,,400,71.67
2025-12-02,9:30:24.465350052,T,KO,,100,71.67
2025-12-02,9:30:25.162665797,T,KO,I,50,71.69
2025-12-02,9:30:25.162668648,T,KO,,350,71.7
2025-12-02,9:30:25.162689666,T,KO,F I,50,71.7
2025-12-02,9:30:25.164524007,T,KO,F I,66,71.72
2025-12-02,9:30:25.164527066,T,KO,F,400,71.72
2025-12-02,9:30:25.171515819,T,KO,I,45,71.72
2025-12-02,9:30:25.171549476,T,KO,F I,55,71.72
2025-12-02,9:30:25.171549476,T,KO,F I,20,71.72
2025-12-02,9:30:25.171551777,T,KO,F I,59,71.72
2025-12-02,9:30:26.049086807,T,KO,,200,71.71
2025-12-02,9:30:29.371730373,T,KO,I,50,71.73
2025-12-02,9:30:29.371733404,T,KO,I,50,71.73
2025-12-02,9:30:29.373029410,T,KO,I,50,71.73
2025-12-02,9:30:29.704776602,T,KO,,100,71.75
2025-12-02,9:30:30.470854139,T,KO,F,100,71.75
2025-12-02,9:30:30.470857807,T,KO,F,100,71.75
2025-12-02,9:30:30.504375279,T,KO,,100,71.74
2025-12-02,9:30:30.504375279,T,KO,,300,71.72
2025-12-02,9:30:30.504396206,T,KO,F,100,71.72
2025-12-02,9:30:30.505395156,T,KO,,100,71.7
2025-12-02,9:30:30.505397472,T,KO,,400,71.7
2025-12-02,9:30:30.509866079,T,KO,,100,71.7
2025-12-02,9:30:30.523449428,T,KO,,100,71.685
2025-12-02,9:30:30.524192115,T,KO,I,50,71.7
2025-12-02,9:30:30.524237498,T,KO,,100,71.69
2025-12-02,9:30:30.524237498,T,KO,I,36,71.69
2025-12-02,9:30:30.524261694,T,KO,I,1,71.69
2025-12-02,9:30:30.524261694,T,KO,I,99,71.69
2025-12-02,9:30:30.524465860,T,KO,,100,71.69
2025-12-02,9:30:30.524532031,T,KO,F,100,71.69
2025-12-02,9:30:30.525130366,T,KO,F,100,71.68
2025-12-02,9:30:30.525133415,T,KO,F,100,71.68
2025-12-02,9:30:30.542337388,T,KO,,100,71.69
2025-12-02,9:30:30.542337388,T,KO,I,31,71.69
2025-12-02,9:30:30.542788433,T,KO,I,28,71.69
2025-12-02,9:30:30.542791440,T,KO,I,72,71.69
2025-12-02,9:30:30.573900565,T,KO,,200,71.695
2025-12-02,9:30:30.927112811,T,KO,F,100,71.7
2025-12-02,9:30:32.125009783,T,KO,F,100,71.7
2025-12-02,9:30:32.982432937,T,KO,,100,71.7
2025-12-02,9:30:33.088937616,T,KO,,100,71.69
2025-12-02,9:30:33.967780819,T,KO,,100,71.68
2025-12-02,9:30:34.203683617,T,KO,,100,71.68
2025-12-02,9:30:35.231910706,T,KO,I,20,71.68
2025-12-02,9:30:35.231937703,T,KO,I,1,71.68
2025-12-02,9:30:35.232130270,T,KO,I,51,71.67
2025-12-02,9:30:37.965980516,T,KO,F,100,71.66
2025-12-02,9:30:37.965983295,T,KO,F,100,71.66
2025-12-02,9:30:38.003813464,T,KO,I,75,71.65
2025-12-02,9:30:38.003843550,T,KO,F I,50,71.65
2025-12-02,9:30:38.005843318,T,KO,,100,71.63
2025-12-02,9:30:38.845798151,T,KO,F,400,71.65
2025-12-02,9:30:38.845801577,T,KO,F,100,71.65
2025-12-02,9:30:38.846074414,T,KO,,100,71.65
2025-12-02,9:30:38.846351298,T,KO,I,90,71.65
2025-12-02,9:30:38.846351298,T,KO,I,10,71.65
2025-12-02,9:30:43.062281350,T,KO,F,100,71.66
2025-12-02,9:30:43.062608936,T,KO,I,22,71.65
2025-12-02,9:30:43.062608936,T,KO,I,90,71.65
2025-12-02,9:30:43.062672864,T,KO,I,53,71.66
2025-12-02,9:30:43.062972880,T,KO,I,3,71.66
2025-12-02,9:30:43.063129233,T,KO,I,30,71.66
2025-12-02,9:30:43.063850906,T,KO,F,100,71.66
2025-12-02,9:30:43.063859902,T,KO,F I,1,71.66
2025-12-02,9:30:43.063871938,T,KO,I,1,71.66
2025-12-02,9:30:43.063877978,T,KO,F,120,71.66
2025-12-02,9:30:43.102075256,T,KO,,100,71.66
2025-12-02,9:30:43.102075256,T,KO,,100,71.65
2025-12-02,9:30:43.102075256,T,KO,,282,71.65
2025-12-02,9:30:43.102092981,T,KO,F,118,71.65
2025-12-02,9:30:44.120188729,T,KO,,100,71.66
2025-12-02,9:30:44.120188729,T,KO,,100,71.66
2025-12-02,9:30:44.267112670,T,KO,,100,71.66
2025-12-02,9:30:44.267112670,T,KO,,200,71.66
2025-12-02,9:30:45.967455365,T,KO,,200,71.66
2025-12-02,9:30:47.984539403,T,KO,,100,71.645
2025-12-02,9:30:49.061743953,T,KO,,100,71.64
2025-12-02,9:30:49.061743953,T,KO,,100,71.64
2025-12-02,9:30:49.061966439,T,KO,I,3,71.64
2025-12-02,9:30:49.061975518,T,KO,I,3,71.64
2025-12-02,9:30:49.061993553,T,KO,I,60,71.64
2025-12-02,9:30:49.062005522,T,KO,I,37,71.64
2025-12-02,9:30:49.072001371,T,KO,,100,71.65
2025-12-02,9:30:53.753846070,T,KO,,100,71.67
2025-12-02,9:30:53.753972329,T,KO,,100,71.67
2025-12-02,9:30:55.140881588,T,KO,F I,13,71.68
2025-12-02,9:30:56.114498420,T,KO,,200,71.69
2025-12-02,9:30:57.715923475,T,KO,,100,71.69
2025-12-02,9:30:58.598300006,T,KO,,100,71.69
2025-12-02,9:30:59.848500565,T,KO,F,100,71.69
2025-12-02,9:31:00.216629166,T,KO,,100,71.695
2025-12-02,9:31:00.216631320,T,KO,,100,71.7
2025-12-02,9:31:00.216634312,T,KO,,200,71.7
2025-12-02,9:31:01.536531911,T,KO,F I,1,71.71
2025-12-02,9:31:01.536534915,T,KO,F I,73,71.71
2025-12-02,9:31:01.536534915,T,KO,F,112,71.71
2025-12-02,9:31:01.536549962,T,KO,F I,73,71.71
2025-12-02,9:31:01.814336610,T,KO,F,100,71.72
2025-12-02,9:31:02.268162451,T,KO,F,100,71.71
2025-12-02,9:31:02.268177842,T,KO,F,100,71.7
2025-12-02,9:31:02.268183523,T,KO,F,400,71.7
2025-12-02,9:31:02.268348950,T,KO,F,400,71.69
2025-12-02,9:31:02.268351886,T,KO,F,100,71.69
2025-12-02,9:31:02.268887833,T,KO,F,400,71.68
2025-12-02,9:31:02.268890239,T,KO,F,100,71.68
2025-12-02,9:31:02.275767581,T,KO,F,100,71.675
2025-12-02,9:31:02.319473641,T,KO,,319,71.64
2025-12-02,9:31:02.319491645,T,KO,I,1,71.64
2025-12-02,9:31:04.723756908,T,KO,I,35,71.66
2025-12-02,9:31:04.723759841,T,KO,I,37,71.66
2025-12-02,9:31:06.738215639,T,KO,F,299,71.69
2025-12-02,9:31:09.872755242,T,KO,,100,71.69
2025-12-02,9:31:11.135390452,T,KO,,100,71.69
2025-12-02,9:31:11.732321102,T,KO,,100,71.69
2025-12-02,9:31:11.743742305,T,KO,F,100,71.69
2025-12-02,9:31:11.743793441,T,KO,F,100,71.68
2025-12-02,9:31:11.743793441,T,KO,F,300,71.67
2025-12-02,9:31:11.743811487,T,KO,I,1,71.67
2025-12-02,9:31:11.744100568,T,KO,I,99,71.67
2025-12-02,9:31:15.165571680,T,KO,I,10,71.64
2025-12-02,9:31:15.165571680,T,KO,I,88,71.64
2025-12-02,9:31:15.165574158,T,KO,,100,71.65
2025-12-02,9:31:15.165577050,T,KO,,400,71.65
2025-12-02,9:31:15.165577050,T,KO,I,2,71.65
2025-12-02,9:31:15.166091276,T,KO,I,12,71.65
2025-12-02,9:31:16.574531787,T,KO,,200,71.65
2025-12-02,9:31:18.066222557,T,KO,,400,71.67
2025-12-02,9:31:18.066240607,T,KO,I,1,71.67
2025-12-02,9:31:18.066493466,T,KO,,100,71.66
2025-12-02,9:31:18.066493466,T,KO,,400,71.66
2025-12-02,9:31:18.066517289,T,KO,I,1,71.66
2025-12-02,9:31:18.066520307,T,KO,I,99,71.66
2025-12-02,9:31:18.066535245,T,KO,F,300,71.67
2025-12-02,9:31:18.066538303,T,KO,F,100,71.67
2025-12-02,9:31:18.081706811,T,KO,F I,38,71.67
2025-12-02,9:31:18.081706811,T,KO,F,100,71.67
2025-12-02,9:31:18.081709938,T,KO,F,400,71.67
2025-12-02,9:31:18.098711966,T,KO,F I,96,71.67
2025-12-02,9:31:18.098711966,T,KO,F I,27,71.67
2025-12-02,9:31:18.105175212,T,KO,F,100,71.68
2025-12-02,9:31:18.105178034,T,KO,F I,72,71.68
2025-12-02,9:31:18.105180843,T,KO,F,100,71.68
2025-12-02,9:31:18.105180843,T,KO,F,400,71.68
2025-12-02,9:31:18.105183378,T,KO,F I,28,71.68
2025-12-02,9:31:18.105655703,T,KO,F I,72,71.68
2025-12-02,9:31:18.636708239,T,KO,F I,90,71.67
2025-12-02,9:31:18.636711588,T,KO,F I,61,71.66
2025-12-02,9:31:18.636711588,T,KO,F,400,71.66
2025-12-02,9:31:18.636714354,T,KO,F,100,71.66
2025-12-02,9:31:18.636724131,T,KO,F,400,71.65
2025-12-02,9:31:18.636729542,T,KO,F,100,71.65
2025-12-02,9:31:18.636729542,T,KO,F,300,71.65
2025-12-02,9:31:18.636733468,T,KO,F,100,71.64
2025-12-02,9:31:18.636736225,T,KO,F,400,71.64
2025-12-02,9:31:18.636736225,T,KO,F,200,71.64
2025-12-02,9:31:18.638043469,T,KO,F I,82,71.63
2025-12-02,9:31:19.447741135,T,KO,F,100,71.63
2025-12-02,9:31:19.447741135,T,KO,F,100,71.62
2025-12-02,9:31:19.447746420,T,KO,F,400,71.62
2025-12-02,9:31:19.447746420,T,KO,F,394,71.61
2025-12-02,9:31:21.024810010,T,KO,F,300,71.63
2025-12-02,9:31:22.041624857,T,KO,F,100,71.63
2025-12-02,9:31:22.041624857,T,KO,F,359,71.62
2025-12-02,9:31:22.041642771,T,KO,F I,41,71.62
2025-12-02,9:31:22.041645804,T,KO,F,400,71.61
2025-12-02,9:31:22.042105841,T,KO,I,36,71.61
2025-12-02,9:31:22.042644143,T,KO,I,34,71.6
2025-12-02,9:31:22.042938862,T,KO,F I,12,71.6
2025-12-02,9:31:22.043627472,T,KO,,100,71.6
2025-12-02,9:31:22.043627472,T,KO,I,94,71.6
2025-12-02,9:31:22.043630475,T,KO,,400,71.6
2025-12-02,9:31:22.043642479,T,KO,F,188,71.6
2025-12-02,9:31:22.043642479,T,KO,F I,6,71.59
2025-12-02,9:31:22.044054456,T,KO,F,100,71.61
2025-12-02,9:31:22.044057487,T,KO,F,196,71.61
2025-12-02,9:31:22.044430369,T,KO,,400,71.6
2025-12-02,9:31:22.044433438,T,KO,,100,71.6
2025-12-02,9:31:22.044497503,T,KO,I,64,71.605
2025-12-02,9:31:22.044497503,T,KO,I,36,71.605
2025-12-02,9:31:22.044499631,T,KO,,341,71.6
2025-12-02,9:31:22.044517602,T,KO,I,29,71.6
2025-12-02,9:31:22.044542325,T,KO,I,1,71.6
2025-12-02,9:31:22.044722233,T,KO,F,100,71.61
2025-12-02,9:31:22.044785197,T,KO,,100,71.61
2025-12-02,9:31:22.044804156,T,KO,F I,2,71.61
2025-12-02,9:31:22.044807021,T,KO,F,100,71.61
2025-12-02,9:31:22.044836360,T,KO,,300,71.61
2025-12-02,9:31:22.045122704,T,KO,I,77,71.61
2025-12-02,9:31:22.045125991,T,KO,I,6,71.61
2025-12-02,9:31:22.045128004,T,KO,,100,71.61
2025-12-02,9:31:22.045128004,T,KO,I,75,71.61
2025-12-02,9:31:22.045185256,T,KO,,100,71.61
2025-12-02,9:31:22.045269377,T,KO,I,2,71.61
2025-12-02,9:31:22.045657264,T,KO,I,97,71.61
2025-12-02,9:31:22.075704936,T,KO,F I,9,71.61
2025-12-02,9:31:24.000586393,T,KO,,200,71.615
2025-12-02,9:31:24.187863409,T,KO,F I,5,71.6
2025-12-02,9:31:24.187863409,T,KO,F,100,71.6
2025-12-02,9:31:28.697728478,T,KO,I,60,71.61
2025-12-02,9:31:28.697761588,T,KO,F I,40,71.61
2025-12-02,9:31:28.697815706,T,KO,,100,71.61
2025-12-02,9:31:28.697836809,T,KO,I,1,71.61
2025-12-02,9:31:28.697993097,T,KO,,199,71.61
2025-12-02,9:31:28.697993097,T,KO,,100,71.61
2025-12-02,9:31:28.698218980,T,KO,F I,34,71.61
2025-12-02,9:31:28.698239930,T,KO,F I,20,71.61
2025-12-02,9:31:28.698273413,T,KO,F I,46,71.61
2025-12-02,9:31:28.698273413,T,KO,F I,6,71.61
2025-12-02,9:31:28.698275858,T,KO,F I,44,71.61
2025-12-02,9:31:28.698290839,T,KO,I,1,71.61
2025-12-02,9:31:28.698305883,T,KO,F I,55,71.61
2025-12-02,9:31:28.742093387,T,KO,F,200,71.62
2025-12-02,9:31:28.742096490,T,KO,F,200,71.62
2025-12-02,9:31:28.742096490,T,KO,F,100,71.62
2025-12-02,9:31:34.010584485,T,KO,F,200,71.59
2025-12-02,9:31:34.010587092,T,KO,F,364,71.58
2025-12-02,9:31:34.010609359,T,KO,I,1,71.58
2025-12-02,9:31:34.010659174,T,KO,F I,7,71.58
2025-12-02,9:31:41.594548484,T,KO,F,400,71.61
2025-12-02,9:31:41.594592830,T,KO,,100,71.6
2025-12-02,9:31:41.594613998,T,KO,I,1,71.6
2025-12-02,9:31:41.594646929,T,KO,I,37,71.6
2025-12-02,9:31:41.594661991,T,KO,,163,71.6
2025-12-02,9:31:41.594695188,T,KO,,100,71.59
2025-12-02,9:31:41.594695188,T,KO,,100,71.59
2025-12-02,9:31:41.594782654,T,KO,F,100,71.59
2025-12-02,9:31:41.594785318,T,KO,F I,2,71.59
2025-12-02,9:31:41.594788451,T,KO,I,81,71.585
2025-12-02,9:31:41.594794930,T,KO,I,74,71.58
2025-12-02,9:31:41.594794930,T,KO,,100,71.58
2025-12-02,9:31:41.594797526,T,KO,I,19,71.58
2025-12-02,9:31:41.594797526,T,KO,I,31,71.59
2025-12-02,9:31:41.594896768,T,KO,F I,67,71.59
2025-12-02,9:31:41.594900734,T,KO,F I,77,71.59
2025-12-02,9:31:41.594900734,T,KO,F I,77,71.59
2025-12-02,9:31:41.595092806,T,KO,I,3,71.58
2025-12-02,9:31:41.595094970,T,KO,,100,71.58
2025-12-02,9:31:41.595158141,T,KO,F I,23,71.58
2025-12-02,9:31:41.595158141,T,KO,F I,13,71.58
2025-12-02,9:31:41.595185754,T,KO,F I,3,71.59
2025-12-02,9:31:41.595242310,T,KO,,100,71.58
2025-12-02,9:31:41.595308997,T,KO,,100,71.58
2025-12-02,9:31:41.595308997,T,KO,I,36,71.58
2025-12-02,9:31:41.595311541,T,KO,,100,71.58
2025-12-02,9:31:41.595356834,T,KO,,100,71.58
2025-12-02,9:31:41.595383634,T,KO,I,2,71.58
2025-12-02,9:31:41.595444145,T,KO,I,98,71.58
2025-12-02,9:31:41.595741519,T,KO,F I,98,71.58
2025-12-02,9:31:41.614549245,T,KO,F,100,71.59
2025-12-02,9:31:41.614549245,T,KO,F,100,71.59
2025-12-02,9:31:41.614569429,T,KO,I,1,71.59
2025-12-02,9:31:41.614638564,T,KO,F,100,71.59
2025-12-02,9:31:41.614813587,T,KO,F,100,71.59
2025-12-02,9:31:41.614816024,T,KO,F,100,71.59
2025-12-02,9:31:41.614819343,T,KO,F,100,71.59
2025-12-02,9:31:41.614819343,T,KO,F,100,71.59
2025-12-02,9:31:42.104703759,T,KO,F I,69,71.58
2025-12-02,9:31:42.104712815,T,KO,I,69,71.58
2025-12-02,9:31:42.104721735,T,KO,I,31,71.58
2025-12-02,9:31:42.116828596,T,KO,F,109,71.57
2025-12-02,9:31:44.000421794,T,KO,,220,71.55
2025-12-02,9:31:44.001396151,T,KO,F I,34,71.54
2025-12-02,9:31:44.010204079,T,KO,,100,71.54
2025-12-02,9:31:44.056794116,T,KO,F,200,71.54
2025-12-02,9:31:45.001190304,T,KO,F,200,71.54
2025-12-02,9:31:45.184804782,T,KO,,100,71.55
2025-12-02,9:31:45.218764534,T,KO,F I,95,71.56
2025-12-02,9:31:48.444105377,T,KO,F I,10,71.57
2025-12-02,9:31:48.444231830,T,KO,F I,2,71.57
2025-12-02,9:31:48.444231830,T,KO,F,323,71.56
2025-12-02,9:31:48.549792187,T,KO,F,100,71.54
2025-12-02,9:31:49.529456394,T,KO,,100,71.54
2025-12-02,9:31:49.533513121,T,KO,,100,71.54
2025-12-02,9:31:49.533513121,T,KO,I,4,71.54
2025-12-02,9:31:50.133626199,T,KO,,651,71.55
2025-12-02,9:31:50.133626199,T,KO,I,13,71.55
2025-12-02,9:31:50.133628408,T,KO,I,5,71.55
2025-12-02,9:31:50.133631683,T,KO,I,17,71.55
2025-12-02,9:31:50.133631683,T,KO,I,14,71.55
2025-12-02,9:31:50.133643692,T,KO,I,1,71.55
2025-12-02,9:31:50.133643692,T,KO,F I,2,71.55
2025-12-02,9:31:50.133661970,T,KO,I,92,71.56
2025-12-02,9:31:50.133664927,T,KO,,100,71.56
2025-12-02,9:31:50.133667458,T,KO,,400,71.56
2025-12-02,9:31:50.133667458,T,KO,I,1,71.56
2025-12-02,9:31:50.151800673,T,KO,F,200,71.57
2025-12-02,9:31:50.162091332,T,KO,F,100,71.58
2025-12-02,9:31:50.162094308,T,KO,F,100,71.58
2025-12-02,9:31:50.162094308,T,KO,F,200,71.58
2025-12-02,9:31:50.162187394,T,KO,F,100,71.58
2025-12-02,9:31:50.163432349,T,KO,F I,96,71.58
2025-12-02,9:31:50.170800018,T,KO,F,100,71.575
2025-12-02,9:31:50.170814938,T,KO,F I,27,71.58
2025-12-02,9:31:50.181370142,T,KO,F,100,71.575
2025-12-02,9:31:50.191047121,T,KO,F,100,71.58
2025-12-02,9:31:50.191092937,T,KO,I,25,71.58
2025-12-02,9:31:58.995753786,T,KO,F,100,71.55
2025-12-02,9:31:58.995756535,T,KO,F,100,71.54
2025-12-02,9:31:58.995760256,T,KO,F,180,71.54
2025-12-02,9:31:58.995760256,T,KO,F I,10,71.53
2025-12-02,9:31:58.995762432,T,KO,F,100,71.53
2025-12-02,9:31:58.995765334,T,KO,F,366,71.53
2025-12-02,9:31:58.995777773,T,KO,I,1,71.53
2025-12-02,9:31:58.995777773,T,KO,I,26,71.53
2025-12-02,9:31:58.995786783,T,KO,F,258,71.55
2025-12-02,9:31:58.996814783,T,KO,F,100,71.54
2025-12-02,9:31:58.996814783,T,KO,F,223,71.54
2025-12-02,9:31:58.996817849,T,KO,F I,7,71.53
2025-12-02,9:31:59.010341164,T,KO,F I,25,71.54
2025-12-02,9:31:59.010344084,T,KO,F I,75,71.54
2025-12-02,9:31:59.010362087,T,KO,I,1,71.54
2025-12-02,9:31:59.010365141,T,KO,F I,24,71.54
2025-12-02,9:31:59.010771737,T,KO,F I,2,71.54
2025-12-02,9:31:59.010771737,T,KO,F,100,71.53
2025-12-02,9:31:59.010774079,T,KO,F I,74,71.53
2025-12-02,9:31:59.010810107,T,KO,F I,34,71.53
2025-12-02,9:31:59.010841007,T,KO,F I,66,71.53
2025-12-02,9:31:59.010843194,T,KO,F I,2,71.53
2025-12-02,9:31:59.011354493,T,KO,F I,2,71.53
2025-12-02,9:31:59.011354493,T,KO,F I,34,71.53
2025-12-02,9:31:59.011357513,T,KO,F I,66,71.53
2025-12-02,9:31:59.012049377,T,KO,F,200,71.53
2025-12-02,9:31:59.012403922,T,KO,F,100,71.53
2025-12-02,9:31:59.012972273,T,KO,F,100,71.53
2025-12-02,9:31:59.020598766,T,KO,F,100,71.54
2025-12-02,9:31:59.020601498,T,KO,F,100,71.54
2025-12-02,9:31:59.020601498,T,KO,F,100,71.54
2025-12-02,9:31:59.836706532,T,KO,F,100,71.52
2025-12-02,9:31:59.836709546,T,KO,F,400,71.52
2025-12-02,9:31:59.836713369,T,KO,F,400,71.51
2025-12-02,9:31:59.836715322,T,KO,F I,43,71.51
2025-12-02,9:31:59.837455157,T,KO,F I,20,71.51
2025-12-02,9:31:59.837861043,T,KO,F,222,71.52
2025-12-02,9:31:59.838342285,T,KO,I,19,71.52
2025-12-02,9:31:59.839542080,T,KO,F,100,71.53
2025-12-02,9:31:59.857085908,T,KO,F,100,71.54
2025-12-02,9:32:00.145647100,T,KO,,100,71.56
2025-12-02,9:32:00.669518810,T,KO,I,3,71.56
2025-12-02,9:32:01.936156539,T,KO,F,100,71.57
2025-12-02,9:32:01.936171914,T,KO,I,1,71.57
2025-12-02,9:32:01.936971466,T,KO,F,100,71.58
2025-12-02,9:32:01.936981179,T,KO,F,100,71.58
2025-12-02,9:32:01.956040204,T,KO,F I,5,71.59
2025-12-02,9:32:01.966047720,T,KO,F,100,71.6
2025-12-02,9:32:02.249009816,T,KO,F,100,71.59
2025-12-02,9:32:02.249009816,T,KO,F,100,71.59
2025-12-02,9:32:02.249045684,T,KO,,100,71.58
2025-12-02,9:32:03.520525240,T,KO,,200,71.59
2025-12-02,9:32:05.065109811,T,KO,F,100,71.59
2025-12-02,9:32:05.065109811,T,KO,F,167,71.58
2025-12-02,9:32:05.065114931,T,KO,F I,11,71.58
2025-12-02,9:32:05.065114931,T,KO,F I,19,71.58
2025-12-02,9:32:05.065118387,T,KO,F,100,71.58
2025-12-02,9:32:05.065118387,T,KO,F,190,71.58
2025-12-02,9:32:05.065123821,T,KO,F I,25,71.56
2025-12-02,9:32:05.065123821,T,KO,F I,35,71.56
2025-12-02,9:32:05.065208017,T,KO,I,60,71.58
2025-12-02,9:32:05.065394404,T,KO,F I,40,71.58
2025-12-02,9:32:05.173059858,T,KO,F,100,71.59
2025-12-02,9:32:05.178250732,T,KO,F I,3,71.59
2025-12-02,9:32:05.178253279,T,KO,F,100,71.59
2025-12-02,9:32:05.178256187,T,KO,F,100,71.59
2025-12-02,9:32:06.422419035,T,KO,F,100,71.58
2025-12-02,9:32:06.422419035,T,KO,F,100,71.57
2025-12-02,9:32:06.422425164,T,KO,F,100,71.56
2025-12-02,9:32:06.422425164,T,KO,F I,25,71.56
2025-12-02,9:32:06.422430679,T,KO,F,100,71.55
2025-12-02,9:32:06.422430679,T,KO,F I,25,71.55
2025-12-02,9:32:06.422433762,T,KO,F,100,71.55
2025-12-02,9:32:07.863706141,T,KO,F,100,71.58
2025-12-02,9:32:07.863706141,T,KO,F I,2,71.57
2025-12-02,9:32:07.863712256,T,KO,F I,35,71.57
2025-12-02,9:32:07.863712256,T,KO,F I,65,71.57
2025-12-02,9:32:07.863715162,T,KO,F I,26,71.57
2025-12-02,9:32:07.863730187,T,KO,I,1,71.57
2025-12-02,9:32:07.863799363,T,KO,,103,71.57
2025-12-02,9:32:07.863802374,T,KO,,399,71.57
2025-12-02,9:32:07.863805330,T,KO,I,35,71.57
2025-12-02,9:32:09.026957534,T,KO,F,400,71.58
2025-12-02,9:32:09.026957534,T,KO,F I,25,71.58
2025-12-02,9:32:10.968420629,T,KO,,400,71.61
2025-12-02,9:32:10.968423708,T,KO,,100,71.61
2025-12-02,9:32:19.193198410,T,KO,,100,71.6
2025-12-02,9:32:19.193201448,T,KO,,100,71.6
2025-12-02,9:32:19.193201448,T,KO,I,14,71.6
2025-12-02,9:32:19.193502096,T,KO,F,100,71.59
2025-12-02,9:32:28.607814442,T,KO,I,10,71.59
2025-12-02,9:32:28.607817119,T,KO,,100,71.59
2025-12-02,9:32:28.607838233,T,KO,I,1,71.59
2025-12-02,9:32:28.761293726,T,KO,,100,71.6
2025-12-02,9:32:28.988238212,T,KO,F I,4,71.59
2025-12-02,9:32:29.909849232,T,KO,,100,71.55
2025-12-02,9:32:31.227912487,T,KO,F I,1,71.54
2025-12-02,9:32:31.711575334,T,KO,,110,71.53
2025-12-02,9:32:33.072917686,T,KO,F I,5,71.52
2025-12-02,9:32:33.073516398,T,KO,F,102,71.53
2025-12-02,9:32:33.073519390,T,KO,F,100,71.53
2025-12-02,9:32:33.073525066,T,KO,F I,36,71.53
2025-12-02,9:32:33.073546278,T,KO,,100,71.515
2025-12-02,9:32:33.073549884,T,KO,,149,71.515
2025-12-02,9:32:33.073552138,T,KO,,151,71.515
2025-12-02,9:32:33.073555232,T,KO,I,77,71.51
2025-12-02,9:32:33.073555232,T,KO,I,9,71.51
2025-12-02,9:32:33.073573246,T,KO,I,1,71.52
2025-12-02,9:32:33.073624317,T,KO,I,77,71.53
2025-12-02,9:32:33.073663457,T,KO,F I,23,71.53
2025-12-02,9:32:33.073822973,T,KO,,101,71.52
2025-12-02,9:32:33.073826010,T,KO,,100,71.52
2025-12-02,9:32:33.073826010,T,KO,I,56,71.52
2025-12-02,9:32:33.073828863,T,KO,I,73,71.52
2025-12-02,9:32:33.073832648,T,KO,F,100,71.53
2025-12-02,9:32:33.073895744,T,KO,F I,68,71.53
2025-12-02,9:32:33.073901383,T,KO,I,32,71.53
2025-12-02,9:32:33.074060442,T,KO,F I,3,71.53
2025-12-02,9:32:33.074120518,T,KO,,100,71.53
2025-12-02,9:32:33.074138581,T,KO,F I,3,71.53
2025-12-02,9:32:33.074153654,T,KO,F I,97,71.53
2025-12-02,9:32:33.074234835,T,KO,F I,29,71.53
2025-12-02,9:32:33.074238004,T,KO,I,71,71.53
2025-12-02,9:32:33.075338784,T,KO,,100,71.53
2025-12-02,9:32:33.075338784,T,KO,,100,71.53
2025-12-02,9:32:33.076409008,T,KO,F I,78,71.54
2025-12-02,9:32:33.076415015,T,KO,F,100,71.54
2025-12-02,9:32:33.076415015,T,KO,F,100,71.54
2025-12-02,9:32:33.076415015,T,KO,F,100,71.54
2025-12-02,9:32:34.295951566,T,KO,,100,71.55
2025-12-02,9:32:34.314111929,T,KO,,100,71.55
2025-12-02,9:32:34.332266106,T,KO,,100,71.55
2025-12-02,9:32:34.566605161,T,KO,F I,1,71.55
2025-12-02,9:32:35.114753789,T,KO,,200,71.545
2025-12-02,9:32:38.104940547,T,KO,F I,1,71.52
2025-12-02,9:32:38.104943507,T,KO,F,112,71.52
2025-12-02,9:32:38.173001540,T,KO,I,6,71.53
2025-12-02,9:32:38.173480051,T,KO,I,67,71.53
2025-12-02,9:32:38.173482913,T,KO,,100,71.53
2025-12-02,9:32:39.876628282,T,KO,F I,73,71.51
2025-12-02,9:32:39.876628282,T,KO,F,100,71.51
2025-12-02,9:32:39.876652249,T,KO,I,1,71.51
2025-12-02,9:32:39.876655193,T,KO,I,20,71.51
2025-12-02,9:32:39.877212841,T,KO,F,100,71.52
2025-12-02,9:32:39.877212841,T,KO,F I,73,71.52
2025-12-02,9:32:39.877214482,T,KO,F I,73,71.52
2025-12-02,9:32:39.877217912,T,KO,F,165,71.52
2025-12-02,9:32:39.877220579,T,KO,F,400,71.52
2025-12-02,9:32:39.877220579,T,KO,F,100,71.52
2025-12-02,9:32:39.877235804,T,KO,I,1,71.52
2025-12-02,9:32:39.905166044,T,KO,F I,90,71.52
2025-12-02,9:32:39.905166044,T,KO,F I,58,71.52
2025-12-02,9:32:40.163583470,T,KO,,100,71.525
2025-12-02,9:32:41.091320123,T,KO,I,83,71.51
2025-12-02,9:32:41.091747863,T,KO,F I,1,71.5
2025-12-02,9:32:41.091753351,T,KO,F I,1,71.5
2025-12-02,9:32:41.091763172,T,KO,F I,1,71.5
2025-12-02,9:32:41.091763172,T,KO,F,400,71.5
2025-12-02,9:32:41.095779598,T,KO,,100,71.5
2025-12-02,9:32:41.118805499,T,KO,F I,45,71.48
2025-12-02,9:32:43.593901360,T,KO,F,300,71.48
2025-12-02,9:32:45.674199035,T,KO,I,1,71.485
2025-12-02,9:32:48.833075856,T,KO,F,200,71.5
2025-12-02,9:32:48.833075856,T,KO,F,100,71.5
2025-12-02,9:32:49.217625397,T,KO,,100,71.5
2025-12-02,9:32:49.848801641,T,KO,F I,1,71.51
2025-12-02,9:32:49.869121049,T,KO,,100,71.515
2025-12-02,9:32:51.387307745,T,KO,,100,71.515
2025-12-02,9:32:51.607792982,T,KO,F I,52,71.5
2025-12-02,9:32:56.802302199,T,KO,,100,71.53
2025-12-02,9:32:56.802322707,T,KO,I,1,71.53
2025-12-02,9:32:57.499274618,T,KO,F,100,71.53
2025-12-02,9:32:57.499277628,T,KO,F I,17,71.52
2025-12-02,9:32:57.499509230,T,KO,,110,71.53
2025-12-02,9:32:57.499509230,T,KO,,100,71.53
2025-12-02,9:32:57.499566677,T,KO,F I,2,71.53
2025-12-02,9:32:57.499990937,T,KO,I,98,71.53
2025-12-02,9:32:57.499993347,T,KO,I,2,71.53
2025-12-02,9:32:57.499996317,T,KO,F,108,71.53
2025-12-02,9:32:57.500179906,T,KO,,100,71.53
2025-12-02,9:32:57.500239986,T,KO,,100,71.52
2025-12-02,9:33:00.144393056,T,KO,,100,71.54
2025-12-02,9:33:00.144393056,T,KO,I,1,71.53
2025-12-02,9:33:00.144395740,T,KO,I,4,71.53
2025-12-02,9:33:00.144398413,T,KO,I,39,71.53
2025-12-02,9:33:00.827105316,T,KO,F I,55,71.53
2025-12-02,9:33:00.827141439,T,KO,F I,20,71.53
2025-12-02,9:33:00.829667425,T,KO,F I,1,71.52
2025-12-02,9:33:05.137075934,T,KO,F I,2,71.5
2025-12-02,9:33:05.408958821,T,KO,I,10,71.5
2025-12-02,9:33:05.409485095,T,KO,F,100,71.5
2025-12-02,9:33:06.263164271,T,KO,I,3,71.51
2025-12-02,9:33:07.994748380,T,KO,I,7,71.51
2025-12-02,9:33:07.994748380,T,KO,I,50,71.51
2025-12-02,9:33:08.670124228,T,KO,F,100,71.525
2025-12-02,9:33:08.670124228,T,KO,F,100,71.52
2025-12-02,9:33:08.670127069,T,KO,F,100,71.52
2025-12-02,9:33:08.670129969,T,KO,F,212,71.52
2025-12-02,9:33:14.238711492,T,KO,I,4,71.505
2025-12-02,9:33:15.144967908,T,KO,F I,5,71.505
2025-12-02,9:33:15.371650952,T,KO,I,5,71.5
2025-12-02,9:33:18.071682415,T,KO,,100,71.505
2025-12-02,9:33:18.071685458,T,KO,,100,71.5
2025-12-02,9:33:23.698467760,T,KO,F,101,71.5
2025-12-02,9:33:23.713954604,T,KO,,100,71.5
2025-12-02,9:33:23.863121904,T,KO,,100,71.5
2025-12-02,9:33:24.311059826,T,KO,,100,71.49
2025-12-02,9:33:25.161816732,T,KO,F I,65,71.5
2025-12-02,9:33:25.161822009,T,KO,I,35,71.5
2025-12-02,9:33:25.161933270,T,KO,,100,71.5
2025-12-02,9:33:25.166982709,T,KO,F I,67,71.49
2025-12-02,9:33:25.166982709,T,KO,F I,2,71.49
2025-12-02,9:33:25.789726499,T,KO,,200,71.48
2025-12-02,9:33:25.789861792,T,KO,F,350,71.48
2025-12-02,9:33:25.789933995,T,KO,,150,71.48
2025-12-02,9:33:25.790274939,T,KO,I,67,71.48
2025-12-02,9:33:25.790276797,T,KO,,650,71.48
2025-12-02,9:33:30.118734931,T,KO,F I,2,71.48
2025-12-02,9:33:32.467304465,T,KO,,200,71.475
2025-12-02,9:33:33.275386086,T,KO,F,200,71.48
2025-12-02,9:33:34.265888122,T,KO,I,2,71.48
2025-12-02,9:33:39.149146735,T,KO,F I,1,71.47
2025-12-02,9:33:41.069872372,T,KO,,100,71.465
2025-12-02,9:33:41.069872372,T,KO,I,9,71.465
2025-12-02,9:33:43.999146032,T,KO,F I,11,71.43
2025-12-02,9:33:43.999182103,T,KO,F I,50,71.43
2025-12-02,9:33:43.999215942,T,KO,F I,38,71.43
2025-12-02,9:33:43.999233195,T,KO,F I,62,71.43
2025-12-02,9:33:43.999233195,T,KO,F I,3,71.43
2025-12-02,9:33:44.106919711,T,KO,I,10,71.43
2025-12-02,9:33:44.397062949,T,KO,I,90,71.43
2025-12-02,9:33:44.397062949,T,KO,I,83,71.42
2025-12-02,9:33:44.397817588,T,KO,I,70,71.41
2025-12-02,9:33:44.397820630,T,KO,,152,71.41
2025-12-02,9:33:44.397992264,T,KO,,100,71.41
2025-12-02,9:33:44.397995016,T,KO,,100,71.41
2025-12-02,9:33:44.397998027,T,KO,,100,71.41
2025-12-02,9:33:44.398016108,T,KO,I,1,71.41
2025-12-02,9:33:44.398031158,T,KO,F,238,71.41
2025-12-02,9:33:44.398392402,T,KO,,400,71.42
2025-12-02,9:33:44.398395689,T,KO,,100,71.42
2025-12-02,9:33:44.440621604,T,KO,,100,71.41
2025-12-02,9:33:45.195701849,T,KO,I,10,71.43
2025-12-02,9:33:45.195701849,T,KO,I,30,71.43
2025-12-02,9:33:51.012028708,T,KO,I,2,71.44
2025-12-02,9:33:51.012368538,T,KO,I,8,71.44
2025-12-02,9:33:51.949493470,T,KO,,100,71.43
2025-12-02,9:33:57.574077541,T,KO,,100,71.43
2025-12-02,9:33:57.911195341,T,KO,,100,71.43
2025-12-02,9:33:59.783451546,T,KO,F,100,71.43
2025-12-02,9:34:00.290907195,T,KO,,100,71.43
2025-12-02,9:34:00.412149873,T,KO,,100,71.43
2025-12-02,9:34:05.671652305,T,KO,F,100,71.42
2025-12-02,9:34:05.712441442,T,KO,,100,71.43
2025-12-02,9:34:07.707576875,T,KO,I,42,71.43
2025-12-02,9:34:07.707576875,T,KO,,100,71.43
2025-12-02,9:34:07.708087518,T,KO,,100,71.43
2025-12-02,9:34:07.708108840,T,KO,I,1,71.43
2025-12-02,9:34:09.213638271,T,KO,F I,36,71.43
2025-12-02,9:34:09.214973431,T,KO,,100,71.43
2025-12-02,9:34:09.214997496,T,KO,I,1,71.43
2025-12-02,9:34:09.215214001,T,KO,F,100,71.43
2025-12-02,9:34:09.215256021,T,KO,,100,71.43
2025-12-02,9:34:09.215256021,T,KO,I,3,71.43
2025-12-02,9:34:10.652114299,T,KO,I,5,71.44
2025-12-02,9:34:11.898883633,T,KO,,100,71.465
2025-12-02,9:34:12.679091815,T,KO,,100,71.46
2025-12-02,9:34:13.502669312,T,KO,F,100,71.46
2025-12-02,9:34:15.707021386,T,KO,,116,71.48
2025-12-02,9:34:22.738196524,T,KO,F I,2,71.5
2025-12-02,9:34:25.654145364,T,KO,I,4,71.48
2025-12-02,9:34:28.843060258,T,KO,I,2,71.49
2025-12-02,9:34:28.849991794,T,KO,,100,71.49
2025-12-02,9:34:30.671766743,T,KO,I,5,71.495
2025-12-02,9:34:31.270640068,T,KO,I,42,71.495
2025-12-02,9:34:37.187568228,T,KO,I,40,71.48
2025-12-02,9:34:39.868549443,T,KO,,100,71.49
2025-12-02,9:34:45.398825835,T,KO,,136,71.46
2025-12-02,9:34:45.398825835,T,KO,I,7,71.46
2025-12-02,9:34:45.398828875,T,KO,I,59,71.46
2025-12-02,9:34:45.398831892,T,KO,I,50,71.46
2025-12-02,9:34:45.399463439,T,KO,,400,71.45
2025-12-02,9:34:45.445472981,T,KO,I,38,71.45
2025-12-02,9:34:46.601946375,T,KO,,100,71.45
2025-12-02,9:34:46.640756763,T,KO,,100,71.45
2025-12-02,9:34:49.008617300,T,KO,,100,71.45
2025-12-02,9:34:50.354027661,T,KO,F I,10,71.45
2025-12-02,9:34:50.354030738,T,KO,F I,4,71.45
2025-12-02,9:34:54.666671039,T,KO,I,69,71.44
2025-12-02,9:34:54.666674158,T,KO,I,30,71.44
2025-12-02,9:34:54.666677107,T,KO,,218,71.44
2025-12-02,9:34:54.991913679,T,KO,,100,71.43
2025-12-02,9:34:55.007250243,T,KO,,100,71.425
2025-12-02,9:34:55.666203625,T,KO,,315,71.43
2025-12-02,9:34:55.676142285,T,KO,I,5,71.43
2025-12-02,9:34:59.106066411,T,KO,I,20,71.42
2025-12-02,9:34:59.106069363,T,KO,I,45,71.42
2025-12-02,9:34:59.875241265,T,KO,I,12,71.41
2025-12-02,9:34:59.875283414,T,KO,F I,88,71.41
2025-12-02,9:34:59.875524153,T,KO,F I,4,71.4
2025-12-02,9:34:59.875527017,T,KO,F I,84,71.4
2025-12-02,9:34:59.875527017,T,KO,F I,1,71.4
2025-12-02,9:34:59.875545002,T,KO,I,82,71.4
2025-12-02,9:34:59.875545002,T,KO,I,1,71.4
2025-12-02,9:34:59.876189863,T,KO,,100,71.4
2025-12-02,9:34:59.876189863,T,KO,I,81,71.41
2025-12-02,9:34:59.876194543,T,KO,,102,71.41
2025-12-02,9:34:59.876194543,T,KO,,113,71.41
2025-12-02,9:34:59.876197545,T,KO,,300,71.41
2025-12-02,9:34:59.876209650,T,KO,I,1,71.41
2025-12-02,9:34:59.876227668,T,KO,F I,99,71.41
2025-12-02,9:34:59.876838119,T,KO,,100,71.41
2025-12-02,9:34:59.876838119,T,KO,,189,71.41
2025-12-02,9:34:59.877106593,T,KO,I,13,71.41
2025-12-02,9:34:59.877108890,T,KO,,113,71.41
2025-12-02,9:34:59.877115047,T,KO,,100,71.41
2025-12-02,9:34:59.877115047,T,KO,I,81,71.41
2025-12-02,9:35:00.106985286,T,KO,F,100,71.41
2025-12-02,9:35:00.964011535,T,KO,F,100,71.42
2025-12-02,9:35:00.964011535,T,KO,F I,2,71.42
2025-12-02,9:35:02.095414163,T,KO,,100,71.42
2025-12-02,9:35:03.611210264,T,KO,F,100,71.425
2025-12-02,9:35:04.757005171,T,KO,,100,71.425
2025-12-02,9:35:05.223803882,T,KO,,100,71.425
2025-12-02,9:35:10.122513170,T,KO,I,29,71.425
2025-12-02,9:35:10.123270914,T,KO,F,100,71.42
2025-12-02,9:35:10.123270914,T,KO,F I,5,71.42
2025-12-02,9:35:10.175027264,T,KO,F I,1,71.4
2025-12-02,9:35:10.175466693,T,KO,,100,71.4
2025-12-02,9:35:12.059218856,T,KO,F I,38,71.39
2025-12-02,9:35:16.924425294,T,KO,F,100,71.4
2025-12-02,9:35:20.680533243,T,KO,I,6,71.41
2025-12-02,9:35:22.634332164,T,KO,,100,71.415
2025-12-02,9:35:23.717535496,T,KO,F I,6,71.41
2025-12-02,9:35:23.725405223,T,KO,F,100,71.41
2025-12-02,9:35:26.646776640,T,KO,F,113,71.4
2025-12-02,9:35:26.646776640,T,KO,F I,10,71.4
2025-12-02,9:35:26.646776640,T,KO,F I,82,71.4
2025-12-02,9:35:26.886882822,T,KO,,400,71.38
2025-12-02,9:35:27.363978223,T,KO,I,95,71.39
2025-12-02,9:35:28.305201882,T,KO,I,2,71.4
2025-12-02,9:35:31.013061223,T,KO,I,5,71.405
2025-12-02,9:35:31.823085485,T,KO,F I,2,71.41
2025-12-02,9:35:31.823407222,T,KO,F I,2,71.42
2025-12-02,9:35:32.123281410,T,KO,F,200,71.43
2025-12-02,9:35:32.123281410,T,KO,F,200,71.43
2025-12-02,9:35:32.125118921,T,KO,I,5,71.44
2025-12-02,9:35:32.130808293,T,KO,I,95,71.44
2025-12-02,9:35:35.104970198,T,KO,F I,86,71.44
2025-12-02,9:35:37.562506943,T,KO,F I,1,71.43
2025-12-02,9:35:43.040314361,T,KO,F I,2,71.43
2025-12-02,9:35:43.040317442,T,KO,F,200,71.43
2025-12-02,9:35:43.041406722,T,KO,I,20,71.42
2025-12-02,9:35:43.041409040,T,KO,I,20,71.42
2025-12-02,9:35:43.041850982,T,KO,F I,41,71.42
2025-12-02,9:35:43.042046446,T,KO,I,77,71.43
2025-12-02,9:35:43.042050484,T,KO,,100,71.43
2025-12-02,9:35:50.150478662,T,KO,,100,71.45
2025-12-02,9:35:50.176713102,T,KO,,100,71.445
2025-12-02,9:35:50.196993478,T,KO,I,99,71.45
2025-12-02,9:35:50.197017486,T,KO,I,1,71.45
2025-12-02,9:35:50.197378407,T,KO,I,3,71.45
2025-12-02,9:35:50.348972363,T,KO,,100,71.45
2025-12-02,9:35:50.363614254,T,KO,F I,77,71.45
2025-12-02,9:35:52.416600765,T,KO,,100,71.46
2025-12-02,9:35:53.218866529,T,KO,,195,71.45
2025-12-02,9:35:53.525260430,T,KO,I,78,71.45
2025-12-02,9:35:57.255145786,T,KO,F I,25,71.45
2025-12-02,9:35:58.619898222,T,KO,,100,71.44
2025-12-02,9:35:58.619919569,T,KO,I,1,71.44
2025-12-02,9:35:58.619922476,T,KO,I,88,71.44
2025-12-02,9:35:58.619955267,T,KO,I,11,71.44
2025-12-02,9:35:58.619976287,T,KO,,100,71.44
2025-12-02,9:35:58.619979362,T,KO,I,10,71.44
2025-12-02,9:35:58.619979362,T,KO,I,90,71.44
2025-12-02,9:36:00.684928579,T,KO,F,100,71.44
2025-12-02,9:36:00.684928579,T,KO,F I,2,71.44
2025-12-02,9:36:01.577129364,T,KO,F I,6,71.44
2025-12-02,9:36:05.190815021,T,KO,I,32,71.44
2025-12-02,9:36:05.190818037,T,KO,I,68,71.45
2025-12-02,9:36:07.367321188,T,KO,,100,71.45
2025-12-02,9:36:07.367321188,T,KO,,100,71.45
2025-12-02,9:36:07.370177633,T,KO,,100,71.45
2025-12-02,9:36:07.376110745,T,KO,F I,1,71.45
2025-12-02,9:36:07.423052529,T,KO,,100,71.445
2025-12-02,9:36:11.341129830,T,KO,F I,5,71.45
2025-12-02,9:36:12.718000446,T,KO,F I,1,71.45
2025-12-02,9:36:12.718668079,T,KO,F I,5,71.44
2025-12-02,9:36:12.718671051,T,KO,F I,40,71.44
2025-12-02,9:36:14.131144233,T,KO,,100,71.445
2025-12-02,9:36:17.491876380,T,KO,I,77,71.43
2025-12-02,9:36:17.491894511,T,KO,I,77,71.43
2025-12-02,9:36:17.491897465,T,KO,I,69,71.43
2025-12-02,9:36:17.492231195,T,KO,,177,71.43
2025-12-02,9:36:17.492231195,T,KO,,146,71.43
2025-12-02,9:36:17.492249691,T,KO,I,1,71.43
2025-12-02,9:36:19.394637137,T,KO,F I,2,71.42
2025-12-02,9:36:20.807281709,T,KO,,100,71.395
2025-12-02,9:36:20.807284679,T,KO,I,20,71.39
2025-12-02,9:36:20.807284679,T,KO,,300,71.39
2025-12-02,9:36:20.807300200,T,KO,I,1,71.39
2025-12-02,9:36:20.807302648,T,KO,I,99,71.39
2025-12-02,9:36:20.833428951,T,KO,I,5,71.385
2025-12-02,9:36:20.843638335,T,KO,I,95,71.385
2025-12-02,9:36:20.843638335,T,KO,,305,71.38
2025-12-02,9:36:20.843656357,T,KO,I,95,71.38
2025-12-02,9:36:21.805301643,T,KO,I,1,71.38
2025-12-02,9:36:21.805530223,T,KO,F I,1,71.38
2025-12-02,9:36:25.644680918,T,KO,F,100,71.39
2025-12-02,9:36:30.741460047,T,KO,I,5,71.4
2025-12-02,9:36:36.129088597,T,KO,F,100,71.43
2025-12-02,9:36:40.757442059,T,KO,I,6,71.43
2025-12-02,9:36:45.019297573,T,KO,I,5,71.44
2025-12-02,9:36:47.730951880,T,KO,I,19,71.45
2025-12-02,9:36:47.730966888,T,KO,I,19,71.45
2025-12-02,9:36:49.054461096,T,KO,,182,71.45
2025-12-02,9:36:49.054479152,T,KO,I,1,71.45
2025-12-02,9:36:53.165880366,T,KO,I,8,71.45
2025-12-02,9:36:53.817189571,T,KO,F,100,71.45
2025-12-02,9:36:55.131965923,T,KO,I,81,71.46
2025-12-02,9:36:55.216313829,T,KO,I,5,71.47
2025-12-02,9:36:56.282623446,T,KO,I,3,71.47
2025-12-02,9:36:58.225021639,T,KO,F I,9,71.46
2025-12-02,9:36:58.225069807,T,KO,F,100,71.46
2025-12-02,9:36:58.592818660,T,KO,I,3,71.46
2025-12-02,9:37:00.007932195,T,KO,,100,71.455
2025-12-02,9:37:00.007932195,T,KO,I,75,71.46
2025-12-02,9:37:00.007965077,T,KO,I,1,71.46
2025-12-02,9:37:00.007992118,T,KO,I,99,71.46
2025-12-02,9:37:01.308857372,T,KO,,100,71.46
2025-12-02,9:37:01.309161210,T,KO,I,8,71.46
2025-12-02,9:37:01.309161210,T,KO,I,32,71.46
2025-12-02,9:37:01.309293414,T,KO,,100,71.46
2025-12-02,9:37:01.309350645,T,KO,,100,71.46
2025-12-02,9:37:01.539067756,T,KO,,124,71.46
2025-12-02,9:37:01.540298297,T,KO,,100,71.46
2025-12-02,9:37:01.540300846,T,KO,I,32,71.46
2025-12-02,9:37:01.540300846,T,KO,,100,71.46
2025-12-02,9:37:01.540318743,T,KO,I,1,71.46
2025-12-02,9:37:01.774507417,T,KO,,100,71.46
2025-12-02,9:37:05.928571083,T,KO,I,2,71.46
2025-12-02,9:37:08.048401077,T,KO,F I,24,71.45
2025-12-02,9:37:08.048403941,T,KO,F I,13,71.45
2025-12-02,9:37:09.320126864,T,KO,F I,41,71.44
2025-12-02,9:37:09.320147934,T,KO,I,28,71.44
2025-12-02,9:37:09.320147934,T,KO,I,14,71.44
2025-12-02,9:37:09.320151374,T,KO,I,17,71.44
2025-12-02,9:37:09.320153939,T,KO,I,42,71.44
2025-12-02,9:37:11.122637778,T,KO,,100,71.435
2025-12-02,9:37:15.146668761,T,KO,F I,2,71.43
2025-12-02,9:37:15.437115642,T,KO,I,5,71.43
2025-12-02,9:37:15.437115642,T,KO,I,13,71.43
2025-12-02,9:37:23.105351852,T,KO,,100,71.42
2025-12-02,9:37:23.213516533,T,KO,F,100,71.42
2025-12-02,9:37:25.322553520,T,KO,F I,1,71.41
2025-12-02,9:37:25.322553520,T,KO,F I,2,71.41
2025-12-02,9:37:26.412761104,T,KO,F,100,71.41
2025-12-02,9:37:26.850528977,T,KO,F,615,71.4
2025-12-02,9:37:26.850528977,T,KO,F I,96,71.4
2025-12-02,9:37:26.850531686,T,KO,,855,71.4
2025-12-02,9:37:26.850544440,T,KO,I,1,71.4
2025-12-02,9:37:26.850544440,T,KO,F,433,71.4
2025-12-02,9:37:28.414680108,T,KO,F,100,71.39
2025-12-02,9:37:28.414680108,T,KO,F,200,71.39
2025-12-02,9:37:28.414701120,T,KO,,100,71.39
2025-12-02,9:37:29.420115664,T,KO,,100,71.38
2025-12-02,9:37:31.609783870,T,KO,F I,1,71.37
2025-12-02,9:37:31.609786644,T,KO,F,200,71.37
2025-12-02,9:37:32.618190377,T,KO,F I,1,71.36
2025-12-02,9:37:38.810015461,T,KO,F I,1,71.34
2025-12-02,9:37:40.150789098,T,KO,,400,71.34
2025-12-02,9:37:40.150792772,T,KO,I,25,71.34
2025-12-02,9:37:40.150792772,T,KO,I,75,71.34
2025-12-02,9:37:40.150804048,T,KO,I,1,71.34
2025-12-02,9:37:40.150821766,T,KO,I,24,71.34
2025-12-02,9:37:40.150825071,T,KO,,400,71.34
2025-12-02,9:37:40.150831155,T,KO,I,1,71.34
2025-12-02,9:37:40.150833864,T,KO,,119,71.33
2025-12-02,9:37:40.150848919,T,KO,I,1,71.34
2025-12-02,9:37:40.151002186,T,KO,I,99,71.34
2025-12-02,9:37:40.151645902,T,KO,I,1,71.34
2025-12-02,9:37:40.151649315,T,KO,I,1,71.34
2025-12-02,9:37:40.151649315,T,KO,I,1,71.34
2025-12-02,9:37:40.151651809,T,KO,,100,71.34
2025-12-02,9:37:42.790418573,T,KO,F I,99,71.34
2025-12-02,9:37:42.790421509,T,KO,F,100,71.34
2025-12-02,9:37:44.713625053,T,KO,F I,1,71.32
2025-12-02,9:37:46.364012865,T,KO,I,5,71.33
2025-12-02,9:37:51.558533563,T,KO,,200,71.33
2025-12-02,9:37:56.283095056,T,KO,I,41,71.33
2025-12-02,9:37:57.781422713,T,KO,,100,71.35
2025-12-02,9:37:57.781458774,T,KO,I,40,71.35
2025-12-02,9:37:57.782201703,T,KO,I,74,71.35
2025-12-02,9:37:57.782201703,T,KO,I,2,71.35
2025-12-02,9:37:57.782207602,T,KO,I,20,71.35
2025-12-02,9:37:57.783587821,T,KO,,100,71.35
2025-12-02,9:37:57.783590842,T,KO,I,3,71.35
2025-12-02,9:37:57.786751316,T,KO,F I,3,71.35
2025-12-02,9:37:58.730843907,T,KO,I,6,71.36
2025-12-02,9:38:00.191473727,T,KO,,100,71.36
2025-12-02,9:38:07.710152146,T,KO,F,100,71.33
2025-12-02,9:38:08.231193854,T,KO,F I,6,71.31
2025-12-02,9:38:08.231193854,T,KO,F I,2,71.31
2025-12-02,9:38:08.610249656,T,KO,F,200,71.3
2025-12-02,9:38:09.055045300,T,KO,I,50,71.3
2025-12-02,9:38:09.055045300,T,KO,,400,71.3
2025-12-02,9:38:09.055066590,T,KO,F I,50,71.3
2025-12-02,9:38:10.138263854,T,KO,I,50,71.31
2025-12-02,9:38:11.836946654,T,KO,I,1,71.315
2025-12-02,9:38:12.222410661,T,KO,F I,65,71.315
2025-12-02,9:38:16.194490391,T,KO,,100,71.315
2025-12-02,9:38:16.194492994,T,KO,,170,71.31
2025-12-02,9:38:16.194517008,T,KO,,300,71.31
2025-12-02,9:38:16.194520589,T,KO,I,37,71.31
2025-12-02,9:38:16.194520589,T,KO,F,300,71.31
2025-12-02,9:38:16.194541039,T,KO,I,1,71.31
2025-12-02,9:38:16.194550170,T,KO,F,106,71.31
2025-12-02,9:38:16.194562684,T,KO,F,188,71.31
2025-12-02,9:38:16.194574557,T,KO,I,5,71.31
2025-12-02,9:38:16.194574557,T,KO,,189,71.31
2025-12-02,9:38:16.194577249,T,KO,I,29,71.31
2025-12-02,9:38:16.194580193,T,KO,,100,71.31
2025-12-02,9:38:16.194595260,T,KO,F,143,71.31
2025-12-02,9:38:16.194847806,T,KO,I,28,71.31
2025-12-02,9:38:16.194850855,T,KO,,271,71.31
2025-12-02,9:38:16.194868888,T,KO,I,9,71.31
2025-12-02,9:38:16.543937229,T,KO,F,200,71.32
2025-12-02,9:38:24.408255715,T,KO,F I,4,71.31
2025-12-02,9:38:24.408258725,T,KO,F I,11,71.31
2025-12-02,9:38:25.449443670,T,KO,F,100,71.3
2025-12-02,9:38:25.449443670,T,KO,F I,1,71.3
2025-12-02,9:38:25.449467809,T,KO,I,1,71.3
2025-12-02,9:38:25.449467809,T,KO,I,32,71.3
2025-12-02,9:38:25.449474039,T,KO,F I,1,71.3
2025-12-02,9:38:25.449495363,T,KO,F I,66,71.3
2025-12-02,9:38:25.461258683,T,KO,F,100,71.295
2025-12-02,9:38:26.119051319,T,KO,F I,2,71.28
2025-12-02,9:38:26.411834583,T,KO,F,120,71.27
2025-12-02,9:38:26.902230646,T,KO,,100,71.275
2025-12-02,9:38:31.124322358,T,KO,F I,55,71.27
2025-12-02,9:38:31.124346432,T,KO,I,14,71.27
2025-12-02,9:38:31.124358506,T,KO,I,22,71.27
2025-12-02,9:38:31.125654588,T,KO,I,1,71.26
2025-12-02,9:38:31.134074650,T,KO,I,64,71.265
2025-12-02,9:38:33.964006863,T,KO,F I,1,71.25
2025-12-02,9:38:33.964006863,T,KO,F I,20,71.25
2025-12-02,9:38:33.964009914,T,KO,F I,26,71.25
2025-12-02,9:38:33.964009914,T,KO,F I,1,71.25
2025-12-02,9:38:34.270126654,T,KO,,100,71.245
2025-12-02,9:38:34.422271071,T,KO,F I,10,71.22
2025-12-02,9:38:34.422274132,T,KO,F I,3,71.22
2025-12-02,9:38:34.422866535,T,KO,F I,10,71.22
2025-12-02,9:38:34.422926613,T,KO,F I,2,71.22
2025-12-02,9:38:34.422932651,T,KO,F,100,71.22
2025-12-02,9:38:34.423191215,T,KO,F I,16,71.22
2025-12-02,9:38:34.432375097,T,KO,F,100,71.23
2025-12-02,9:38:34.432378185,T,KO,F,100,71.23
2025-12-02,9:38:34.432381120,T,KO,F I,16,71.23
2025-12-02,9:38:34.439423932,T,KO,,100,71.24
2025-12-02,9:38:34.498643927,T,KO,F I,11,71.23
2025-12-02,9:38:34.498647012,T,KO,F I,15,71.23
2025-12-02,9:38:34.648830701,T,KO,F I,56,71.23
2025-12-02,9:38:34.648858221,T,KO,I,1,71.23
2025-12-02,9:38:34.648878721,T,KO,I,26,71.23
2025-12-02,9:38:35.180220802,T,KO,F I,6,71.2
2025-12-02,9:38:35.180224013,T,KO,F,233,71.2
2025-12-02,9:38:35.180244344,T,KO,I,1,71.2
2025-12-02,9:38:35.180635306,T,KO,F I,57,71.2
2025-12-02,9:38:35.180659474,T,KO,I,9,71.2
2025-12-02,9:38:35.180806656,T,KO,I,8,71.2
2025-12-02,9:38:35.180810044,T,KO,,400,71.21
2025-12-02,9:38:35.180813367,T,KO,,100,71.21
2025-12-02,9:38:35.180816856,T,KO,I,50,71.21
2025-12-02,9:38:35.180827723,T,KO,I,1,71.21
2025-12-02,9:38:35.180863784,T,KO,,109,71.21
2025-12-02,9:38:35.207462686,T,KO,,100,71.22
2025-12-02,9:38:35.207465237,T,KO,I,50,71.22
2025-12-02,9:38:35.207468175,T,KO,I,8,71.22
2025-12-02,9:38:35.207468175,T,KO,,200,71.22
2025-12-02,9:38:35.212755182,T,KO,F I,17,71.22
2025-12-02,9:38:35.212757741,T,KO,F I,32,71.22
2025-12-02,9:38:35.212760749,T,KO,F I,14,71.22
2025-12-02,9:38:35.212760749,T,KO,F,349,71.22
2025-12-02,9:38:35.212763800,T,KO,F,100,71.22
2025-12-02,9:38:35.255823340,T,KO,F,100,71.2
2025-12-02,9:38:35.255826295,T,KO,F I,68,71.2
2025-12-02,9:38:35.257191588,T,KO,I,50,71.2
2025-12-02,9:38:35.257258074,T,KO,I,50,71.2
2025-12-02,9:38:35.257441166,T,KO,F,100,71.2
2025-12-02,9:38:35.257441166,T,KO,F I,68,71.195
2025-12-02,9:38:35.258827531,T,KO,F I,38,71.2
2025-12-02,9:38:35.259353706,T,KO,F I,3,71.2
2025-12-02,9:38:35.329315534,T,KO,F I,79,71.21
2025-12-02,9:38:35.329315534,T,KO,F,100,71.21
2025-12-02,9:38:35.634698632,T,KO,F I,10,71.21
2025-12-02,9:38:35.634701689,T,KO,F I,15,71.21
2025-12-02,9:38:35.634987437,T,KO,F I,10,71.21
2025-12-02,9:38:35.635062665,T,KO,F I,54,71.21
2025-12-02,9:38:35.635062665,T,KO,F I,16,71.21
2025-12-02,9:38:35.635128970,T,KO,F I,4,71.21
2025-12-02,9:38:35.635128970,T,KO,F I,1,71.21
2025-12-02,9:38:35.635185831,T,KO,I,15,71.21
2025-12-02,9:38:35.651193318,T,KO,F I,8,71.2
2025-12-02,9:38:35.651193318,T,KO,F I,17,71.2
2025-12-02,9:38:35.654130999,T,KO,F I,5,71.2
2025-12-02,9:38:35.655225579,T,KO,F I,25,71.2
2025-12-02,9:38:35.658271787,T,KO,F I,5,71.2
2025-12-02,9:38:35.659291300,T,KO,F I,12,71.2
2025-12-02,9:38:35.660100155,T,KO,I,16,71.2
2025-12-02,9:38:35.663411098,T,KO,F I,20,71.2
2025-12-02,9:38:35.666565586,T,KO,F I,5,71.2
2025-12-02,9:38:35.667585078,T,KO,F I,25,71.2
2025-12-02,9:38:35.670583263,T,KO,F I,5,71.2
2025-12-02,9:38:35.786283971,T,KO,F I,45,71.2
2025-12-02,9:38:35.786283971,T,KO,F I,16,71.2
2025-12-02,9:38:35.786524257,T,KO,F,100,71.2
2025-12-02,9:38:35.786933221,T,KO,F I,5,71.2
2025-12-02,9:38:35.787143812,T,KO,F I,15,71.2
2025-12-02,9:38:35.790199051,T,KO,F I,5,71.2
2025-12-02,9:38:35.792093996,T,KO,F I,75,71.2
2025-12-02,9:38:35.792096622,T,KO,F I,20,71.2
2025-12-02,9:38:35.795810372,T,KO,F I,5,71.2
2025-12-02,9:38:35.797380175,T,KO,F I,8,71.2
2025-12-02,9:38:35.797380175,T,KO,F I,77,71.2
2025-12-02,9:38:35.800976676,T,KO,F I,5,71.2
2025-12-02,9:38:35.802546507,T,KO,F I,18,71.2
2025-12-02,9:38:35.802811141,T,KO,,100,71.2
2025-12-02,9:38:35.802811141,T,KO,I,8,71.2
2025-12-02,9:38:35.842637933,T,KO,F I,5,71.2
2025-12-02,9:38:35.844027236,T,KO,F I,8,71.2
2025-12-02,9:38:35.844027236,T,KO,F I,42,71.2
2025-12-02,9:38:35.846198456,T,KO,F I,5,71.2
2025-12-02,9:38:35.847714032,T,KO,F I,75,71.2
2025-12-02,9:38:35.850745253,T,KO,F I,5,71.2
2025-12-02,9:38:35.851845906,T,KO,F I,75,71.2
2025-12-02,9:38:35.856555071,T,KO,F I,20,71.2
2025-12-02,9:38:35.857782016,T,KO,F I,30,71.2
2025-12-02,9:38:35.861943934,T,KO,F,143,71.2
2025-12-02,9:38:35.861943934,T,KO,F,100,71.2
2025-12-02,9:38:35.861947485,T,KO,F,100,71.2
2025-12-02,9:38:36.264221061,T,KO,I,5,71.195
2025-12-02,9:38:36.271399088,T,KO,I,5,71.195
2025-12-02,9:38:36.795078333,T,KO,F I,5,71.2
2025-12-02,9:38:36.795090417,T,KO,F,100,71.2
2025-12-02,9:38:38.056258057,T,KO,F,100,71.21
2025-12-02,9:38:42.558283490,T,KO,F I,43,71.215
2025-12-02,9:38:43.832021233,T,KO,F I,43,71.21
2025-12-02,9:38:44.192528868,T,KO,,200,71.205
2025-12-02,9:38:44.442550245,T,KO,F I,24,71.2
2025-12-02,9:38:45.172514850,T,KO,I,4,71.21
2025-12-02,9:38:45.172517911,T,KO,I,50,71.21
2025-12-02,9:38:45.172521168,T,KO,,100,71.21
2025-12-02,9:38:45.172523825,T,KO,,146,71.21
2025-12-02,9:38:45.172536108,T,KO,F I,54,71.21
2025-12-02,9:38:45.172538921,T,KO,F,200,71.21
2025-12-02,9:38:45.172725274,T,KO,F I,50,71.21
2025-12-02,9:38:45.173257649,T,KO,F,100,71.205
2025-12-02,9:38:46.303171681,T,KO,,100,71.215
2025-12-02,9:38:48.630537992,T,KO,F I,4,71.21
2025-12-02,9:38:48.630537992,T,KO,F,112,71.21
2025-12-02,9:38:48.844762031,T,KO,I,62,71.205
2025-12-02,9:38:50.037309230,T,KO,I,56,71.2
2025-12-02,9:38:50.037312274,T,KO,I,22,71.2
2025-12-02,9:38:50.153924068,T,KO,I,80,71.2
2025-12-02,9:38:50.172357982,T,KO,F,100,71.205
2025-12-02,9:38:50.172360893,T,KO,F I,80,71.2
2025-12-02,9:38:50.172363910,T,KO,F,100,71.2
2025-12-02,9:38:52.710748606,T,KO,F,200,71.19
2025-12-02,9:38:55.141470885,T,KO,,200,71.2
2025-12-02,9:38:55.141489128,T,KO,I,1,71.2
2025-12-02,9:38:55.141513730,T,KO,,199,71.2
2025-12-02,9:38:55.141513730,T,KO,I,5,71.2
2025-12-02,9:38:55.141516035,T,KO,,200,71.2
2025-12-02,9:38:55.142159555,T,KO,F I,30,71.2
2025-12-02,9:38:55.142162534,T,KO,F,100,71.2
2025-12-02,9:38:55.142361049,T,KO,,100,71.2
2025-12-02,9:38:55.142364246,T,KO,I,81,71.2
2025-12-02,9:38:55.142364246,T,KO,I,18,71.2
2025-12-02,9:38:55.142415121,T,KO,I,18,71.2
2025-12-02,9:38:56.130974825,T,KO,F I,6,71.19
2025-12-02,9:38:56.130974825,T,KO,F I,10,71.19
2025-12-02,9:38:57.146968467,T,KO,I,9,71.19
2025-12-02,9:38:57.146971641,T,KO,I,81,71.19
2025-12-02,9:38:57.146974541,T,KO,,100,71.19
2025-12-02,9:38:57.146974541,T,KO,,100,71.19
2025-12-02,9:39:00.134647241,T,KO,I,50,71.2
2025-12-02,9:39:00.134647241,T,KO,I,50,71.21
2025-12-02,9:39:00.751779982,T,KO,I,6,71.205
2025-12-02,9:39:01.733462048,T,KO,F I,2,71.2
2025-12-02,9:39:01.868883576,T,KO,I,79,71.2
2025-12-02,9:39:01.868886686,T,KO,I,9,71.2
2025-12-02,9:39:01.868886686,T,KO,I,50,71.2
2025-12-02,9:39:05.143800396,T,KO,,400,71.22
2025-12-02,9:39:05.143818510,T,KO,I,1,71.22
2025-12-02,9:39:05.158361914,T,KO,F,100,71.225
2025-12-02,9:39:05.158361914,T,KO,F I,78,71.22
2025-12-02,9:39:05.158364386,T,KO,F,100,71.22
2025-12-02,9:39:05.158364386,T,KO,F I,75,71.22
2025-12-02,9:39:05.158382112,T,KO,F I,4,71.22
2025-12-02,9:39:05.158382112,T,KO,F I,1,71.22
2025-12-02,9:39:05.614054543,T,KO,I,4,71.22
2025-12-02,9:39:05.614054543,T,KO,I,96,71.22
2025-12-02,9:39:05.614057426,T,KO,I,1,71.22
2025-12-02,9:39:08.536432596,T,KO,I,15,71.23
2025-12-02,9:39:08.536432596,T,KO,I,82,71.23
2025-12-02,9:39:08.861368522,T,KO,F,100,71.23
2025-12-02,9:39:11.939244098,T,KO,I,1,71.23
2025-12-02,9:39:13.874370958,T,KO,F I,50,71.24
2025-12-02,9:39:13.874374009,T,KO,F I,50,71.24
2025-12-02,9:39:13.874383535,T,KO,F I,50,71.24
2025-12-02,9:39:13.874515303,T,KO,F I,50,71.24
2025-12-02,9:39:13.874515303,T,KO,F I,23,71.24
2025-12-02,9:39:13.874689776,T,KO,F,200,71.24
2025-12-02,9:39:14.241452306,T,KO,I,3,71.245
2025-12-02,9:39:14.241452306,T,KO,F I,9,71.245
2025-12-02,9:39:15.092551314,T,KO,I,16,71.24
2025-12-02,9:39:16.185744904,T,KO,,200,71.24
2025-12-02,9:39:17.965071350,T,KO,,100,71.25
2025-12-02,9:39:17.965071350,T,KO,I,28,71.25
2025-12-02,9:39:17.965088886,T,KO,I,1,71.25
2025-12-02,9:39:17.965088886,T,KO,I,4,71.25
2025-12-02,9:39:17.965097891,T,KO,I,17,71.25
2025-12-02,9:39:17.965101616,T,KO,I,5,71.25
2025-12-02,9:39:17.965101616,T,KO,F I,22,71.25
2025-12-02,9:39:17.965103938,T,KO,F I,20,71.25
2025-12-02,9:39:17.965197735,T,KO,I,50,71.25
2025-12-02,9:39:19.782212148,T,KO,F I,10,71.25
2025-12-02,9:39:19.782214721,T,KO,F I,2,71.25
2025-12-02,9:39:19.782217601,T,KO,F I,4,71.25
2025-12-02,9:39:20.502613366,T,KO,F,100,71.24
2025-12-02,9:39:20.545426363,T,KO,I,5,71.24
2025-12-02,9:39:23.310075992,T,KO,F,100,71.24
2025-12-02,9:39:23.310075992,T,KO,F,100,71.24
2025-12-02,9:39:24.209094089,T,KO,F,100,71.23
2025-12-02,9:39:24.209097209,T,KO,F I,2,71.23
2025-12-02,9:39:24.209097209,T,KO,F I,23,71.23
2025-12-02,9:39:24.209115270,T,KO,I,1,71.23
2025-12-02,9:39:24.209118862,T,KO,F I,99,71.23
2025-12-02,9:39:24.209957218,T,KO,F I,10,71.23
2025-12-02,9:39:24.862905339,T,KO,,100,71.225
2025-12-02,9:39:25.155824078,T,KO,,300,71.225
2025-12-02,9:39:25.155830530,T,KO,,100,71.23
2025-12-02,9:39:25.155830530,T,KO,I,9,71.23
2025-12-02,9:39:25.155833041,T,KO,I,50,71.23
2025-12-02,9:39:25.155836003,T,KO,I,41,71.23
2025-12-02,9:39:25.155851058,T,KO,I,1,71.23
2025-12-02,9:39:25.155851058,T,KO,,358,71.23
2025-12-02,9:39:25.263916459,T,KO,F I,65,71.23
2025-12-02,9:39:25.263922417,T,KO,F,100,71.23
2025-12-02,9:39:30.531135349,T,KO,I,32,71.24
2025-12-02,9:39:30.531171397,T,KO,I,1,71.24
2025-12-02,9:39:30.532224007,T,KO,I,32,71.24
2025-12-02,9:39:30.532224007,T,KO,I,36,71.24
2025-12-02,9:39:30.756522139,T,KO,I,7,71.235
2025-12-02,9:39:31.260769109,T,KO,F I,68,71.23
2025-12-02,9:39:35.141136393,T,KO,,100,71.23
2025-12-02,9:39:35.141136393,T,KO,,200,71.24
2025-12-02,9:39:35.141157151,T,KO,I,1,71.24
2025-12-02,9:39:36.123954842,T,KO,,200,71.24
2025-12-02,9:39:36.123970582,T,KO,,100,71.24
2025-12-02,9:39:43.194500178,T,KO,F,100,71.225
2025-12-02,9:39:43.194502990,T,KO,F,100,71.22
2025-12-02,9:39:43.194506276,T,KO,F,200,71.22
2025-12-02,9:39:43.194506276,T,KO,F,230,71.22
2025-12-02,9:39:43.194517585,T,KO,I,1,71.22
2025-12-02,9:39:43.746464269,T,KO,,350,71.225
2025-12-02,9:39:43.746467283,T,KO,I,50,71.225
2025-12-02,9:39:43.746467283,T,KO,,350,71.23
2025-12-02,9:39:43.746476255,T,KO,I,50,71.23
2025-12-02,9:39:43.747333250,T,KO,I,1,71.23
2025-12-02,9:39:43.747336215,T,KO,I,50,71.23
2025-12-02,9:39:45.132384044,T,KO,F,100,71.25
2025-12-02,9:39:45.132408022,T,KO,F,200,71.25
2025-12-02,9:39:45.138127730,T,KO,I,68,71.25
2025-12-02,9:39:48.303755274,T,KO,,100,71.245
2025-12-02,9:39:50.139682086,T,KO,I,50,71.25
2025-12-02,9:39:50.139684876,T,KO,,150,71.25
2025-12-02,9:39:50.139699961,T,KO,I,1,71.25
2025-12-02,9:39:50.139699961,T,KO,I,49,71.25
2025-12-02,9:39:50.139702907,T,KO,I,44,71.25
2025-12-02,9:39:50.139705938,T,KO,I,1,71.25
2025-12-02,9:39:50.139711948,T,KO,I,50,71.25
2025-12-02,9:39:50.457544910,T,KO,,100,71.26
2025-12-02,9:39:50.524027281,T,KO,I,3,71.26
2025-12-02,9:39:52.918982328,T,KO,I,6,71.26
2025-12-02,9:39:52.919186764,T,KO,F,350,71.26
2025-12-02,9:39:56.692232245,T,KO,F I,1,71.26
2025-12-02,9:39:56.692282156,T,KO,,100,71.26
2025-12-02,9:39:56.693079040,T,KO,,100,71.26
2025-12-02,9:39:56.693100081,T,KO,I,1,71.26
2025-12-02,9:39:56.693400853,T,KO,,199,71.26
2025-12-02,9:39:56.731465553,T,KO,I,73,71.27
2025-12-02,9:39:56.731465553,T,KO,,100,71.27
2025-12-02,9:39:57.975308932,T,KO,F I,73,71.27
2025-12-02,9:39:58.164447398,T,KO,I,74,71.27
2025-12-02,9:39:59.828710192,T,KO,F I,9,71.27
2025-12-02,9:39:59.828713189,T,KO,F I,74,71.27
2025-12-02,9:40:01.648975556,T,KO,F I,5,71.28
2025-12-02,9:40:04.879211908,T,KO,F I,14,71.31
2025-12-02,9:40:05.818769692,T,KO,F I,50,71.3
2025-12-02,9:40:09.227075169,T,KO,F,100,71.3
2025-12-02,9:40:09.380819349,T,KO,F,101,71.29
2025-12-02,9:40:09.380837480,T,KO,I,1,71.29
2025-12-02,9:40:09.380840627,T,KO,I,64,71.29
2025-12-02,9:40:09.380954676,T,KO,F I,35,71.29
2025-12-02,9:40:11.066421021,T,KO,F I,4,71.29
2025-12-02,9:40:11.725801359,T,KO,I,50,71.29
2025-12-02,9:40:15.838829279,T,KO,,100,71.3
2025-12-02,9:40:17.599507726,T,KO,F,100,71.31
2025-12-02,9:40:17.599507726,T,KO,F,100,71.31
2025-12-02,9:40:19.049281603,T,KO,,200,71.31
2025-12-02,9:40:20.766142737,T,KO,I,6,71.315
2025-12-02,9:40:21.759176956,T,KO,I,29,71.33
2025-12-02,9:40:21.759176956,T,KO,I,30,71.33
2025-12-02,9:40:23.663005078,T,KO,,100,71.325
2025-12-02,9:40:25.109711790,T,KO,F I,4,71.32
2025-12-02,9:40:25.109711790,T,KO,F I,65,71.32
2025-12-02,9:40:26.235313714,T,KO,F I,1,71.3
2025-12-02,9:40:26.235313714,T,KO,F I,19,71.29
2025-12-02,9:40:28.394606386,T,KO,I,23,71.31
2025-12-02,9:40:28.394627913,T,KO,I,23,71.31
2025-12-02,9:40:28.394747803,T,KO,I,83,71.31
2025-12-02,9:40:34.036905927,T,KO,F I,22,71.32
2025-12-02,9:40:34.036923870,T,KO,F I,78,71.32
2025-12-02,9:40:35.442820335,T,KO,F I,50,71.33
2025-12-02,9:40:42.435509985,T,KO,I,50,71.34
2025-12-02,9:40:42.435536978,T,KO,I,50,71.34
2025-12-02,9:40:43.030125066,T,KO,I,5,71.345
2025-12-02,9:40:43.075951293,T,KO,F,100,71.34
2025-12-02,9:40:43.075954226,T,KO,F I,13,71.34
2025-12-02,9:40:43.076312056,T,KO,,100,71.34
2025-12-02,9:40:47.606451509,T,KO,,200,71.35
2025-12-02,9:40:51.124783151,T,KO,,100,71.37
2025-12-02,9:40:51.984055578,T,KO,,100,71.37
2025-12-02,9:40:53.022768499,T,KO,F I,2,71.36
2025-12-02,9:40:53.022771628,T,KO,F I,98,71.36
2025-12-02,9:40:53.022771628,T,KO,F I,2,71.36
2025-12-02,9:40:53.023222607,T,KO,,100,71.36
2025-12-02,9:40:53.023246636,T,KO,I,1,71.36
2025-12-02,9:40:53.747308164,T,KO,,100,71.355
2025-12-02,9:40:55.112526744,T,KO,F,100,71.35
2025-12-02,9:40:55.112530008,T,KO,F I,1,71.35
2025-12-02,9:40:55.112532674,T,KO,F I,14,71.35
2025-12-02,9:40:55.112536256,T,KO,F I,1,71.35
2025-12-02,9:40:55.112536256,T,KO,F I,2,71.35
2025-12-02,9:40:55.166469116,T,KO,,100,71.335
2025-12-02,9:40:56.289247198,T,KO,F I,47,71.32
2025-12-02,9:40:58.424233100,T,KO,F I,1,71.32
2025-12-02,9:40:58.424236154,T,KO,F I,4,71.32
2025-12-02,9:40:58.424287268,T,KO,F,200,71.32
2025-12-02,9:40:58.424287268,T,KO,F,100,71.32
2025-12-02,9:40:59.003177995,T,KO,,200,71.315
2025-12-02,9:40:59.100925748,T,KO,F I,50,71.32
2025-12-02,9:41:01.451594415,T,KO,F,200,71.33
2025-12-02,9:41:01.527627492,T,KO,F I,5,71.33
2025-12-02,9:41:03.510165281,T,KO,F I,77,71.33
2025-12-02,9:41:06.516855207,T,KO,,100,71.32
2025-12-02,9:41:06.519402312,T,KO,,100,71.32
2025-12-02,9:41:06.826226015,T,KO,F,100,71.31
2025-12-02,9:41:06.826256133,T,KO,I,1,71.31
2025-12-02,9:41:06.826325330,T,KO,I,76,71.31
2025-12-02,9:41:06.826328499,T,KO,I,23,71.31
2025-12-02,9:41:06.826331629,T,KO,I,1,71.31
2025-12-02,9:41:06.826331629,T,KO,I,5,71.31
2025-12-02,9:41:06.931338528,T,KO,I,5,71.3
2025-12-02,9:41:06.931341379,T,KO,I,2,71.3
2025-12-02,9:41:06.931344442,T,KO,,100,71.3
2025-12-02,9:41:06.931954892,T,KO,I,59,71.3
2025-12-02,9:41:06.931957888,T,KO,I,1,71.3
2025-12-02,9:41:07.860371189,T,KO,F I,1,71.3
2025-12-02,9:41:07.860371189,T,KO,F I,59,71.3
2025-12-02,9:41:11.725873663,T,KO,F I,15,71.32
2025-12-02,9:41:15.905001805,T,KO,F,100,71.31
2025-12-02,9:41:25.738786005,T,KO,F,100,71.32
2025-12-02,9:41:25.738786005,T,KO,F,100,71.32
2025-12-02,9:41:25.738789854,T,KO,F I,1,71.32
2025-12-02,9:41:25.738796055,T,KO,F I,94,71.32
2025-12-02,9:41:25.739173735,T,KO,I,22,71.33
2025-12-02,9:41:25.739621893,T,KO,F I,5,71.33
2025-12-02,9:41:26.579603372,T,KO,F I,18,71.34
2025-12-02,9:41:26.593066500,T,KO,I,5,71.34
2025-12-02,9:41:26.593069532,T,KO,,100,71.34
2025-12-02,9:41:26.593102512,T,KO,,100,71.34
2025-12-02,9:41:29.795375343,T,KO,F,223,71.33
2025-12-02,9:41:29.795375343,T,KO,F,118,71.33
2025-12-02,9:41:30.477192220,T,KO,,200,71.32
2025-12-02,9:41:34.004337861,T,KO,,100,71.32
2025-12-02,9:41:34.684227113,T,KO,F I,6,71.31
2025-12-02,9:41:34.684230190,T,KO,F I,51,71.31
2025-12-02,9:41:45.084076556,T,KO,F,100,71.29
2025-12-02,9:41:45.084076556,T,KO,F I,21,71.29
2025-12-02,9:41:45.779909854,T,KO,I,1,71.28
2025-12-02,9:41:47.351188141,T,KO,F I,52,71.28
2025-12-02,9:41:47.351197256,T,KO,F I,52,71.28
2025-12-02,9:41:47.351203420,T,KO,F,400,71.28
2025-12-02,9:41:47.351203420,T,KO,F,148,71.28
2025-12-02,9:41:50.119488691,T,KO,I,89,71.28
2025-12-02,9:41:50.119491372,T,KO,I,11,71.28
2025-12-02,9:41:50.119506632,T,KO,I,1,71.28
2025-12-02,9:41:50.119506632,T,KO,I,38,71.28
2025-12-02,9:41:50.119509458,T,KO,I,55,71.28
2025-12-02,9:41:50.119720094,T,KO,F I,1,71.28
2025-12-02,9:41:50.119720094,T,KO,F I,61,71.28
2025-12-02,9:41:50.119732367,T,KO,F,100,71.28
2025-12-02,9:41:50.121452133,T,KO,F I,10,71.27
2025-12-02,9:41:50.122209921,T,KO,I,61,71.26
2025-12-02,9:41:50.139459022,T,KO,,100,71.265
2025-12-02,9:41:56.912520605,T,KO,F I,2,71.27
2025-12-02,9:41:56.912530305,T,KO,F I,2,71.27
2025-12-02,9:41:56.912532350,T,KO,F I,2,71.27
2025-12-02,9:41:56.912535369,T,KO,I,2,71.27
2025-12-02,9:41:56.913458614,T,KO,I,60,71.27
2025-12-02,9:41:56.913461561,T,KO,I,3,71.27
2025-12-02,9:41:56.913708230,T,KO,F I,1,71.27
2025-12-02,9:41:58.939705517,T,KO,F I,60,71.26
2025-12-02,9:42:00.060721437,T,KO,F,177,71.27
2025-12-02,9:42:00.608668471,T,KO,I,6,71.27
2025-12-02,9:42:00.617307977,T,KO,F I,1,71.27
2025-12-02,9:42:00.782295977,T,KO,I,1,71.26
2025-12-02,9:42:00.782295977,T,KO,I,5,71.26
2025-12-02,9:42:02.150470524,T,KO,I,6,71.26
2025-12-02,9:42:03.237908584,T,KO,F I,1,71.26
2025-12-02,9:42:03.793298506,T,KO,F,100,71.25
2025-12-02,9:42:03.793301445,T,KO,F,180,71.25
2025-12-02,9:42:05.140708511,T,KO,,100,71.25
2025-12-02,9:42:05.140726486,T,KO,I,1,71.25
2025-12-02,9:42:05.140726486,T,KO,I,5,71.25
2025-12-02,9:42:09.051056713,T,KO,F I,4,71.26
2025-12-02,9:42:11.379791085,T,KO,F I,4,71.27
2025-12-02,9:42:11.379836837,T,KO,I,1,71.27
2025-12-02,9:42:11.379842217,T,KO,F I,52,71.27
2025-12-02,9:42:11.379851204,T,KO,F I,50,71.27
2025-12-02,9:42:11.380103868,T,KO,I,20,71.27
2025-12-02,9:42:12.110964468,T,KO,F I,32,71.27
2025-12-02,9:42:12.110967402,T,KO,F I,4,71.27
2025-12-02,9:42:20.786380685,T,KO,I,6,71.26
2025-12-02,9:42:23.217499728,T,KO,F,100,71.27
2025-12-02,9:42:23.243394478,T,KO,F I,19,71.28
2025-12-02,9:42:23.244152175,T,KO,,100,71.28
2025-12-02,9:42:23.376879348,T,KO,F I,52,71.28
2025-12-02,9:42:23.577544268,T,KO,I,1,71.28
2025-12-02,9:42:23.577544268,T,KO,I,52,71.28
2025-12-02,9:42:25.162508420,T,KO,I,4,71.29
2025-12-02,9:42:25.162511244,T,KO,I,96,71.29
2025-12-02,9:42:25.162523233,T,KO,I,1,71.29
2025-12-02,9:42:30.282719613,T,KO,F I,3,71.29
2025-12-02,9:42:30.282719613,T,KO,F I,18,71.29
2025-12-02,9:42:30.284378986,T,KO,,100,71.3
2025-12-02,9:42:31.389829784,T,KO,F,100,71.29
2025-12-02,9:42:32.293803832,T,KO,I,19,71.29
2025-12-02,9:42:32.293806846,T,KO,,100,71.29
2025-12-02,9:42:32.293824863,T,KO,I,1,71.29
2025-12-02,9:42:37.407131354,T,KO,I,13,71.27
2025-12-02,9:42:37.407134172,T,KO,I,18,71.27
2025-12-02,9:42:38.008569908,T,KO,F I,5,71.27
2025-12-02,9:42:38.008584675,T,KO,I,1,71.27
2025-12-02,9:42:38.008593653,T,KO,I,10,71.27
2025-12-02,9:42:40.203810036,T,KO,F I,3,71.28
2025-12-02,9:42:41.890752776,T,KO,F I,86,71.29
2025-12-02,9:42:41.992611412,T,KO,F,100,71.3
2025-12-02,9:42:42.017201005,T,KO,F I,1,71.3
2025-12-02,9:42:44.153537642,T,KO,F I,3,71.3
2025-12-02,9:42:44.206550368,T,KO,F I,50,71.31
2025-12-02,9:42:51.202867288,T,KO,,400,71.32
2025-12-02,9:42:51.202867288,T,KO,,331,71.32
2025-12-02,9:42:51.202869534,T,KO,I,6,71.32
2025-12-02,9:42:51.539154565,T,KO,F I,3,71.32
2025-12-02,9:42:51.539154565,T,KO,F I,80,71.32
2025-12-02,9:42:51.539157479,T,KO,F,100,71.32
2025-12-02,9:42:51.642146778,T,KO,,100,71.33
2025-12-02,9:42:51.642150152,T,KO,I,59,71.33
2025-12-02,9:42:51.642150152,T,KO,I,71,71.33
2025-12-02,9:42:51.642152938,T,KO,,400,71.33
2025-12-02,9:42:51.642152938,T,KO,I,25,71.33
2025-12-02,9:42:51.643764622,T,KO,F I,59,71.33
2025-12-02,9:42:51.643951091,T,KO,F I,15,71.33
2025-12-02,9:42:54.161294564,T,KO,I,49,71.33
2025-12-02,9:42:54.161309603,T,KO,I,49,71.33
2025-12-02,9:42:54.161321701,T,KO,F I,59,71.33
2025-12-02,9:42:54.161583293,T,KO,I,62,71.33
2025-12-02,9:42:54.188710921,T,KO,,100,71.34
2025-12-02,9:42:54.188731936,T,KO,I,1,71.34
2025-12-02,9:42:54.189315321,T,KO,F,100,71.34
2025-12-02,9:42:54.189315321,T,KO,F I,58,71.34
2025-12-02,9:42:54.189319338,T,KO,F I,1,71.34
2025-12-02,9:42:54.189319338,T,KO,F,100,71.34
2025-12-02,9:42:54.290229862,T,KO,I,1,71.34
2025-12-02,9:42:54.290229862,T,KO,I,10,71.34
2025-12-02,9:42:54.290232716,T,KO,I,58,71.34
2025-12-02,9:42:54.290746959,T,KO,F I,58,71.34
2025-12-02,9:42:54.290749925,T,KO,F,100,71.34
2025-12-02,9:42:54.690693424,T,KO,,100,71.34
2025-12-02,9:42:54.690696583,T,KO,I,1,71.34
2025-12-02,9:42:54.690699559,T,KO,I,58,71.34
2025-12-02,9:42:54.690699559,T,KO,,100,71.34
2025-12-02,9:42:55.628567180,T,KO,F I,88,71.33
2025-12-02,9:42:55.628570198,T,KO,F I,35,71.33
2025-12-02,9:42:55.864779723,T,KO,I,10,71.33
2025-12-02,9:42:55.908350580,T,KO,I,14,71.33
2025-12-02,9:42:56.667887557,T,KO,,100,71.33
2025-12-02,9:42:57.633168491,T,KO,F,220,71.34
2025-12-02,9:42:57.633168491,T,KO,F,200,71.34
2025-12-02,9:42:57.635135192,T,KO,F I,20,71.34
2025-12-02,9:42:57.635199188,T,KO,F,100,71.34
2025-12-02,9:42:57.635204356,T,KO,F I,3,71.34
2025-12-02,9:42:57.635204356,T,KO,F I,42,71.34
2025-12-02,9:42:57.635207426,T,KO,F I,3,71.34
2025-12-02,9:42:57.635213593,T,KO,F I,16,71.34
2025-12-02,9:42:57.638245248,T,KO,F,100,71.34
2025-12-02,9:42:57.638247576,T,KO,F I,45,71.34
2025-12-02,9:42:57.638250881,T,KO,F I,16,71.34
2025-12-02,9:42:57.638250881,T,KO,F I,3,71.34
2025-12-02,9:42:57.638253600,T,KO,F,100,71.34
2025-12-02,9:42:57.638253600,T,KO,F,400,71.34
2025-12-02,9:42:57.639480633,T,KO,F,200,71.34
2025-12-02,9:42:57.639543753,T,KO,F,100,71.34
2025-12-02,9:42:57.639546665,T,KO,F,100,71.34
2025-12-02,9:42:57.639549706,T,KO,F I,15,71.34
2025-12-02,9:42:57.639561977,T,KO,F,100,71.34
2025-12-02,9:42:57.639570731,T,KO,F I,60,71.34
2025-12-02,9:42:57.639570731,T,KO,F,100,71.34
2025-12-02,9:42:57.640262570,T,KO,F I,60,71.34
2025-12-02,9:42:57.640268718,T,KO,F,100,71.34
2025-12-02,9:42:57.640268718,T,KO,F I,15,71.34
2025-12-02,9:42:57.640272454,T,KO,F I,18,71.34
2025-12-02,9:42:57.640277453,T,KO,F I,76,71.34
2025-12-02,9:42:57.640277453,T,KO,F,100,71.34
2025-12-02,9:42:57.640277453,T,KO,F,100,71.34
2025-12-02,9:42:57.640280486,T,KO,F,400,71.34
2025-12-02,9:42:57.640343618,T,KO,F,100,71.34
2025-12-02,9:42:57.640346798,T,KO,F I,60,71.34
2025-12-02,9:42:57.640346798,T,KO,F,100,71.34
2025-12-02,9:42:57.641612848,T,KO,F I,60,71.34
2025-12-02,9:42:57.641612848,T,KO,F I,24,71.34
2025-12-02,9:42:57.641621674,T,KO,F,100,71.34
2025-12-02,9:42:57.641621674,T,KO,F I,28,71.34
2025-12-02,9:42:57.641627697,T,KO,F I,24,71.34
2025-12-02,9:42:57.641627697,T,KO,F,100,71.34
2025-12-02,9:42:57.641630697,T,KO,F,400,71.34
2025-12-02,9:42:57.642605004,T,KO,F I,28,71.34
2025-12-02,9:42:57.642607994,T,KO,F I,20,71.34
2025-12-02,9:42:57.642999040,T,KO,F,100,71.34
2025-12-02,9:42:57.643002349,T,KO,F I,60,71.34
2025-12-02,9:42:57.643002349,T,KO,F,100,71.34
2025-12-02,9:42:57.643005013,T,KO,F I,1,71.34
2025-12-02,9:42:57.643020022,T,KO,I,1,71.34
2025-12-02,9:42:57.643026275,T,KO,F I,99,71.34
2025-12-02,9:42:57.644980679,T,KO,I,33,71.34
2025-12-02,9:42:58.197282760,T,KO,I,1,71.34
2025-12-02,9:42:58.197282760,T,KO,I,76,71.34
2025-12-02,9:42:58.197285128,T,KO,,100,71.34
2025-12-02,9:42:58.245327514,T,KO,F I,25,71.35
2025-12-02,9:43:03.749799481,T,KO,,100,71.34
2025-12-02,9:43:05.205512593,T,KO,F I,14,71.33
2025-12-02,9:43:05.205515636,T,KO,F,496,71.33
2025-12-02,9:43:05.205518544,T,KO,F I,25,71.33
2025-12-02,9:43:05.205518544,T,KO,F,444,71.33
2025-12-02,9:43:05.205521618,T,KO,F,100,71.33
2025-12-02,9:43:05.205548640,T,KO,F,100,71.33
2025-12-02,9:43:05.691863886,T,KO,F I,36,71.33
2025-12-02,9:43:05.872077128,T,KO,F I,23,71.33
2025-12-02,9:43:06.094986022,T,KO,F,100,71.34
2025-12-02,9:43:06.095006994,T,KO,I,1,71.34
2025-12-02,9:43:07.929138678,T,KO,,100,71.34
2025-12-02,9:43:07.929138678,T,KO,I,20,71.35
2025-12-02,9:43:07.929141391,T,KO,I,12,71.35
2025-12-02,9:43:08.431502834,T,KO,I,18,71.35
2025-12-02,9:43:08.431505897,T,KO,I,69,71.35
2025-12-02,9:43:09.544405376,T,KO,F I,36,71.35
2025-12-02,9:43:09.544534705,T,KO,I,4,71.35
2025-12-02,9:43:09.544534705,T,KO,I,72,71.35
2025-12-02,9:43:09.544537696,T,KO,I,24,71.35
2025-12-02,9:43:09.544973792,T,KO,F,100,71.35
2025-12-02,9:43:09.544995493,T,KO,I,1,71.35
2025-12-02,9:43:09.545727065,T,KO,F I,71,71.35
2025-12-02,9:43:09.545727065,T,KO,F,100,71.35
2025-12-02,9:43:09.545731515,T,KO,F I,4,71.35
2025-12-02,9:43:09.545731515,T,KO,F,100,71.35
2025-12-02,9:43:09.545741530,T,KO,F,200,71.35
2025-12-02,9:43:10.347774793,T,KO,,100,71.36
2025-12-02,9:43:11.181600751,T,KO,,100,71.36
2025-12-02,9:43:11.191367993,T,KO,,200,71.36
2025-12-02,9:43:11.201210466,T,KO,,100,71.36
2025-12-02,9:43:12.125774496,T,KO,,100,71.36
2025-12-02,9:43:13.948719076,T,KO,F,100,71.37
2025-12-02,9:43:13.948740428,T,KO,I,1,71.37
2025-12-02,9:43:13.948743228,T,KO,F I,99,71.37
2025-12-02,9:43:13.948746173,T,KO,F I,1,71.37
2025-12-02,9:43:13.948746173,T,KO,F,100,71.37
2025-12-02,9:43:14.593746707,T,KO,I,83,71.37
2025-12-02,9:43:14.594149289,T,KO,I,61,71.37
2025-12-02,9:43:14.594170507,T,KO,I,56,71.37
2025-12-02,9:43:14.594173400,T,KO,I,5,71.37
2025-12-02,9:43:14.594501807,T,KO,,295,71.37
2025-12-02,9:43:14.594501807,T,KO,,139,71.37
2025-12-02,9:43:14.594507177,T,KO,I,20,71.37
2025-12-02,9:43:19.207773519,T,KO,F I,1,71.38
2025-12-02,9:43:19.238717320,T,KO,,100,71.375
2025-12-02,9:43:19.238717320,T,KO,I,45,71.37
2025-12-02,9:43:19.238720491,T,KO,I,4,71.37
2025-12-02,9:43:19.238720491,T,KO,,330,71.37
2025-12-02,9:43:19.238735336,T,KO,I,1,71.37
2025-12-02,9:43:23.636147520,T,KO,,200,71.37
2025-12-02,9:43:23.636183556,T,KO,I,26,71.37
2025-12-02,9:43:23.636385583,T,KO,F I,69,71.37
2025-12-02,9:43:23.636388107,T,KO,F I,1,71.37
2025-12-02,9:43:23.636409142,T,KO,F I,99,71.37
2025-12-02,9:43:23.673688898,T,KO,,100,71.375
2025-12-02,9:43:23.682145090,T,KO,,100,71.375
2025-12-02,9:43:23.755555900,T,KO,,100,71.38
2025-12-02,9:43:23.755558862,T,KO,,100,71.38
2025-12-02,9:43:23.758105991,T,KO,,100,71.38
2025-12-02,9:43:23.758105991,T,KO,,100,71.38
2025-12-02,9:43:24.783307687,T,KO,I,4,71.375
2025-12-02,9:43:25.855006145,T,KO,I,3,71.38
2025-12-02,9:43:29.416794276,T,KO,F I,69,71.37
2025-12-02,9:43:30.239941743,T,KO,,300,71.38
2025-12-02,9:43:30.239974802,T,KO,I,99,71.37
2025-12-02,9:43:30.239995883,T,KO,I,1,71.37
2025-12-02,9:43:30.242079905,T,KO,,300,71.375
2025-12-02,9:43:33.707749950,T,KO,,350,71.375
2025-12-02,9:43:35.226547291,T,KO,,100,71.39
2025-12-02,9:43:35.644675244,T,KO,I,20,71.39
2025-12-02,9:43:35.644678249,T,KO,,117,71.39
2025-12-02,9:43:35.644690270,T,KO,I,1,71.39
2025-12-02,9:43:35.644696221,T,KO,F I,60,71.39
2025-12-02,9:43:39.066007756,T,KO,,100,71.39
2025-12-02,9:43:40.764573122,T,KO,,100,71.39
2025-12-02,9:43:41.394272938,T,KO,I,6,71.39
2025-12-02,9:43:42.386726615,T,KO,F I,1,71.39
2025-12-02,9:43:42.386747659,T,KO,I,21,71.39
2025-12-02,9:43:42.387264934,T,KO,I,1,71.39
2025-12-02,9:43:42.387267905,T,KO,I,63,71.39
2025-12-02,9:43:42.387412207,T,KO,F I,63,71.39
2025-12-02,9:43:42.387469411,T,KO,I,63,71.39
2025-12-02,9:43:42.387526542,T,KO,F I,5,71.39
2025-12-02,9:43:42.387736972,T,KO,F I,63,71.39
2025-12-02,9:43:42.388506833,T,KO,I,12,71.39
2025-12-02,9:43:42.391450919,T,KO,I,10,71.38
2025-12-02,9:43:42.392028256,T,KO,,100,71.38
2025-12-02,9:43:42.410768935,T,KO,I,69,71.38
2025-12-02,9:43:42.410771848,T,KO,I,10,71.38
2025-12-02,9:43:42.410774949,T,KO,I,21,71.38
2025-12-02,9:43:42.410792904,T,KO,I,1,71.38
2025-12-02,9:43:42.424932577,T,KO,I,13,71.38
2025-12-02,9:43:42.424935630,T,KO,I,78,71.38
2025-12-02,9:43:43.357140864,T,KO,I,6,71.38
2025-12-02,9:43:43.470107925,T,KO,I,6,71.38
2025-12-02,9:43:43.629159747,T,KO,I,6,71.38
2025-12-02,9:43:43.780549325,T,KO,I,6,71.38
2025-12-02,9:43:43.989492926,T,KO,I,6,71.38
2025-12-02,9:43:44.283557284,T,KO,I,6,71.38
2025-12-02,9:43:44.283614384,T,KO,I,37,71.38
2025-12-02,9:43:44.283734669,T,KO,F I,63,71.38
2025-12-02,9:43:44.283738103,T,KO,F I,17,71.38
2025-12-02,9:43:44.283738103,T,KO,F I,37,71.37
2025-12-02,9:43:44.283740761,T,KO,F,400,71.37
2025-12-02,9:43:49.831040792,T,KO,,100,71.365
2025-12-02,9:43:50.203733407,T,KO,,100,71.365
2025-12-02,9:43:50.453198913,T,KO,F,100,71.36
2025-12-02,9:43:50.453198913,T,KO,F I,13,71.36
2025-12-02,9:43:50.453202191,T,KO,F I,8,71.36
2025-12-02,9:43:50.453204809,T,KO,F,100,71.36
2025-12-02,9:43:50.453222831,T,KO,I,1,71.36
2025-12-02,9:43:50.453222831,T,KO,I,32,71.36
2025-12-02,9:43:50.453228637,T,KO,F I,67,71.36
2025-12-02,9:43:50.453893180,T,KO,F,100,71.36
2025-12-02,9:43:50.798534947,T,KO,I,5,71.365
2025-12-02,9:43:51.075293602,T,KO,F I,33,71.37
2025-12-02,9:43:51.075296658,T,KO,F I,17,71.37
2025-12-02,9:43:51.075299145,T,KO,F I,6,71.37
2025-12-02,9:43:51.075299145,T,KO,F I,63,71.37
2025-12-02,9:43:51.075302306,T,KO,F,100,71.37
2025-12-02,9:43:55.193700892,T,KO,,100,71.38
2025-12-02,9:43:55.193718894,T,KO,I,1,71.38
2025-12-02,9:43:55.193727979,T,KO,F I,2,71.38
2025-12-02,9:43:55.194606025,T,KO,I,58,71.38
2025-12-02,9:43:56.172144254,T,KO,F,100,71.37
2025-12-02,9:43:56.172165215,T,KO,I,1,71.37
2025-12-02,9:43:56.172204402,T,KO,F I,99,71.37
2025-12-02,9:43:56.172207314,T,KO,F,251,71.37
2025-12-02,9:43:56.172231509,T,KO,F,149,71.37
2025-12-02,9:44:03.370286417,T,KO,F I,58,71.37
2025-12-02,9:44:03.370288962,T,KO,F I,22,71.37
2025-12-02,9:44:03.370292052,T,KO,F I,4,71.37
2025-12-02,9:44:06.985875215,T,KO,F I,5,71.36
2025-12-02,9:44:06.985878492,T,KO,F I,52,71.36
2025-12-02,9:44:06.985878492,T,KO,F I,13,71.36
2025-12-02,9:44:06.985881170,T,KO,F I,25,71.36
2025-12-02,9:44:06.985884199,T,KO,F,160,71.36
2025-12-02,9:44:06.985899186,T,KO,F I,40,71.36
2025-12-02,9:44:10.263128585,T,KO,F I,7,71.36
2025-12-02,9:44:11.188288155,T,KO,F I,4,71.36
2025-12-02,9:44:11.188291136,T,KO,F I,26,71.36
2025-12-02,9:44:11.189866856,T,KO,I,5,71.355
2025-12-02,9:44:13.830251318,T,KO,F,100,71.36
2025-12-02,9:44:13.830326536,T,KO,F,254,71.36
2025-12-02,9:44:13.831267780,T,KO,I,46,71.36
2025-12-02,9:44:14.312041273,T,KO,F I,1,71.36
2025-12-02,9:44:14.312043822,T,KO,F I,76,71.36
2025-12-02,9:44:14.312046765,T,KO,F I,4,71.36
2025-12-02,9:44:20.810166309,T,KO,I,6,71.355
2025-12-02,9:44:25.125600796,T,KO,I,16,71.36
2025-12-02,9:44:25.125603491,T,KO,,250,71.36
2025-12-02,9:44:25.125606497,T,KO,I,39,71.36
2025-12-02,9:44:29.043283175,T,KO,F,100,71.37
2025-12-02,9:44:29.043286939,T,KO,F I,21,71.37
2025-12-02,9:44:32.146280689,T,KO,F I,20,71.38
2025-12-02,9:44:32.146280689,T,KO,F I,29,71.38
2025-12-02,9:44:32.146310681,T,KO,F I,16,71.38
2025-12-02,9:44:34.677456987,T,KO,,100,71.39
2025-12-02,9:44:34.683627585,T,KO,I,5,71.395
2025-12-02,9:44:36.574879991,T,KO,F I,52,71.39
2025-12-02,9:44:36.574883033,T,KO,F I,46,71.39
2025-12-02,9:44:39.300421518,T,KO,F I,13,71.36
2025-12-02,9:44:39.362372100,T,KO,,100,71.355
2025-12-02,9:44:40.814127638,T,KO,I,5,71.355
2025-12-02,9:44:44.598334409,T,KO,F,200,71.36
2025-12-02,9:44:44.617998283,T,KO,,100,71.36
2025-12-02,9:44:50.814358033,T,KO,I,6,71.36
2025-12-02,9:44:50.814712952,T,KO,I,24,71.36
2025-12-02,9:44:52.071054136,T,KO,I,5,71.355
2025-12-02,9:44:54.222311792,T,KO,I,43,71.355
2025-12-02,9:44:54.222693710,T,KO,I,43,71.355
2025-12-02,9:44:54.222696705,T,KO,I,14,71.355
2025-12-02,9:44:54.222714674,T,KO,F I,40,71.35
2025-12-02,9:44:54.735544145,T,KO,,100,71.325
2025-12-02,9:45:00.063793285,T,KO,,261,71.325
2025-12-02,9:45:01.764566092,T,KO,,100,71.32
2025-12-02,9:45:01.764569091,T,KO,,100,71.32
2025-12-02,9:45:01.767780790,T,KO,F,100,71.33
2025-12-02,9:45:01.770156386,T,KO,,200,71.335
2025-12-02,9:45:08.204563658,T,KO,,100,71.345
2025-12-02,9:45:08.204566274,T,KO,I,38,71.34
2025-12-02,9:45:08.204569131,T,KO,I,94,71.34
2025-12-02,9:45:08.204581214,T,KO,I,21,71.34
2025-12-02,9:45:08.204581214,T,KO,I,1,71.34
2025-12-02,9:45:08.204920942,T,KO,I,78,71.34
2025-12-02,9:45:15.118904312,T,KO,F I,6,71.34
2025-12-02,9:45:15.118906808,T,KO,F I,9,71.34
2025-12-02,9:45:15.118909874,T,KO,F I,6,71.34
2025-12-02,9:45:15.125784487,T,KO,I,74,71.34
2025-12-02,9:45:15.125787173,T,KO,I,1,71.34
2025-12-02,9:45:15.304451728,T,KO,,100,71.335
2025-12-02,9:45:16.614197128,T,KO,I,25,71.33
2025-12-02,9:45:16.614200153,T,KO,I,62,71.33
2025-12-02,9:45:16.623648638,T,KO,,100,71.325
2025-12-02,9:45:20.136580085,T,KO,I,5,71.33
2025-12-02,9:45:20.136580085,T,KO,I,74,71.33
2025-12-02,9:45:20.136585375,T,KO,I,21,71.33
2025-12-02,9:45:20.136594364,T,KO,I,1,71.33
2025-12-02,9:45:20.819893769,T,KO,I,6,71.325
2025-12-02,9:45:23.016872326,T,KO,I,4,71.32
2025-12-02,9:45:23.016875293,T,KO,I,2,71.32
2025-12-02,9:45:25.116764593,T,KO,F I,67,71.33
2025-12-02,9:45:26.048239123,T,KO,F,100,71.34
2025-12-02,9:45:26.048239123,T,KO,F I,11,71.34
2025-12-02,9:45:26.050031312,T,KO,,100,71.345
2025-12-02,9:45:34.819412293,T,KO,F I,41,71.35
2025-12-02,9:45:34.835891541,T,KO,I,4,71.355
2025-12-02,9:45:37.253622772,T,KO,F,129,71.35
2025-12-02,9:45:40.159864547,T,KO,,100,71.36
2025-12-02,9:45:40.823668772,T,KO,I,6,71.365
2025-12-02,9:45:44.112580636,T,KO,I,99,71.36
2025-12-02,9:45:49.461718153,T,KO,F I,1,71.35
2025-12-02,9:45:49.461720767,T,KO,F I,8,71.35
2025-12-02,9:45:49.461723604,T,KO,F I,1,71.35
2025-12-02,9:45:49.461723604,T,KO,F I,1,71.35
2025-12-02,9:45:55.163008236,T,KO,I,95,71.35
2025-12-02,9:45:55.163026591,T,KO,I,1,71.35
2025-12-02,9:45:55.163029390,T,KO,I,4,71.35
2025-12-02,9:45:55.168490314,T,KO,I,67,71.35
2025-12-02,9:45:55.168520398,T,KO,,100,71.345
2025-12-02,9:45:55.581770695,T,KO,I,4,71.345
2025-12-02,9:46:00.656630444,T,KO,F I,67,71.34
2025-12-02,9:46:00.824376047,T,KO,I,4,71.34
2025-12-02,9:46:00.824378999,T,KO,I,1,71.34
2025-12-02,9:46:01.122433885,T,KO,F I,4,71.34
2025-12-02,9:46:02.180317452,T,KO,F,100,71.34
2025-12-02,9:46:02.180332439,T,KO,I,1,71.34
2025-12-02,9:46:02.180338416,T,KO,F I,98,71.34
2025-12-02,9:46:05.318853345,T,KO,,100,71.345
2025-12-02,9:46:05.318856435,T,KO,,100,71.345
2025-12-02,9:46:06.425708577,T,KO,,200,71.345
2025-12-02,9:46:07.557015116,T,KO,F I,40,71.35
2025-12-02,9:46:10.839990984,T,KO,I,6,71.355
2025-12-02,9:46:11.054407694,T,KO,I,94,71.355
2025-12-02,9:46:13.181983855,T,KO,F I,4,71.35
2025-12-02,9:46:16.377983737,T,KO,F I,1,71.33
2025-12-02,9:46:20.160239096,T,KO,F I,35,71.32
2025-12-02,9:46:20.160241772,T,KO,F,400,71.32
2025-12-02,9:46:20.160245477,T,KO,F,100,71.32
2025-12-02,9:46:20.160245477,T,KO,F,100,71.32
2025-12-02,9:46:21.804100923,T,KO,I,80,71.315
2025-12-02,9:46:36.915577671,T,KO,F I,27,71.32
2025-12-02,9:46:38.612429045,T,KO,F I,4,71.31
2025-12-02,9:46:47.632540992,T,KO,,100,71.305
2025-12-02,9:46:49.766486422,T,KO,F,400,71.31
2025-12-02,9:46:49.766723934,T,KO,F I,1,71.31
2025-12-02,9:46:49.942005391,T,KO,,100,71.305
2025-12-02,9:46:49.942014383,T,KO,,100,71.3
2025-12-02,9:46:49.942017415,T,KO,I,18,71.3
2025-12-02,9:46:49.942023468,T,KO,I,1,71.3
2025-12-02,9:46:49.942030098,T,KO,F I,81,71.3
2025-12-02,9:46:49.942030098,T,KO,F I,12,71.3
2025-12-02,9:46:49.942032426,T,KO,F I,6,71.3
2025-12-02,9:46:49.942032426,T,KO,F I,90,71.3
2025-12-02,9:46:50.848839239,T,KO,I,6,71.305
2025-12-02,9:47:00.838676987,T,KO,I,6,71.335
2025-12-02,9:47:03.252974041,T,KO,F I,34,71.34
2025-12-02,9:47:04.009227198,T,KO,F,100,71.33
2025-12-02,9:47:04.009230266,T,KO,F I,15,71.33
2025-12-02,9:47:04.021556614,T,KO,,100,71.325
2025-12-02,9:47:05.711795135,T,KO,F I,1,71.31
2025-12-02,9:47:05.711798222,T,KO,F I,2,71.31
2025-12-02,9:47:05.711798222,T,KO,F I,7,71.31
2025-12-02,9:47:07.046860896,T,KO,F I,6,71.31
2025-12-02,9:47:09.139166408,T,KO,F I,50,71.32
2025-12-02,9:47:09.240967887,T,KO,I,60,71.33
2025-12-02,9:47:09.240973592,T,KO,,100,71.33
2025-12-02,9:47:09.240977196,T,KO,,100,71.33
2025-12-02,9:47:10.152603816,T,KO,,100,71.34
2025-12-02,9:47:10.152621819,T,KO,,100,71.34
2025-12-02,9:47:10.152624888,T,KO,I,1,71.34
2025-12-02,9:47:10.152627782,T,KO,I,99,71.34
2025-12-02,9:47:10.153572422,T,KO,F I,71,71.34
2025-12-02,9:47:10.153572422,T,KO,F I,1,71.34
2025-12-02,9:47:10.236795342,T,KO,I,71,71.34
2025-12-02,9:47:10.236798787,T,KO,,100,71.34
2025-12-02,9:47:10.236801324,T,KO,I,1,71.34
2025-12-02,9:47:10.236807376,T,KO,I,71,71.34
2025-12-02,9:47:10.236807376,T,KO,,200,71.34
2025-12-02,9:47:11.375319530,T,KO,F I,71,71.34
2025-12-02,9:47:11.375324966,T,KO,F I,4,71.34
2025-12-02,9:47:11.375324966,T,KO,F I,5,71.34
2025-12-02,9:47:11.927794679,T,KO,F,100,71.34
2025-12-02,9:47:19.988570835,T,KO,F I,50,71.34
2025-12-02,9:47:19.988573900,T,KO,F I,20,71.34
2025-12-02,9:47:19.988576870,T,KO,F I,6,71.34
2025-12-02,9:47:20.840710429,T,KO,I,5,71.345
2025-12-02,9:47:21.001268881,T,KO,I,42,71.345
2025-12-02,9:47:21.064467380,T,KO,I,10,71.345
2025-12-02,9:47:27.036664196,T,KO,I,12,71.35
2025-12-02,9:47:27.036664196,T,KO,I,57,71.35
2025-12-02,9:47:27.036691752,T,KO,I,43,71.35
2025-12-02,9:47:30.180543952,T,KO,,100,71.36
2025-12-02,9:47:30.180565060,T,KO,I,34,71.36
2025-12-02,9:47:30.180567976,T,KO,I,1,71.36
2025-12-02,9:47:30.180567976,T,KO,,100,71.36
2025-12-02,9:47:30.182225652,T,KO,F I,66,71.36
2025-12-02,9:47:30.182228962,T,KO,F I,10,71.36
2025-12-02,9:47:30.182228962,T,KO,F I,10,71.36
2025-12-02,9:47:30.182231344,T,KO,F,114,71.36
2025-12-02,9:47:30.302337020,T,KO,I,24,71.355
2025-12-02,9:47:30.842426389,T,KO,I,6,71.355
2025-12-02,9:47:32.362331046,T,KO,I,66,71.36
2025-12-02,9:47:32.362331046,T,KO,,100,71.36
2025-12-02,9:47:32.362333233,T,KO,I,50,71.36
2025-12-02,9:47:35.115032610,T,KO,F I,1,71.36
2025-12-02,9:47:35.115035235,T,KO,F I,39,71.36
2025-12-02,9:47:35.498331190,T,KO,,200,71.36
2025-12-02,9:47:41.865909668,T,KO,F I,10,71.35
2025-12-02,9:47:41.867354284,T,KO,,100,71.35
2025-12-02,9:47:41.867359330,T,KO,I,63,71.35
2025-12-02,9:47:41.867359330,T,KO,,100,71.35
2025-12-02,9:47:43.274437358,T,KO,F,100,71.36
2025-12-02,9:47:43.274440952,T,KO,F I,60,71.36
2025-12-02,9:47:44.298845166,T,KO,,100,71.365
2025-12-02,9:47:44.298887322,T,KO,I,3,71.36
2025-12-02,9:47:44.298890278,T,KO,I,10,71.36
2025-12-02,9:47:44.674698317,T,KO,F I,53,71.36
2025-12-02,9:47:44.675744873,T,KO,I,61,71.36
2025-12-02,9:47:44.675747813,T,KO,,100,71.36
2025-12-02,9:47:44.675751541,T,KO,,100,71.36
2025-12-02,9:47:44.675751541,T,KO,I,6,71.36
2025-12-02,9:47:44.675753917,T,KO,,100,71.36
2025-12-02,9:47:44.675756900,T,KO,,167,71.36
2025-12-02,9:47:44.675769158,T,KO,I,1,71.36
2025-12-02,9:47:44.675769158,T,KO,I,32,71.36
2025-12-02,9:47:44.724139077,T,KO,F I,61,71.36
2025-12-02,9:47:44.724139077,T,KO,F I,61,71.36
2025-12-02,9:47:45.172507002,T,KO,,100,71.355
2025-12-02,9:47:45.172510619,T,KO,,100,71.355
2025-12-02,9:47:45.172510619,T,KO,I,25,71.36
2025-12-02,9:47:45.172513018,T,KO,I,75,71.36
2025-12-02,9:47:45.172988173,T,KO,I,25,71.36
2025-12-02,9:47:45.172988173,T,KO,,100,71.36
2025-12-02,9:47:45.172991459,T,KO,I,61,71.36
2025-12-02,9:47:45.172991459,T,KO,I,40,71.36
2025-12-02,9:47:45.172994078,T,KO,,200,71.36
2025-12-02,9:47:45.173454223,T,KO,,100,71.36
2025-12-02,9:47:45.173487259,T,KO,I,61,71.36
2025-12-02,9:47:45.658254343,T,KO,,100,71.355
2025-12-02,9:47:45.658257446,T,KO,I,39,71.36
2025-12-02,9:47:45.658260903,T,KO,I,61,71.36
2025-12-02,9:47:45.658260903,T,KO,,100,71.36
2025-12-02,9:47:45.658262828,T,KO,,150,71.36
2025-12-02,9:47:47.946114767,T,KO,,100,71.36
2025-12-02,9:47:47.946114767,T,KO,,100,71.36
2025-12-02,9:47:47.946117805,T,KO,I,17,71.36
2025-12-02,9:47:47.946830573,T,KO,I,60,71.36
2025-12-02,9:47:47.946833542,T,KO,I,1,71.36
2025-12-02,9:47:50.132605147,T,KO,I,60,71.36
2025-12-02,9:47:50.132605147,T,KO,I,40,71.36
2025-12-02,9:47:50.132613407,T,KO,I,20,71.36
2025-12-02,9:47:50.308237626,T,KO,F I,1,71.36
2025-12-02,9:47:50.308237626,T,KO,F I,60,71.36
2025-12-02,9:47:50.308240625,T,KO,F I,3,71.36
2025-12-02,9:47:50.309166838,T,KO,I,60,71.36
2025-12-02,9:47:50.309170494,T,KO,,100,71.36
2025-12-02,9:47:50.309170494,T,KO,I,60,71.36
2025-12-02,9:47:50.309176123,T,KO,,100,71.36
2025-12-02,9:47:50.309176123,T,KO,I,26,71.36
2025-12-02,9:47:50.309179253,T,KO,,100,71.36
2025-12-02,9:47:50.532039649,T,KO,I,60,71.35
2025-12-02,9:47:50.532039649,T,KO,I,1,71.35
2025-12-02,9:47:50.532045617,T,KO,I,10,71.35
2025-12-02,9:47:50.532045617,T,KO,I,60,71.35
2025-12-02,9:47:50.532048626,T,KO,,200,71.35
2025-12-02,9:47:50.532776929,T,KO,I,8,71.35
2025-12-02,9:47:50.532863664,T,KO,,100,71.35
2025-12-02,9:47:50.532863664,T,KO,I,35,71.35
2025-12-02,9:47:50.532867648,T,KO,I,60,71.35
2025-12-02,9:47:50.532872849,T,KO,I,3,71.35
2025-12-02,9:47:50.532872849,T,KO,,100,71.35
2025-12-02,9:47:50.633296823,T,KO,,100,71.36
2025-12-02,9:47:50.845034125,T,KO,I,5,71.36
2025-12-02,9:47:51.122002783,T,KO,,400,71.355
2025-12-02,9:47:53.454417826,T,KO,F I,25,71.37
2025-12-02,9:47:53.454466075,T,KO,,200,71.37
2025-12-02,9:47:53.454808799,T,KO,I,20,71.38
2025-12-02,9:47:53.454812363,T,KO,I,74,71.38
2025-12-02,9:47:53.454830460,T,KO,I,48,71.38
2025-12-02,9:47:53.454833241,T,KO,,133,71.38
2025-12-02,9:47:53.454833241,T,KO,I,1,71.38
2025-12-02,9:47:53.455295914,T,KO,F I,2,71.38
2025-12-02,9:47:53.455299715,T,KO,F I,60,71.38
2025-12-02,9:47:53.455302368,T,KO,F I,55,71.38
2025-12-02,9:47:53.528063254,T,KO,I,7,71.38
2025-12-02,9:47:53.528066288,T,KO,I,55,71.38
2025-12-02,9:47:53.528102365,T,KO,,100,71.375
2025-12-02,9:47:54.455282699,T,KO,,221,71.39
2025-12-02,9:47:54.784025583,T,KO,,938,71.4
2025-12-02,9:47:55.452066724,T,KO,F I,1,71.39
2025-12-02,9:47:55.452066724,T,KO,F I,46,71.39
2025-12-02,9:47:56.452104410,T,KO,F I,7,71.38
2025-12-02,9:47:56.452107353,T,KO,F I,27,71.38
2025-12-02,9:47:56.452110436,T,KO,F I,56,71.38
2025-12-02,9:47:58.616172505,T,KO,F I,97,71.36
2025-12-02,9:47:58.616190556,T,KO,I,1,71.36
2025-12-02,9:47:58.616214627,T,KO,I,2,71.36
2025-12-02,9:47:58.616214627,T,KO,I,2,71.36
2025-12-02,9:47:58.616539404,T,KO,F I,12,71.36
2025-12-02,9:48:00.172090227,T,KO,F I,3,71.36
2025-12-02,9:48:00.182934047,T,KO,I,1,71.35
2025-12-02,9:48:07.007880968,T,KO,F I,20,71.36
2025-12-02,9:48:07.008779989,T,KO,I,25,71.36
2025-12-02,9:48:07.008783236,T,KO,I,5,71.36
2025-12-02,9:48:07.246499112,T,KO,F,100,71.36
2025-12-02,9:48:07.246517157,T,KO,I,1,71.36
2025-12-02,9:48:07.250589502,T,KO,I,67,71.36
2025-12-02,9:48:07.250591870,T,KO,I,1,71.36
2025-12-02,9:48:07.250594886,T,KO,I,36,71.36
2025-12-02,9:48:07.688473829,T,KO,,100,71.37
2025-12-02,9:48:07.971998105,T,KO,F I,67,71.38
2025-12-02,9:48:07.972034137,T,KO,I,8,71.37
2025-12-02,9:48:10.696727549,T,KO,I,5,71.38
2025-12-02,9:48:15.146070509,T,KO,F,100,71.38
2025-12-02,9:48:23.170231254,T,KO,,100,71.39
2025-12-02,9:48:26.434683128,T,KO,F I,42,71.39
2025-12-02,9:48:26.434686101,T,KO,F I,42,71.39
2025-12-02,9:48:26.434689115,T,KO,F I,5,71.39
2025-12-02,9:48:26.919921822,T,KO,,100,71.385
2025-12-02,9:48:26.919921822,T,KO,I,1,71.38
2025-12-02,9:48:26.919924836,T,KO,I,2,71.38
2025-12-02,9:48:26.919924836,T,KO,I,1,71.38
2025-12-02,9:48:28.187780425,T,KO,F,100,71.385
2025-12-02,9:48:28.187783951,T,KO,F,100,71.385
2025-12-02,9:48:28.187786693,T,KO,F I,2,71.38
2025-12-02,9:48:28.187786693,T,KO,F I,35,71.38
2025-12-02,9:48:28.187789476,T,KO,F I,24,71.38
2025-12-02,9:48:29.874690050,T,KO,,100,71.385
2025-12-02,9:48:29.887771209,T,KO,F I,5,71.38
2025-12-02,9:48:29.887771209,T,KO,F I,5,71.38
2025-12-02,9:48:29.887774279,T,KO,F I,5,71.38
2025-12-02,9:48:29.887786299,T,KO,,100,71.38
2025-12-02,9:48:29.887811340,T,KO,I,1,71.38
2025-12-02,9:48:29.887811340,T,KO,I,99,71.38
2025-12-02,9:48:29.887816291,T,KO,I,25,71.38
2025-12-02,9:48:29.888020777,T,KO,I,50,71.38
2025-12-02,9:48:29.888676389,T,KO,F I,60,71.38
2025-12-02,9:48:30.769525369,T,KO,I,50,71.38
2025-12-02,9:48:30.890497448,T,KO,I,6,71.38
2025-12-02,9:48:31.044133589,T,KO,I,40,71.375
2025-12-02,9:48:31.044136427,T,KO,,200,71.375
2025-12-02,9:48:31.044139475,T,KO,,100,71.375
2025-12-02,9:48:31.051338533,T,KO,F I,5,71.37
2025-12-02,9:48:31.051338533,T,KO,F I,1,71.37
2025-12-02,9:48:31.051889032,T,KO,,100,71.37
2025-12-02,9:48:31.051889032,T,KO,I,60,71.37
2025-12-02,9:48:31.051891845,T,KO,I,1,71.37
2025-12-02,9:48:32.096101743,T,KO,F I,60,71.37
2025-12-02,9:48:35.154789037,T,KO,F I,3,71.37
2025-12-02,9:48:35.154791605,T,KO,F I,50,71.37
2025-12-02,9:48:35.154794576,T,KO,F I,40,71.37
2025-12-02,9:48:35.154794576,T,KO,F I,25,71.37
2025-12-02,9:48:35.154797572,T,KO,F I,3,71.37
2025-12-02,9:48:43.090391615,T,KO,F I,4,71.37
2025-12-02,9:48:44.741233402,T,KO,,200,71.365
2025-12-02,9:48:44.742183663,T,KO,I,50,71.37
2025-12-02,9:48:44.742183663,T,KO,I,60,71.37
2025-12-02,9:48:44.742580589,T,KO,I,50,71.37
2025-12-02,9:48:48.095548371,T,KO,,200,71.385
2025-12-02,9:48:50.865126504,T,KO,I,5,71.395
2025-12-02,9:48:52.483740587,T,KO,F,162,71.4
2025-12-02,9:48:52.483743602,T,KO,F,100,71.4
2025-12-02,9:48:52.485341051,T,KO,F I,3,71.4
2025-12-02,9:48:52.494629529,T,KO,F I,1,71.385
2025-12-02,9:48:52.494999787,T,KO,F I,1,71.385
2025-12-02,9:48:54.162088902,T,KO,,100,71.395
2025-12-02,9:48:56.465268295,T,KO,I,97,71.385
2025-12-02,9:48:59.514602848,T,KO,I,7,71.39
2025-12-02,9:49:01.683094573,T,KO,F I,1,71.38
2025-12-02,9:49:01.683094573,T,KO,F I,1,71.38
2025-12-02,9:49:01.683097549,T,KO,F I,5,71.38
2025-12-02,9:49:04.086909283,T,KO,F I,4,71.36
2025-12-02,9:49:04.086912162,T,KO,F,100,71.36
2025-12-02,9:49:04.086915366,T,KO,F I,11,71.36
2025-12-02,9:49:10.259764497,T,KO,,100,71.37
2025-12-02,9:49:10.260122347,T,KO,F I,6,71.37
2025-12-02,9:49:10.260128459,T,KO,F I,56,71.37
2025-12-02,9:49:10.260128459,T,KO,F,100,71.37
2025-12-02,9:49:10.260134371,T,KO,F I,10,71.37
2025-12-02,9:49:10.260134371,T,KO,F I,62,71.37
2025-12-02,9:49:10.260137415,T,KO,F I,11,71.37
2025-12-02,9:49:10.260143494,T,KO,F I,17,71.37
2025-12-02,9:49:10.260146357,T,KO,F,100,71.37
2025-12-02,9:49:10.858337223,T,KO,I,6,71.36
2025-12-02,9:49:15.142740286,T,KO,I,62,71.36
2025-12-02,9:49:15.142740286,T,KO,I,90,71.36
2025-12-02,9:49:15.142758304,T,KO,I,10,71.36
2025-12-02,9:49:18.885348985,T,KO,I,20,71.36
2025-12-02,9:49:18.886509843,T,KO,F,100,71.36
2025-12-02,9:49:19.096909005,T,KO,,100,71.355
2025-12-02,9:49:20.502057382,T,KO,F I,5,71.35
2025-12-02,9:49:20.502057382,T,KO,F I,1,71.35
2025-12-02,9:49:20.502057382,T,KO,F I,98,71.35
2025-12-02,9:49:20.502059435,T,KO,F I,1,71.35
2025-12-02,9:49:22.073124137,T,KO,F,209,71.34
2025-12-02,9:49:23.149796874,T,KO,F I,6,71.335
2025-12-02,9:49:23.149800003,T,KO,F I,20,71.34
2025-12-02,9:49:23.149802592,T,KO,F I,34,71.34
2025-12-02,9:49:30.659008059,T,KO,I,73,71.335
2025-12-02,9:49:30.860214278,T,KO,I,5,71.335
2025-12-02,9:49:32.686247606,T,KO,I,6,71.34
2025-12-02,9:49:32.686247606,T,KO,,160,71.34
2025-12-02,9:49:32.686265298,T,KO,I,1,71.34
2025-12-02,9:49:32.686268340,T,KO,I,93,71.34
2025-12-02,9:49:32.686274374,T,KO,I,6,71.34
2025-12-02,9:49:33.293609697,T,KO,,133,71.345
2025-12-02,9:49:33.397865036,T,KO,,100,71.345
2025-12-02,9:49:37.029494379,T,KO,,100,71.345
2025-12-02,9:49:39.089740226,T,KO,,100,71.345
2025-12-02,9:49:43.468417813,T,KO,,125,71.35
2025-12-02,9:49:43.911053929,T,KO,F I,75,71.35
2025-12-02,9:49:45.110009463,T,KO,,100,71.36
2025-12-02,9:49:45.110018464,T,KO,,100,71.36
2025-12-02,9:49:45.110031268,T,KO,I,94,71.36
2025-12-02,9:49:45.110031268,T,KO,I,1,71.36
2025-12-02,9:49:45.110031268,T,KO,I,5,71.36
2025-12-02,9:49:45.961908422,T,KO,F I,25,71.36
2025-12-02,9:49:49.744473031,T,KO,F,100,71.34
2025-12-02,9:49:49.744473031,T,KO,F I,6,71.34
2025-12-02,9:49:49.744476109,T,KO,F I,23,71.34
2025-12-02,9:49:55.131899970,T,KO,I,21,71.34
2025-12-02,9:49:59.321643571,T,KO,F I,36,71.34
2025-12-02,9:49:59.321643571,T,KO,F I,42,71.34
2025-12-02,9:49:59.321647387,T,KO,I,8,71.34
2025-12-02,9:49:59.321649549,T,KO,I,78,71.34
2025-12-02,9:49:59.321652609,T,KO,F I,8,71.34
2025-12-02,9:50:01.188342878,T,KO,I,6,71.33
2025-12-02,9:50:01.188342878,T,KO,,329,71.33
2025-12-02,9:50:01.188345632,T,KO,I,73,71.33
2025-12-02,9:50:03.044883223,T,KO,F I,48,71.31
2025-12-02,9:50:03.044883223,T,KO,F I,1,71.31
2025-12-02,9:50:03.423533028,T,KO,,100,71.305
2025-12-02,9:50:08.162492909,T,KO,,100,71.31
2025-12-02,9:50:10.129946882,T,KO,I,94,71.32
2025-12-02,9:50:10.725686860,T,KO,I,3,71.33
2025-12-02,9:50:10.726471707,T,KO,I,2,71.33
2025-12-02,9:50:10.831752443,T,KO,,100,71.33
2025-12-02,9:50:10.993206951,T,KO,F,107,71.33
2025-12-02,9:50:10.993210051,T,KO,F I,25,71.33
2025-12-02,9:50:11.735143111,T,KO,I,25,71.325
2025-12-02,9:50:12.090105554,T,KO,I,25,71.33
2025-12-02,9:50:12.090153680,T,KO,F I,71,71.33
2025-12-02,9:50:12.090166306,T,KO,F I,1,71.33
2025-12-02,9:50:17.876911169,T,KO,F,100,71.32
2025-12-02,9:50:17.876911169,T,KO,F I,74,71.32
2025-12-02,9:50:19.534179347,T,KO,I,5,71.32
2025-12-02,9:50:19.534182858,T,KO,I,71,71.32
2025-12-02,9:50:19.534185830,T,KO,I,6,71.32
2025-12-02,9:50:19.534188731,T,KO,,100,71.32
2025-12-02,9:50:19.534188731,T,KO,I,90,71.32
2025-12-02,9:50:19.534191229,T,KO,I,25,71.32
2025-12-02,9:50:19.534260481,T,KO,F I,4,71.32
2025-12-02,9:50:21.253142318,T,KO,F I,37,71.33
2025-12-02,9:50:21.253229425,T,KO,,100,71.325
2025-12-02,9:50:21.253229425,T,KO,I,67,71.33
2025-12-02,9:50:23.027320010,T,KO,I,20,71.33
2025-12-02,9:50:23.027322770,T,KO,I,15,71.33
2025-12-02,9:50:23.027341032,T,KO,I,9,71.33
2025-12-02,9:50:23.027343805,T,KO,I,34,71.33
2025-12-02,9:50:23.031409600,T,KO,I,1,71.33
2025-12-02,9:50:23.031412598,T,KO,I,67,71.33
2025-12-02,9:50:23.031412598,T,KO,I,67,71.33
2025-12-02,9:50:24.377057403,T,KO,I,1,71.33
2025-12-02,9:50:24.377057403,T,KO,I,26,71.33
2025-12-02,9:50:24.377923489,T,KO,I,41,71.33
2025-12-02,9:50:27.034853857,T,KO,F I,16,71.32
2025-12-02,9:50:27.034853857,T,KO,F I,6,71.32
2025-12-02,9:50:27.034859514,T,KO,F I,1,71.32
2025-12-02,9:50:27.034904713,T,KO,I,15,71.32
2025-12-02,9:50:31.462301214,T,KO,I,89,71.33
2025-12-02,9:50:31.462355357,T,KO,I,28,71.33
2025-12-02,9:50:33.335694033,T,KO,F I,3,71.34
2025-12-02,9:50:33.336466844,T,KO,I,10,71.34
2025-12-02,9:50:34.260525667,T,KO,I,7,71.34
2025-12-02,9:50:34.260528709,T,KO,I,80,71.34
2025-12-02,9:50:34.264444077,T,KO,F I,51,71.34
2025-12-02,9:50:34.264465380,T,KO,I,49,71.34
2025-12-02,9:50:34.264465380,T,KO,I,67,71.34
2025-12-02,9:50:34.264468126,T,KO,I,1,71.34
2025-12-02,9:50:34.264471048,T,KO,I,40,71.34
2025-12-02,9:50:42.336280563,T,KO,,100,71.35
2025-12-02,9:50:44.086418818,T,KO,,100,71.355
2025-12-02,9:50:44.097963295,T,KO,,100,71.355
2025-12-02,9:50:46.230480240,T,KO,F I,67,71.35
2025-12-02,9:50:46.230483440,T,KO,F I,13,71.35
2025-12-02,9:50:46.230483440,T,KO,F I,31,71.35
2025-12-02,9:50:46.230486309,T,KO,F I,38,71.35
2025-12-02,9:50:50.140778049,T,KO,F I,1,71.34
2025-12-02,9:50:50.140778049,T,KO,F I,1,71.34
2025-12-02,9:50:50.140780381,T,KO,F I,20,71.34
2025-12-02,9:50:50.140783287,T,KO,F I,4,71.34
2025-12-02,9:50:50.141243451,T,KO,F I,66,71.34
2025-12-02,9:50:50.141261448,T,KO,I,66,71.34
2025-12-02,9:50:50.141619259,T,KO,I,66,71.34
2025-12-02,9:50:50.141619259,T,KO,I,66,71.34
2025-12-02,9:50:50.141622277,T,KO,I,25,71.34
2025-12-02,9:50:50.141625350,T,KO,,261,71.34
2025-12-02,9:50:50.222704444,T,KO,,100,71.34
2025-12-02,9:50:50.222729073,T,KO,I,66,71.34
2025-12-02,9:50:50.222731597,T,KO,I,1,71.34
2025-12-02,9:50:50.222734423,T,KO,I,66,71.34
2025-12-02,9:50:50.222734423,T,KO,I,1,71.34
2025-12-02,9:50:50.873505330,T,KO,I,6,71.335
2025-12-02,9:50:50.873541487,T,KO,I,51,71.335
2025-12-02,9:50:55.051247151,T,KO,F I,1,71.34
2025-12-02,9:50:55.056208962,T,KO,F,350,71.355
2025-12-02,9:50:55.056296224,T,KO,,350,71.35
2025-12-02,9:50:59.766979371,T,KO,I,20,71.36
2025-12-02,9:50:59.766979371,T,KO,I,3,71.36
2025-12-02,9:51:00.284214266,T,KO,F I,50,71.37
2025-12-02,9:51:00.875497504,T,KO,I,5,71.375
2025-12-02,9:51:02.031261057,T,KO,,100,71.38
2025-12-02,9:51:05.158871971,T,KO,F,100,71.39
2025-12-02,9:51:05.158871971,T,KO,F,100,71.39
2025-12-02,9:51:08.038190530,T,KO,F I,75,71.39
2025-12-02,9:51:08.038193753,T,KO,F I,32,71.39
2025-12-02,9:51:08.038193753,T,KO,F I,63,71.39
2025-12-02,9:51:10.145568249,T,KO,I,25,71.39
2025-12-02,9:51:10.145570777,T,KO,,100,71.39
2025-12-02,9:51:10.145570777,T,KO,,175,71.39
2025-12-02,9:51:10.145588817,T,KO,I,1,71.39
2025-12-02,9:51:10.145588817,T,KO,I,15,71.39
2025-12-02,9:51:10.145591782,T,KO,I,20,71.39
2025-12-02,9:51:10.695466459,T,KO,F I,15,71.39
2025-12-02,9:51:10.695469378,T,KO,F I,75,71.39
2025-12-02,9:51:10.695469378,T,KO,F I,25,71.39
2025-12-02,9:51:10.709458709,T,KO,I,6,71.385
2025-12-02,9:51:10.709843641,T,KO,F I,5,71.38
