DATE,TIME_M,EX,SYM_ROOT,TR_SCOND,SIZE,PRICE
2025-12-11,9:30:00.625979379,T,KO,TI,5,70.55
2025-12-11,9:30:02.292157803,T,KO,I,1,70.575
2025-12-11,9:30:02.292163926,T,KO,Q,1,70.575
2025-12-11,9:30:02.574767921,T,KO,I,25,70.575
2025-12-11,9:30:03.310521347,T,KO,I,50,70.575
2025-12-11,9:30:03.341263564,T,KO,,200,70.6
2025-12-11,9:30:03.409862865,T,KO,F I,3,70.62
2025-12-11,9:30:03.409886951,T,KO,I,8,70.62
2025-12-11,9:30:03.409886951,T,KO,I,42,70.62
2025-12-11,9:30:03.478835150,T,KO,I,1,70.61
2025-12-11,9:30:04.682033775,T,KO,I,6,70.61
2025-12-11,9:30:04.754485271,T,KO,F I,94,70.61
2025-12-11,9:30:04.754485271,T,KO,F I,2,70.61
2025-12-11,9:30:04.754885278,T,KO,F I,1,70.6
2025-12-11,9:30:05.015266405,T,KO,,200,70.62
2025-12-11,9:30:05.016087342,T,KO,,100,70.61
2025-12-11,9:30:05.016090435,T,KO,,100,70.61
2025-12-11,9:30:05.016559446,T,KO,F I,59,70.61
2025-12-11,9:30:05.017046620,T,KO,,200,70.62
2025-12-11,9:30:05.017046620,T,KO,,100,70.62
2025-12-11,9:30:05.037624627,T,KO,,200,70.62
2025-12-11,9:30:05.243028875,T,KO,F,200,70.62
2025-12-11,9:30:05.243898002,T,KO,F,200,70.63
2025-12-11,9:30:05.243898002,T,KO,F,200,70.63
2025-12-11,9:30:05.243916073,T,KO,,100,70.63
2025-12-11,9:30:05.433093579,T,KO,F,100,70.62
2025-12-11,9:30:05.437868930,T,KO,F,200,70.63
2025-12-11,9:30:06.341824897,T,KO,F I,8,70.64
2025-12-11,9:30:06.341824897,T,KO,F,200,70.64
2025-12-11,9:30:06.341840057,T,KO,I,1,70.64
2025-12-11,9:30:06.364023749,T,KO,I,99,70.64
2025-12-11,9:30:06.369680235,T,KO,F I,94,70.64
2025-12-11,9:30:06.369719373,T,KO,I,1,70.64
2025-12-11,9:30:06.369722314,T,KO,I,5,70.64
2025-12-11,9:30:06.370528256,T,KO,,200,70.65
2025-12-11,9:30:06.620327193,T,KO,I,7,70.65
2025-12-11,9:30:06.629339583,T,KO,I,1,70.65
2025-12-11,9:30:07.605455386,T,KO,F I,46,70.655
2025-12-11,9:30:08.270290834,T,KO,F,100,70.64
2025-12-11,9:30:08.270305908,T,KO,I,1,70.64
2025-12-11,9:30:08.270323994,T,KO,F I,99,70.64
2025-12-11,9:30:08.270742112,T,KO,F,100,70.64
2025-12-11,9:30:08.401980558,T,KO,I,3,70.64
2025-12-11,9:30:08.424708689,T,KO,I,18,70.64
2025-12-11,9:30:08.424711713,T,KO,,182,70.64
2025-12-11,9:30:08.424729770,T,KO,I,1,70.64
2025-12-11,9:30:08.546453606,T,KO,,100,70.63
2025-12-11,9:30:10.060000500,T,KO,F,100,70.64
2025-12-11,9:30:10.121511928,T,KO,I,25,70.65
2025-12-11,9:30:11.398130461,T,KO,,100,70.63
2025-12-11,9:30:11.398148523,T,KO,I,1,70.63
2025-12-11,9:30:11.398214746,T,KO,F I,4,70.62
2025-12-11,9:30:11.443343461,T,KO,I,4,70.62
2025-12-11,9:30:11.443346148,T,KO,I,92,70.62
2025-12-11,9:30:11.444085978,T,KO,F I,34,70.62
2025-12-11,9:30:11.519217028,T,KO,F,100,70.62
2025-12-11,9:30:11.519220032,T,KO,F,100,70.62
2025-12-11,9:30:11.519220032,T,KO,F,100,70.62
2025-12-11,9:30:11.519258964,T,KO,,100,70.61
2025-12-11,9:30:12.891300707,T,KO,I,50,70.61
2025-12-11,9:30:15.042756973,T,KO,I,50,70.61
2025-12-11,9:30:15.445494175,T,KO,F I,50,70.61
2025-12-11,9:30:16.526421572,T,KO,I,3,70.62
2025-12-11,9:30:16.684490015,T,KO,F I,97,70.62
2025-12-11,9:30:17.661108077,T,KO,I,3,70.63
2025-12-11,9:30:17.661123065,T,KO,F I,47,70.63
2025-12-11,9:30:18.934614067,T,KO,,100,70.64
2025-12-11,9:30:18.934629148,T,KO,I,1,70.64
2025-12-11,9:30:20.584773288,T,KO,,127,70.66
2025-12-11,9:30:20.585022959,T,KO,I,50,70.66
2025-12-11,9:30:20.585080206,T,KO,I,50,70.655
2025-12-11,9:30:20.585083060,T,KO,I,79,70.66
2025-12-11,9:30:20.585137242,T,KO,F I,21,70.66
2025-12-11,9:30:20.585404878,T,KO,,100,70.66
2025-12-11,9:30:20.585434886,T,KO,I,50,70.66
2025-12-11,9:30:20.585507106,T,KO,F,100,70.66
2025-12-11,9:30:20.585510105,T,KO,F,100,70.66
2025-12-11,9:30:20.585516046,T,KO,F I,79,70.66
2025-12-11,9:30:20.585558182,T,KO,I,50,70.66
2025-12-11,9:30:20.585588235,T,KO,F,100,70.66
2025-12-11,9:30:20.632839800,T,KO,,100,70.67
2025-12-11,9:30:20.633648744,T,KO,I,21,70.67
2025-12-11,9:30:20.633793029,T,KO,I,79,70.665
2025-12-11,9:30:20.633796221,T,KO,I,21,70.67
2025-12-11,9:30:20.659892273,T,KO,F I,59,70.67
2025-12-11,9:30:20.659934292,T,KO,F I,4,70.67
2025-12-11,9:30:20.660286216,T,KO,I,12,70.66
2025-12-11,9:30:23.497943692,T,KO,I,29,70.66
2025-12-11,9:30:23.497943692,T,KO,I,10,70.66
2025-12-11,9:30:23.497949739,T,KO,I,12,70.67
2025-12-11,9:30:23.497949739,T,KO,,161,70.67
2025-12-11,9:30:23.497952665,T,KO,F I,39,70.67
2025-12-11,9:30:23.498433740,T,KO,F I,1,70.68
2025-12-11,9:30:23.498436978,T,KO,F I,99,70.68
2025-12-11,9:30:23.498776680,T,KO,I,6,70.67
2025-12-11,9:30:23.498782640,T,KO,I,94,70.67
2025-12-11,9:30:23.498797700,T,KO,I,1,70.67
2025-12-11,9:30:23.499402124,T,KO,F I,12,70.68
2025-12-11,9:30:23.499405059,T,KO,F,100,70.68
2025-12-11,9:30:23.501272685,T,KO,I,59,70.67
2025-12-11,9:30:23.501272685,T,KO,I,12,70.67
2025-12-11,9:30:23.501786825,T,KO,I,10,70.67
2025-12-11,9:30:23.540266386,T,KO,F I,18,70.67
2025-12-11,9:30:23.540270200,T,KO,F I,10,70.67
2025-12-11,9:30:23.540270200,T,KO,F I,35,70.67
2025-12-11,9:30:23.540272488,T,KO,F I,12,70.67
2025-12-11,9:30:24.476444133,T,KO,,100,70.67
2025-12-11,9:30:25.135719315,T,KO,,100,70.67
2025-12-11,9:30:25.135734356,T,KO,I,1,70.67
2025-12-11,9:30:25.137746133,T,KO,,100,70.67
2025-12-11,9:30:25.169411597,T,KO,,100,70.68
2025-12-11,9:30:25.170839959,T,KO,I,12,70.67
2025-12-11,9:30:25.448103321,T,KO,I,12,70.68
2025-12-11,9:30:29.698805883,T,KO,F I,36,70.68
2025-12-11,9:30:29.698805883,T,KO,F I,5,70.68
2025-12-11,9:30:30.015976759,T,KO,F,100,70.69
2025-12-11,9:30:30.015976759,T,KO,F I,68,70.69
2025-12-11,9:30:30.015991902,T,KO,I,1,70.69
2025-12-11,9:30:30.016704720,T,KO,F I,31,70.69
2025-12-11,9:30:30.016704720,T,KO,F,100,70.69
2025-12-11,9:30:30.016707945,T,KO,F,100,70.69
2025-12-11,9:30:30.016710419,T,KO,F I,14,70.69
2025-12-11,9:30:30.016930021,T,KO,,100,70.69
2025-12-11,9:30:30.016930021,T,KO,F I,86,70.69
2025-12-11,9:30:30.016932951,T,KO,F I,14,70.69
2025-12-11,9:30:30.016962956,T,KO,F,100,70.69
2025-12-11,9:30:30.017438520,T,KO,F,100,70.69
2025-12-11,9:30:30.017438520,T,KO,F I,86,70.69
2025-12-11,9:30:30.017441123,T,KO,F I,2,70.69
2025-12-11,9:30:30.055096792,T,KO,,100,70.68
2025-12-11,9:30:30.482023651,T,KO,F I,33,70.66
2025-12-11,9:30:30.482080752,T,KO,F,300,70.66
2025-12-11,9:30:30.488711922,T,KO,F,100,70.66
2025-12-11,9:30:30.488711922,T,KO,F,100,70.66
2025-12-11,9:30:31.367723334,T,KO,F I,78,70.66
2025-12-11,9:30:31.367753291,T,KO,F I,22,70.66
2025-12-11,9:30:31.374991573,T,KO,,100,70.66
2025-12-11,9:30:31.382590632,T,KO,F,200,70.66
2025-12-11,9:30:31.395355964,T,KO,I,80,70.655
2025-12-11,9:30:32.292302252,T,KO,F,200,70.64
2025-12-11,9:30:32.292302252,T,KO,F,150,70.64
2025-12-11,9:30:32.293006301,T,KO,F I,50,70.64
2025-12-11,9:30:33.515688038,T,KO,I,85,70.65
2025-12-11,9:30:35.206227311,T,KO,I,15,70.65
2025-12-11,9:30:35.206231031,T,KO,I,85,70.65
2025-12-11,9:30:35.206245351,T,KO,I,1,70.65
2025-12-11,9:30:35.206245351,T,KO,I,14,70.65
2025-12-11,9:30:35.206248611,T,KO,I,50,70.65
2025-12-11,9:30:35.206254435,T,KO,F I,15,70.65
2025-12-11,9:30:35.206257344,T,KO,F I,35,70.65
2025-12-11,9:30:35.206260440,T,KO,F I,80,70.65
2025-12-11,9:30:35.206281470,T,KO,I,20,70.65
2025-12-11,9:30:35.206284817,T,KO,I,30,70.65
2025-12-11,9:30:35.206308453,T,KO,F I,70,70.65
2025-12-11,9:30:35.206335581,T,KO,,100,70.65
2025-12-11,9:30:35.859283739,T,KO,,100,70.69
2025-12-11,9:30:35.859346897,T,KO,F,200,70.68
2025-12-11,9:30:35.859554560,T,KO,,100,70.68
2025-12-11,9:30:37.201464438,T,KO,F,200,70.65
2025-12-11,9:30:37.201464438,T,KO,,200,70.65
2025-12-11,9:30:37.201482452,T,KO,I,1,70.66
2025-12-11,9:30:37.201489036,T,KO,F,274,70.66
2025-12-11,9:30:37.201491444,T,KO,F I,83,70.66
2025-12-11,9:30:37.201494539,T,KO,F,274,70.65
2025-12-11,9:30:39.019360094,T,KO,,100,70.64
2025-12-11,9:30:39.023660265,T,KO,,100,70.64
2025-12-11,9:30:41.509200119,T,KO,F,900,70.65
2025-12-11,9:30:43.624284613,T,KO,,100,70.665
2025-12-11,9:30:52.348558115,T,KO,I,9,70.67
2025-12-11,9:30:52.348573147,T,KO,F I,41,70.67
2025-12-11,9:30:52.353709366,T,KO,F,200,70.67
2025-12-11,9:30:52.353871711,T,KO,,100,70.67
2025-12-11,9:30:52.401463063,T,KO,I,2,70.66
2025-12-11,9:30:52.533591815,T,KO,I,1,70.66
2025-12-11,9:30:52.533639925,T,KO,,197,70.66
2025-12-11,9:30:52.533642925,T,KO,,197,70.66
2025-12-11,9:30:52.533664594,T,KO,I,1,70.66
2025-12-11,9:30:52.533679047,T,KO,,115,70.66
2025-12-11,9:30:52.533688065,T,KO,I,84,70.66
2025-12-11,9:30:52.533688065,T,KO,I,10,70.66
2025-12-11,9:30:52.533691051,T,KO,I,3,70.66
2025-12-11,9:30:52.533691051,T,KO,I,61,70.66
2025-12-11,9:30:57.201059396,T,KO,F I,2,70.65
2025-12-11,9:31:04.834725355,T,KO,F,100,70.66
2025-12-11,9:31:04.834741201,T,KO,,100,70.66
2025-12-11,9:31:04.834743512,T,KO,I,1,70.66
2025-12-11,9:31:04.834767462,T,KO,,100,70.66
2025-12-11,9:31:04.834785489,T,KO,F,100,70.66
2025-12-11,9:31:04.859341979,T,KO,F I,10,70.665
2025-12-11,9:31:04.859366043,T,KO,F I,10,70.665
2025-12-11,9:31:04.860259140,T,KO,F I,1,70.66
2025-12-11,9:31:04.874001878,T,KO,F,200,70.655
2025-12-11,9:31:04.874016913,T,KO,F I,69,70.66
2025-12-11,9:31:04.885167485,T,KO,F,100,70.655
2025-12-11,9:31:04.885167485,T,KO,F,100,70.655
2025-12-11,9:31:04.899866689,T,KO,F,100,70.655
2025-12-11,9:31:04.899866689,T,KO,F I,31,70.66
2025-12-11,9:31:04.899866689,T,KO,F I,69,70.66
2025-12-11,9:31:04.915227115,T,KO,F,100,70.655
2025-12-11,9:31:04.927535383,T,KO,F,100,70.655
2025-12-11,9:31:04.943452328,T,KO,F,100,70.655
2025-12-11,9:31:04.958346742,T,KO,F,100,70.655
2025-12-11,9:31:04.958364835,T,KO,I,19,70.65
2025-12-11,9:31:04.958385824,T,KO,F I,81,70.65
2025-12-11,9:31:04.958385824,T,KO,F,100,70.65
2025-12-11,9:31:06.569403814,T,KO,,100,70.65
2025-12-11,9:31:11.415977977,T,KO,I,10,70.67
2025-12-11,9:31:11.430159861,T,KO,F,200,70.69
2025-12-11,9:31:11.430174997,T,KO,F I,25,70.69
2025-12-11,9:31:11.430180822,T,KO,I,1,70.69
2025-12-11,9:31:11.430190005,T,KO,I,25,70.69
2025-12-11,9:31:11.431843767,T,KO,F I,10,70.67
2025-12-11,9:31:11.447346006,T,KO,F,100,70.65
2025-12-11,9:31:11.447346006,T,KO,F I,25,70.65
2025-12-11,9:31:11.447352441,T,KO,F I,30,70.65
2025-12-11,9:31:11.447366804,T,KO,I,1,70.65
2025-12-11,9:31:11.448202750,T,KO,I,21,70.64
2025-12-11,9:31:11.448202750,T,KO,I,25,70.64
2025-12-11,9:31:11.451534799,T,KO,I,75,70.64
2025-12-11,9:31:11.451534799,T,KO,I,93,70.64
2025-12-11,9:31:11.451552723,T,KO,F I,7,70.64
2025-12-11,9:31:11.451597830,T,KO,,200,70.64
2025-12-11,9:31:11.484177503,T,KO,F I,35,70.65
2025-12-11,9:31:11.829032748,T,KO,F,100,70.64
2025-12-11,9:31:11.829032748,T,KO,F,200,70.64
2025-12-11,9:31:11.829038739,T,KO,F,144,70.63
2025-12-11,9:31:11.829053855,T,KO,F I,56,70.63
2025-12-11,9:31:11.829056770,T,KO,F I,25,70.63
2025-12-11,9:31:11.829056770,T,KO,F I,2,70.63
2025-12-11,9:31:11.829638090,T,KO,,200,70.63
2025-12-11,9:31:11.829643351,T,KO,,100,70.63
2025-12-11,9:31:11.829649546,T,KO,,100,70.63
2025-12-11,9:31:11.830199507,T,KO,,100,70.62
2025-12-11,9:31:11.830202550,T,KO,,100,70.61
2025-12-11,9:31:11.830229568,T,KO,F I,49,70.62
2025-12-11,9:31:12.029541316,T,KO,,100,70.635
2025-12-11,9:31:12.196243342,T,KO,F I,49,70.62
2025-12-11,9:31:12.196246480,T,KO,F,101,70.62
2025-12-11,9:31:12.196246480,T,KO,F,100,70.62
2025-12-11,9:31:12.731352833,T,KO,,100,70.615
2025-12-11,9:31:13.515954481,T,KO,,100,70.6
2025-12-11,9:31:14.630150279,T,KO,I,25,70.61
2025-12-11,9:31:14.630153232,T,KO,,100,70.61
2025-12-11,9:31:14.630171345,T,KO,I,1,70.61
2025-12-11,9:31:18.249826296,T,KO,F,300,70.62
2025-12-11,9:31:18.271811659,T,KO,F,100,70.63
2025-12-11,9:31:18.271814661,T,KO,F,100,70.63
2025-12-11,9:31:18.271835711,T,KO,I,1,70.63
2025-12-11,9:31:18.271856780,T,KO,I,99,70.63
2025-12-11,9:31:18.306667662,T,KO,F I,80,70.63
2025-12-11,9:31:18.306670759,T,KO,F,120,70.63
2025-12-11,9:31:18.306682733,T,KO,F I,39,70.63
2025-12-11,9:31:18.306995533,T,KO,I,38,70.62
2025-12-11,9:31:18.306998550,T,KO,,100,70.62
2025-12-11,9:31:18.307019665,T,KO,F,100,70.62
2025-12-11,9:31:18.307019665,T,KO,I,1,70.62
2025-12-11,9:31:20.107323106,T,KO,I,30,70.61
2025-12-11,9:31:21.793815272,T,KO,F,204,70.62
2025-12-11,9:31:23.005920802,T,KO,,100,70.615
2025-12-11,9:31:27.587070697,T,KO,F I,6,70.59
2025-12-11,9:31:27.587407464,T,KO,,200,70.6
2025-12-11,9:31:27.587449596,T,KO,F I,61,70.6
2025-12-11,9:31:27.587449596,T,KO,F I,25,70.6
2025-12-11,9:31:27.587452850,T,KO,F I,32,70.6
2025-12-11,9:31:27.587470773,T,KO,I,1,70.6
2025-12-11,9:31:27.587497689,T,KO,I,41,70.59
2025-12-11,9:31:27.587504165,T,KO,I,20,70.59
2025-12-11,9:31:27.587504165,T,KO,I,41,70.59
2025-12-11,9:31:27.587546111,T,KO,F,100,70.59
2025-12-11,9:31:27.587546111,T,KO,F I,59,70.59
2025-12-11,9:31:27.587581850,T,KO,I,41,70.58
2025-12-11,9:31:27.587584869,T,KO,,100,70.58
2025-12-11,9:31:27.587591623,T,KO,,100,70.58
2025-12-11,9:31:27.587591623,T,KO,,100,70.58
2025-12-11,9:31:27.587591623,T,KO,,100,70.58
2025-12-11,9:31:27.587593884,T,KO,,200,70.58
2025-12-11,9:31:27.587596907,T,KO,I,25,70.58
2025-12-11,9:31:27.587828584,T,KO,,100,70.58
2025-12-11,9:31:27.587843535,T,KO,,100,70.585
2025-12-11,9:31:27.587952714,T,KO,F I,2,70.58
2025-12-11,9:31:27.587952714,T,KO,F,100,70.59
2025-12-11,9:31:27.587958036,T,KO,F,100,70.59
2025-12-11,9:31:27.587958036,T,KO,F,135,70.59
2025-12-11,9:31:27.587960760,T,KO,F I,65,70.59
2025-12-11,9:31:27.587960760,T,KO,F I,35,70.59
2025-12-11,9:31:27.588033130,T,KO,I,2,70.58
2025-12-11,9:31:27.588036018,T,KO,I,35,70.58
2025-12-11,9:31:27.588054029,T,KO,,100,70.59
2025-12-11,9:31:27.588066014,T,KO,,100,70.58
2025-12-11,9:31:27.588069023,T,KO,I,31,70.58
2025-12-11,9:31:27.588069023,T,KO,I,32,70.58
2025-12-11,9:31:27.588177333,T,KO,,100,70.58
2025-12-11,9:31:27.588180257,T,KO,,100,70.58
2025-12-11,9:31:27.588183312,T,KO,I,52,70.58
2025-12-11,9:31:27.588586265,T,KO,,100,70.59
2025-12-11,9:31:27.588604379,T,KO,F,100,70.58
2025-12-11,9:31:27.588604379,T,KO,F,100,70.58
2025-12-11,9:31:27.588607589,T,KO,F,100,70.58
2025-12-11,9:31:27.588610967,T,KO,F,200,70.58
2025-12-11,9:31:27.588610967,T,KO,F,125,70.58
2025-12-11,9:31:27.588679791,T,KO,I,1,70.58
2025-12-11,9:31:27.588679791,T,KO,I,18,70.58
2025-12-11,9:31:27.588751645,T,KO,I,19,70.58
2025-12-11,9:31:27.588793858,T,KO,I,19,70.58
2025-12-11,9:31:27.588878192,T,KO,I,44,70.58
2025-12-11,9:31:27.588878192,T,KO,I,19,70.58
2025-12-11,9:31:27.589004287,T,KO,,181,70.58
2025-12-11,9:31:27.589184663,T,KO,,100,70.58
2025-12-11,9:31:27.589184663,T,KO,,100,70.58
2025-12-11,9:31:27.589479390,T,KO,I,91,70.58
2025-12-11,9:31:27.609666745,T,KO,F I,2,70.58
2025-12-11,9:31:27.609669531,T,KO,F I,9,70.58
2025-12-11,9:31:27.609681471,T,KO,F I,11,70.58
2025-12-11,9:31:27.624542904,T,KO,F,189,70.585
2025-12-11,9:31:27.624542904,T,KO,F I,11,70.59
2025-12-11,9:31:27.624558004,T,KO,F I,50,70.59
2025-12-11,9:31:27.624594310,T,KO,,139,70.59
2025-12-11,9:31:27.624594310,T,KO,I,25,70.59
2025-12-11,9:31:27.624648268,T,KO,,100,70.59
2025-12-11,9:31:27.624648268,T,KO,I,2,70.59
2025-12-11,9:31:27.635185526,T,KO,,100,70.585
2025-12-11,9:31:27.635188746,T,KO,,200,70.585
2025-12-11,9:31:27.635191517,T,KO,I,2,70.59
2025-12-11,9:31:27.635191517,T,KO,I,10,70.59
2025-12-11,9:31:27.635293741,T,KO,F,100,70.58
2025-12-11,9:31:27.644877380,T,KO,,200,70.57
2025-12-11,9:31:27.644970779,T,KO,F,100,70.57
2025-12-11,9:31:27.644973640,T,KO,F,100,70.56
2025-12-11,9:31:27.647872529,T,KO,F,200,70.565
2025-12-11,9:31:27.647887551,T,KO,F I,7,70.57
2025-12-11,9:31:27.661705413,T,KO,F I,7,70.57
2025-12-11,9:31:27.662412195,T,KO,,100,70.57
2025-12-11,9:31:27.662415112,T,KO,,100,70.57
2025-12-11,9:31:27.662418240,T,KO,I,2,70.57
2025-12-11,9:31:27.662664750,T,KO,,100,70.57
2025-12-11,9:31:27.672765814,T,KO,F I,2,70.57
2025-12-11,9:31:27.672768969,T,KO,F I,1,70.57
2025-12-11,9:31:27.672768969,T,KO,F I,8,70.57
2025-12-11,9:31:27.672771756,T,KO,F,189,70.57
2025-12-11,9:31:27.673529561,T,KO,F I,4,70.57
2025-12-11,9:31:27.673628865,T,KO,I,2,70.57
2025-12-11,9:31:27.673631958,T,KO,,100,70.57
2025-12-11,9:31:27.673845743,T,KO,,100,70.57
2025-12-11,9:31:27.682647365,T,KO,F I,2,70.57
2025-12-11,9:31:27.682650339,T,KO,F I,98,70.57
2025-12-11,9:31:27.683847187,T,KO,F I,6,70.57
2025-12-11,9:31:27.683877281,T,KO,I,84,70.57
2025-12-11,9:31:27.704870226,T,KO,F,200,70.58
2025-12-11,9:31:27.705519804,T,KO,,100,70.58
2025-12-11,9:31:27.705519804,T,KO,,100,70.58
2025-12-11,9:31:27.705871669,T,KO,,200,70.57
2025-12-11,9:31:27.890896751,T,KO,F,100,70.57
2025-12-11,9:31:27.890899849,T,KO,F,200,70.56
2025-12-11,9:31:27.890899849,T,KO,F I,25,70.56
2025-12-11,9:31:27.890905339,T,KO,,100,70.56
2025-12-11,9:31:27.890905339,T,KO,,190,70.56
2025-12-11,9:31:28.674629000,T,KO,,100,70.55
2025-12-11,9:31:28.674644209,T,KO,I,1,70.55
2025-12-11,9:31:28.674653130,T,KO,,100,70.55
2025-12-11,9:31:28.675841431,T,KO,F,100,70.55
2025-12-11,9:31:28.675843986,T,KO,F I,2,70.55
2025-12-11,9:31:28.928090896,T,KO,I,2,70.55
2025-12-11,9:31:28.928094376,T,KO,I,1,70.55
2025-12-11,9:31:28.928138827,T,KO,F,100,70.55
2025-12-11,9:31:29.488291961,T,KO,,200,70.56
2025-12-11,9:31:29.488291961,T,KO,,100,70.56
2025-12-11,9:31:29.488911718,T,KO,,100,70.56
2025-12-11,9:31:29.488984253,T,KO,,100,70.55
2025-12-11,9:31:29.488986477,T,KO,,100,70.55
2025-12-11,9:31:29.488989508,T,KO,,100,70.55
2025-12-11,9:31:29.495487998,T,KO,F I,2,70.55
2025-12-11,9:31:29.495490982,T,KO,F I,98,70.55
2025-12-11,9:31:29.495508985,T,KO,I,1,70.55
2025-12-11,9:31:29.496257968,T,KO,F I,1,70.55
2025-12-11,9:31:29.505390623,T,KO,I,1,70.55
2025-12-11,9:31:32.188329603,T,KO,I,32,70.54
2025-12-11,9:31:33.188746191,T,KO,I,52,70.56
2025-12-11,9:31:33.189128049,T,KO,I,48,70.56
2025-12-11,9:31:33.189131126,T,KO,I,52,70.56
2025-12-11,9:31:33.189149091,T,KO,I,1,70.56
2025-12-11,9:31:33.189158221,T,KO,F I,47,70.56
2025-12-11,9:31:33.213206535,T,KO,F,200,70.57
2025-12-11,9:31:33.213209487,T,KO,F I,25,70.57
2025-12-11,9:31:33.213212456,T,KO,F I,75,70.57
2025-12-11,9:31:33.213224481,T,KO,F I,25,70.57
2025-12-11,9:31:45.210538406,T,KO,,100,70.54
2025-12-11,9:31:55.534084404,T,KO,I,49,70.57
2025-12-11,9:31:55.534084404,T,KO,I,10,70.57
2025-12-11,9:31:55.534087790,T,KO,F I,42,70.57
2025-12-11,9:31:55.534087790,T,KO,F I,1,70.57
2025-12-11,9:31:55.534093148,T,KO,F I,1,70.57
2025-12-11,9:31:55.534093148,T,KO,F I,1,70.57
2025-12-11,9:31:55.534096184,T,KO,F,100,70.57
2025-12-11,9:31:55.534096184,T,KO,F I,1,70.57
2025-12-11,9:31:55.534099329,T,KO,F I,1,70.57
2025-12-11,9:31:55.534099329,T,KO,F I,1,70.57
2025-12-11,9:31:55.534102224,T,KO,F I,59,70.57
2025-12-11,9:31:55.534105748,T,KO,F I,41,70.57
2025-12-11,9:31:55.534210433,T,KO,F I,1,70.57
2025-12-11,9:31:55.534610448,T,KO,,100,70.58
2025-12-11,9:31:55.534613980,T,KO,I,18,70.58
2025-12-11,9:31:55.534640413,T,KO,F I,18,70.58
2025-12-11,9:31:55.534932088,T,KO,F I,82,70.58
2025-12-11,9:31:55.535104091,T,KO,,100,70.58
2025-12-11,9:31:55.535106527,T,KO,I,38,70.58
2025-12-11,9:31:55.539052264,T,KO,I,4,70.58
2025-12-11,9:31:55.539076014,T,KO,F I,58,70.58
2025-12-11,9:31:55.567018532,T,KO,F I,1,70.6
2025-12-11,9:31:55.567266441,T,KO,I,2,70.6
2025-12-11,9:31:55.567266441,T,KO,,100,70.6
2025-12-11,9:31:55.567272411,T,KO,F,200,70.595
2025-12-11,9:31:55.567272411,T,KO,F,200,70.59
2025-12-11,9:31:55.567275488,T,KO,F,100,70.59
2025-12-11,9:31:55.567280312,T,KO,F I,57,70.59
2025-12-11,9:31:55.567280312,T,KO,F,135,70.59
2025-12-11,9:31:55.567283289,T,KO,F I,65,70.59
2025-12-11,9:31:55.567286986,T,KO,F I,50,70.59
2025-12-11,9:31:55.567289805,T,KO,F I,25,70.59
2025-12-11,9:31:55.567322272,T,KO,F,200,70.59
2025-12-11,9:31:55.567358378,T,KO,,200,70.59
2025-12-11,9:31:55.567400529,T,KO,F I,1,70.59
2025-12-11,9:31:55.567403513,T,KO,F I,58,70.59
2025-12-11,9:31:57.191063648,T,KO,I,1,70.58
2025-12-11,9:31:57.217938701,T,KO,,200,70.57
2025-12-11,9:31:57.220792457,T,KO,F I,81,70.57
2025-12-11,9:31:57.225366871,T,KO,,199,70.565
2025-12-11,9:31:57.225369520,T,KO,I,11,70.55
2025-12-11,9:31:57.225372353,T,KO,I,1,70.55
2025-12-11,9:31:57.225390508,T,KO,F I,99,70.55
2025-12-11,9:31:57.225390508,T,KO,F,100,70.55
2025-12-11,9:31:57.225808389,T,KO,,300,70.55
2025-12-11,9:31:57.225814456,T,KO,,200,70.56
2025-12-11,9:31:57.225817896,T,KO,,162,70.56
2025-12-11,9:31:57.225817896,T,KO,I,3,70.56
2025-12-11,9:31:57.225820853,T,KO,I,25,70.56
2025-12-11,9:31:57.225823426,T,KO,I,61,70.56
2025-12-11,9:31:57.225823426,T,KO,,100,70.56
2025-12-11,9:31:57.225826446,T,KO,,200,70.56
2025-12-11,9:31:57.225829442,T,KO,,100,70.56
2025-12-11,9:31:57.225829442,T,KO,,100,70.56
2025-12-11,9:31:57.225883566,T,KO,,100,70.56
2025-12-11,9:31:57.225934718,T,KO,I,88,70.55
2025-12-11,9:31:57.227138143,T,KO,F I,49,70.54
2025-12-11,9:31:57.227141443,T,KO,F,100,70.54
2025-12-11,9:31:57.227144678,T,KO,F,100,70.54
2025-12-11,9:31:57.227147077,T,KO,F,100,70.54
2025-12-11,9:31:57.227149818,T,KO,F,100,70.54
2025-12-11,9:31:57.227149818,T,KO,F,169,70.54
2025-12-11,9:31:57.227733046,T,KO,,100,70.54
2025-12-11,9:31:57.227811222,T,KO,,100,70.54
2025-12-11,9:31:57.244116008,T,KO,F I,88,70.54
2025-12-11,9:31:57.244140796,T,KO,I,88,70.54
2025-12-11,9:31:57.244140796,T,KO,I,1,70.54
2025-12-11,9:31:57.270648252,T,KO,I,1,70.54
2025-12-11,9:31:57.270669302,T,KO,F I,21,70.54
2025-12-11,9:31:57.270672265,T,KO,F I,33,70.54
2025-12-11,9:31:57.270675284,T,KO,F,100,70.54
2025-12-11,9:32:00.183229323,T,KO,F,100,70.55
2025-12-11,9:32:00.183584579,T,KO,F,100,70.56
2025-12-11,9:32:00.183587115,T,KO,F I,60,70.56
2025-12-11,9:32:00.184290875,T,KO,F,100,70.56
2025-12-11,9:32:00.621351846,T,KO,F I,1,70.56
2025-12-11,9:32:02.089749220,T,KO,I,99,70.56
2025-12-11,9:32:02.089749220,T,KO,,100,70.56
2025-12-11,9:32:02.089751749,T,KO,I,5,70.56
2025-12-11,9:32:02.089754825,T,KO,,100,70.56
2025-12-11,9:32:03.995384351,T,KO,F I,10,70.57
2025-12-11,9:32:03.995417436,T,KO,F I,40,70.57
2025-12-11,9:32:04.011990383,T,KO,F I,2,70.56
2025-12-11,9:32:04.011992965,T,KO,F I,50,70.56
2025-12-11,9:32:05.225301716,T,KO,F,100,70.55
2025-12-11,9:32:05.225803827,T,KO,F,300,70.54
2025-12-11,9:32:06.998089945,T,KO,F,100,70.53
2025-12-11,9:32:06.998093085,T,KO,F,100,70.52
2025-12-11,9:32:06.998093085,T,KO,F I,1,70.52
2025-12-11,9:32:07.035026953,T,KO,,130,70.51
2025-12-11,9:32:10.170062818,T,KO,F I,1,70.5
2025-12-11,9:32:10.170068715,T,KO,F,148,70.5
2025-12-11,9:32:10.170068715,T,KO,F,149,70.5
2025-12-11,9:32:10.170075461,T,KO,I,37,70.5
2025-12-11,9:32:10.170075461,T,KO,,112,70.5
2025-12-11,9:32:10.170077756,T,KO,F I,2,70.5
2025-12-11,9:32:14.398066488,T,KO,I,13,70.5
2025-12-11,9:32:14.403121576,T,KO,F I,47,70.49
2025-12-11,9:32:14.403205775,T,KO,,100,70.5
2025-12-11,9:32:14.515553316,T,KO,F,200,70.5
2025-12-11,9:32:19.073617339,T,KO,I,1,70.49
2025-12-11,9:32:19.073617339,T,KO,I,16,70.49
2025-12-11,9:32:19.073647722,T,KO,F I,84,70.49
2025-12-11,9:32:19.073651024,T,KO,F,100,70.49
2025-12-11,9:32:19.073656631,T,KO,,184,70.49
2025-12-11,9:32:19.073656631,T,KO,F I,16,70.49
2025-12-11,9:32:19.073659418,T,KO,F,168,70.49
2025-12-11,9:32:19.073668390,T,KO,I,32,70.49
2025-12-11,9:32:19.074152501,T,KO,F I,4,70.48
2025-12-11,9:32:19.074657690,T,KO,,100,70.485
2025-12-11,9:32:19.074738897,T,KO,F I,12,70.48
2025-12-11,9:32:19.074946386,T,KO,F,100,70.48
2025-12-11,9:32:19.074958708,T,KO,I,3,70.48
2025-12-11,9:32:19.074958708,T,KO,I,60,70.48
2025-12-11,9:32:19.133809097,T,KO,I,3,70.48
2025-12-11,9:32:19.133811581,T,KO,,100,70.48
2025-12-11,9:32:19.180007689,T,KO,,100,70.47
2025-12-11,9:32:19.180038195,T,KO,F I,25,70.46
2025-12-11,9:32:19.180040870,T,KO,F,200,70.46
2025-12-11,9:32:19.181631485,T,KO,F,100,70.45
2025-12-11,9:32:20.170431591,T,KO,F,100,70.44
2025-12-11,9:32:20.170434552,T,KO,F,205,70.44
2025-12-11,9:32:22.043256183,T,KO,F,200,70.45
2025-12-11,9:32:22.043259172,T,KO,F I,50,70.45
2025-12-11,9:32:22.043259172,T,KO,F,100,70.45
2025-12-11,9:32:22.208466730,T,KO,F,200,70.46
2025-12-11,9:32:22.208469657,T,KO,F,100,70.46
2025-12-11,9:32:22.208487673,T,KO,I,1,70.46
2025-12-11,9:32:22.208502687,T,KO,I,99,70.46
2025-12-11,9:32:22.208583864,T,KO,,100,70.46
2025-12-11,9:32:22.208586917,T,KO,,100,70.46
2025-12-11,9:32:22.208589946,T,KO,I,3,70.46
2025-12-11,9:32:22.208689615,T,KO,F,116,70.45
2025-12-11,9:32:22.208695161,T,KO,F I,2,70.45
2025-12-11,9:32:22.208698191,T,KO,F,200,70.45
2025-12-11,9:32:22.208707157,T,KO,I,1,70.45
2025-12-11,9:32:22.208728212,T,KO,I,15,70.45
2025-12-11,9:32:22.209856607,T,KO,F I,49,70.44
2025-12-11,9:32:22.209856607,T,KO,F,100,70.44
2025-12-11,9:32:22.209858873,T,KO,F,100,70.44
2025-12-11,9:32:22.433898570,T,KO,F,200,70.41
2025-12-11,9:32:22.433898570,T,KO,F,100,70.41
2025-12-11,9:32:22.433956315,T,KO,,120,70.42
2025-12-11,9:32:22.433956315,T,KO,,113,70.42
2025-12-11,9:32:22.433962043,T,KO,,200,70.42
2025-12-11,9:32:22.433962043,T,KO,I,49,70.42
2025-12-11,9:32:22.433965793,T,KO,,100,70.42
2025-12-11,9:32:22.433965793,T,KO,I,49,70.42
2025-12-11,9:32:22.433971440,T,KO,I,21,70.42
2025-12-11,9:32:22.433971440,T,KO,I,3,70.42
2025-12-11,9:32:22.433971440,T,KO,I,11,70.42
2025-12-11,9:32:22.433994705,T,KO,,200,70.42
2025-12-11,9:32:22.434112796,T,KO,F,100,70.42
2025-12-11,9:32:22.434112796,T,KO,F,120,70.42
2025-12-11,9:32:22.434115135,T,KO,F,113,70.42
2025-12-11,9:32:22.434373684,T,KO,,100,70.41
2025-12-11,9:32:22.434376672,T,KO,I,61,70.41
2025-12-11,9:32:22.464816029,T,KO,I,1,70.41
2025-12-11,9:32:22.464818302,T,KO,,100,70.41
2025-12-11,9:32:22.464821306,T,KO,I,61,70.41
2025-12-11,9:32:22.464824265,T,KO,,100,70.41
2025-12-11,9:32:22.543151772,T,KO,F I,2,70.4
2025-12-11,9:32:22.543154786,T,KO,F I,20,70.4
2025-12-11,9:32:22.543157766,T,KO,F,100,70.4
2025-12-11,9:32:22.543157766,T,KO,F,100,70.4
2025-12-11,9:32:22.973455641,T,KO,I,61,70.38
2025-12-11,9:32:22.973455641,T,KO,,100,70.38
2025-12-11,9:32:22.973461618,T,KO,,161,70.38
2025-12-11,9:32:22.977966376,T,KO,F,139,70.38
2025-12-11,9:32:23.361208066,T,KO,I,40,70.39
2025-12-11,9:32:23.362230544,T,KO,I,59,70.39
2025-12-11,9:32:23.820269424,T,KO,F I,40,70.38
2025-12-11,9:32:23.820272445,T,KO,F I,49,70.38
2025-12-11,9:32:23.820573150,T,KO,F,327,70.38
2025-12-11,9:32:24.591140417,T,KO,I,3,70.38
2025-12-11,9:32:24.591140417,T,KO,I,41,70.38
2025-12-11,9:32:25.313674319,T,KO,,198,70.39
2025-12-11,9:32:25.317448592,T,KO,F I,7,70.39
2025-12-11,9:32:25.317448592,T,KO,F I,3,70.39
2025-12-11,9:32:25.317451398,T,KO,F I,1,70.39
2025-12-11,9:32:25.317454408,T,KO,F I,4,70.39
2025-12-11,9:32:25.317469454,T,KO,F I,95,70.39
2025-12-11,9:32:25.317472344,T,KO,F,311,70.39
2025-12-11,9:32:30.555067644,T,KO,F I,2,70.4
2025-12-11,9:32:30.555070999,T,KO,F I,1,70.4
2025-12-11,9:32:30.555085630,T,KO,I,97,70.4
2025-12-11,9:32:30.555088648,T,KO,,116,70.4
2025-12-11,9:32:30.555747266,T,KO,I,4,70.4
2025-12-11,9:32:30.555870749,T,KO,F,100,70.4
2025-12-11,9:32:30.555876818,T,KO,F,100,70.4
2025-12-11,9:32:30.555880265,T,KO,F I,4,70.4
2025-12-11,9:32:31.764473465,T,KO,F,100,70.39
2025-12-11,9:32:31.764476073,T,KO,F,100,70.39
2025-12-11,9:32:31.764479050,T,KO,F I,27,70.39
2025-12-11,9:32:31.764482060,T,KO,F,185,70.39
2025-12-11,9:32:31.764494771,T,KO,I,1,70.39
2025-12-11,9:32:37.516338342,T,KO,F,116,70.39
2025-12-11,9:32:37.516341323,T,KO,F I,2,70.39
2025-12-11,9:32:37.516350269,T,KO,F,170,70.39
2025-12-11,9:32:37.949273462,T,KO,I,48,70.38
2025-12-11,9:32:37.949276670,T,KO,,100,70.38
2025-12-11,9:32:37.949279443,T,KO,,100,70.38
2025-12-11,9:32:37.949279443,T,KO,,100,70.38
2025-12-11,9:32:37.949291775,T,KO,I,1,70.38
2025-12-11,9:32:37.949313214,T,KO,F I,25,70.38
2025-12-11,9:32:39.202953361,T,KO,,116,70.4
2025-12-11,9:32:39.202974390,T,KO,,100,70.4
2025-12-11,9:32:39.229892347,T,KO,,100,70.39
2025-12-11,9:32:39.229892347,T,KO,,100,70.39
2025-12-11,9:32:39.229894471,T,KO,,200,70.39
2025-12-11,9:32:39.230342487,T,KO,F,100,70.38
2025-12-11,9:32:39.230655243,T,KO,F,100,70.38
2025-12-11,9:32:39.230679386,T,KO,F,100,70.38
2025-12-11,9:32:39.231028198,T,KO,F,400,70.38
2025-12-11,9:32:41.279107088,T,KO,,219,70.39
2025-12-11,9:32:47.548414788,T,KO,,271,70.37
2025-12-11,9:32:47.548468728,T,KO,F,100,70.37
2025-12-11,9:32:47.548471797,T,KO,F,250,70.37
2025-12-11,9:32:47.548507871,T,KO,,100,70.38
2025-12-11,9:32:47.548510908,T,KO,,139,70.38
2025-12-11,9:32:47.548514408,T,KO,,200,70.38
2025-12-11,9:32:47.548514408,T,KO,I,25,70.38
2025-12-11,9:32:47.548517344,T,KO,,100,70.38
2025-12-11,9:32:47.548517344,T,KO,,100,70.38
2025-12-11,9:32:47.548526548,T,KO,F I,50,70.37
2025-12-11,9:32:47.548574320,T,KO,F,139,70.37
2025-12-11,9:32:47.548577026,T,KO,F,100,70.37
2025-12-11,9:32:47.552059270,T,KO,,100,70.37
2025-12-11,9:32:47.552062361,T,KO,,100,70.36
2025-12-11,9:32:47.552065927,T,KO,I,59,70.36
2025-12-11,9:32:47.552068514,T,KO,,100,70.36
2025-12-11,9:32:47.552071395,T,KO,,140,70.36
2025-12-11,9:32:57.379083273,T,KO,I,4,70.37
2025-12-11,9:32:57.379167972,T,KO,,200,70.37
2025-12-11,9:32:57.379171216,T,KO,,200,70.37
2025-12-11,9:32:57.379171216,T,KO,I,1,70.37
2025-12-11,9:32:57.379173551,T,KO,I,26,70.37
2025-12-11,9:32:57.379176478,T,KO,I,4,70.37
2025-12-11,9:32:57.379179514,T,KO,I,6,70.37
2025-12-11,9:32:57.379194724,T,KO,F I,94,70.37
2025-12-11,9:32:57.825968726,T,KO,F I,49,70.38
2025-12-11,9:32:57.827652705,T,KO,F,100,70.37
2025-12-11,9:32:57.827652705,T,KO,F,200,70.37
2025-12-11,9:32:57.828774295,T,KO,F,100,70.36
2025-12-11,9:32:58.431650152,T,KO,I,2,70.35
2025-12-11,9:32:58.432029092,T,KO,,300,70.35
2025-12-11,9:32:59.176833990,T,KO,,100,70.35
2025-12-11,9:33:01.163681048,T,KO,F,376,70.35
2025-12-11,9:33:01.164000480,T,KO,I,82,70.35
2025-12-11,9:33:01.164003129,T,KO,,100,70.35
2025-12-11,9:33:03.693531333,T,KO,F,100,70.35
2025-12-11,9:33:05.198351895,T,KO,F,100,70.36
2025-12-11,9:33:07.071449656,T,KO,I,20,70.35
2025-12-11,9:33:07.071976038,T,KO,F,100,70.34
2025-12-11,9:33:07.071979309,T,KO,F,100,70.34
2025-12-11,9:33:07.072417995,T,KO,,190,70.34
2025-12-11,9:33:07.903931367,T,KO,I,10,70.34
2025-12-11,9:33:07.903985509,T,KO,,100,70.34
2025-12-11,9:33:12.010446062,T,KO,I,1,70.33
2025-12-11,9:33:12.010446062,T,KO,I,1,70.33
2025-12-11,9:33:12.010452399,T,KO,,100,70.33
2025-12-11,9:33:12.010452399,T,KO,I,92,70.33
2025-12-11,9:33:12.010455014,T,KO,I,50,70.33
2025-12-11,9:33:12.010455014,T,KO,,151,70.33
2025-12-11,9:33:12.010457695,T,KO,I,5,70.33
2025-12-11,9:33:12.011865145,T,KO,F,300,70.32
2025-12-11,9:33:12.011904171,T,KO,,100,70.32
2025-12-11,9:33:12.012018428,T,KO,F,200,70.32
2025-12-11,9:33:12.062914813,T,KO,,100,70.32
2025-12-11,9:33:13.495165879,T,KO,,200,70.33
2025-12-11,9:33:13.495169478,T,KO,I,2,70.33
2025-12-11,9:33:13.495183945,T,KO,F I,2,70.33
2025-12-11,9:33:13.495183945,T,KO,I,1,70.33
2025-12-11,9:33:13.500969669,T,KO,I,95,70.33
2025-12-11,9:33:17.039783089,T,KO,,200,70.35
2025-12-11,9:33:17.039783089,T,KO,I,69,70.35
2025-12-11,9:33:17.040237156,T,KO,F I,2,70.35
2025-12-11,9:33:17.040258280,T,KO,I,98,70.35
2025-12-11,9:33:17.040258280,T,KO,I,1,70.35
2025-12-11,9:33:17.040267177,T,KO,F I,98,70.35
2025-12-11,9:33:17.040273741,T,KO,F I,1,70.35
2025-12-11,9:33:17.040625040,T,KO,F,100,70.34
2025-12-11,9:33:17.040628539,T,KO,F,100,70.34
2025-12-11,9:33:17.040631686,T,KO,F,100,70.34
2025-12-11,9:33:17.040631686,T,KO,F I,66,70.34
2025-12-11,9:33:17.040634252,T,KO,F,100,70.34
2025-12-11,9:33:17.040637110,T,KO,F,100,70.34
2025-12-11,9:33:19.160338590,T,KO,,395,70.34
2025-12-11,9:33:19.160343648,T,KO,,100,70.34
2025-12-11,9:33:19.160343648,T,KO,,105,70.34
2025-12-11,9:33:19.160358784,T,KO,F I,12,70.34
2025-12-11,9:33:19.160358784,T,KO,F,205,70.34
2025-12-11,9:33:19.160361711,T,KO,I,1,70.34
2025-12-11,9:33:19.173196303,T,KO,I,6,70.345
2025-12-11,9:33:19.195915416,T,KO,I,80,70.345
2025-12-11,9:33:19.773585167,T,KO,,100,70.34
2025-12-11,9:33:19.773585167,T,KO,,100,70.34
2025-12-11,9:33:19.773588171,T,KO,,300,70.34
2025-12-11,9:33:19.773591235,T,KO,,200,70.34
2025-12-11,9:33:19.959599636,T,KO,F,100,70.33
2025-12-11,9:33:19.959599636,T,KO,F,100,70.33
2025-12-11,9:33:19.959602456,T,KO,F I,72,70.33
2025-12-11,9:33:19.959602456,T,KO,F,100,70.33
2025-12-11,9:33:19.959617303,T,KO,F,272,70.33
2025-12-11,9:33:19.960155544,T,KO,I,28,70.33
2025-12-11,9:33:20.181777384,T,KO,F I,10,70.32
2025-12-11,9:33:20.181951852,T,KO,F I,25,70.31
2025-12-11,9:33:20.182213454,T,KO,,100,70.32
2025-12-11,9:33:20.182249476,T,KO,I,12,70.315
2025-12-11,9:33:21.194941570,T,KO,I,72,70.31
2025-12-11,9:33:22.783288453,T,KO,I,1,70.31
2025-12-11,9:33:23.674578299,T,KO,I,1,70.31
2025-12-11,9:33:23.674602374,T,KO,I,11,70.31
2025-12-11,9:33:23.674626461,T,KO,I,37,70.31
2025-12-11,9:33:23.674626461,T,KO,I,2,70.31
2025-12-11,9:33:23.674645176,T,KO,I,38,70.31
2025-12-11,9:33:26.012637896,T,KO,F,200,70.32
2025-12-11,9:33:26.012640868,T,KO,F,100,70.32
2025-12-11,9:33:26.012643946,T,KO,F I,25,70.32
2025-12-11,9:33:26.012643946,T,KO,F I,82,70.32
2025-12-11,9:33:27.812914506,T,KO,I,69,70.31
2025-12-11,9:33:27.812917442,T,KO,I,26,70.31
2025-12-11,9:33:28.813376183,T,KO,I,2,70.31
2025-12-11,9:33:28.813379198,T,KO,I,69,70.31
2025-12-11,9:33:30.385520642,T,KO,,200,70.33
2025-12-11,9:33:30.385523701,T,KO,I,80,70.33
2025-12-11,9:33:30.386260458,T,KO,,100,70.33
2025-12-11,9:33:30.386284462,T,KO,F,200,70.33
2025-12-11,9:33:30.386329550,T,KO,,200,70.33
2025-12-11,9:33:30.406856513,T,KO,I,7,70.335
2025-12-11,9:33:30.493880745,T,KO,,100,70.34
2025-12-11,9:33:30.493884211,T,KO,I,19,70.34
2025-12-11,9:33:30.493904802,T,KO,I,1,70.34
2025-12-11,9:33:30.493937846,T,KO,F I,99,70.34
2025-12-11,9:33:30.493949873,T,KO,I,98,70.34
2025-12-11,9:33:30.493965081,T,KO,F I,81,70.34
2025-12-11,9:33:30.493965081,T,KO,F I,17,70.34
2025-12-11,9:33:30.493967942,T,KO,F I,98,70.34
2025-12-11,9:33:30.494467178,T,KO,F I,5,70.34
2025-12-11,9:33:30.494470096,T,KO,F I,1,70.34
2025-12-11,9:33:30.495191909,T,KO,F I,99,70.34
2025-12-11,9:33:30.495191909,T,KO,F I,31,70.34
2025-12-11,9:33:30.495212937,T,KO,I,1,70.34
2025-12-11,9:33:30.495393360,T,KO,F I,99,70.34
2025-12-11,9:33:37.473483086,T,KO,I,10,70.335
2025-12-11,9:33:37.473483086,T,KO,I,90,70.335
2025-12-11,9:33:37.776271168,T,KO,,100,70.33
2025-12-11,9:33:37.776274209,T,KO,I,44,70.33
2025-12-11,9:33:37.782832816,T,KO,,100,70.33
2025-12-11,9:33:38.515912817,T,KO,,100,70.32
2025-12-11,9:33:38.515915906,T,KO,,100,70.32
2025-12-11,9:33:38.515933823,T,KO,I,1,70.32
2025-12-11,9:33:38.515985037,T,KO,I,99,70.32
2025-12-11,9:33:38.515988019,T,KO,,100,70.32
2025-12-11,9:33:38.516529230,T,KO,,100,70.32
2025-12-11,9:33:38.516568551,T,KO,I,61,70.32
2025-12-11,9:33:38.516568551,T,KO,I,10,70.32
2025-12-11,9:33:38.516574674,T,KO,I,4,70.32
2025-12-11,9:33:38.516574674,T,KO,I,20,70.32
2025-12-11,9:33:38.516577697,T,KO,,200,70.325
2025-12-11,9:33:38.516577697,T,KO,I,5,70.33
2025-12-11,9:33:38.516580440,T,KO,,200,70.33
2025-12-11,9:33:38.516580440,T,KO,I,57,70.33
2025-12-11,9:33:38.516583577,T,KO,I,25,70.33
2025-12-11,9:33:38.516625623,T,KO,I,5,70.32
2025-12-11,9:33:38.516628899,T,KO,I,37,70.32
2025-12-11,9:33:38.516664576,T,KO,,163,70.32
2025-12-11,9:33:38.516664576,T,KO,I,5,70.32
2025-12-11,9:33:38.516688608,T,KO,F I,61,70.32
2025-12-11,9:33:38.516691737,T,KO,F,100,70.32
2025-12-11,9:33:38.541305283,T,KO,I,61,70.31
2025-12-11,9:33:38.541308328,T,KO,,100,70.31
2025-12-11,9:33:38.541311340,T,KO,I,25,70.31
2025-12-11,9:33:38.541311340,T,KO,,100,70.31
2025-12-11,9:33:38.582951443,T,KO,,200,70.3
2025-12-11,9:33:38.592439127,T,KO,,100,70.3
2025-12-11,9:33:38.880663612,T,KO,,100,70.295
2025-12-11,9:33:40.626522636,T,KO,,200,70.295
2025-12-11,9:33:43.166477162,T,KO,F,100,70.29
2025-12-11,9:33:43.166480232,T,KO,F,100,70.29
2025-12-11,9:33:43.166480232,T,KO,F I,91,70.29
2025-12-11,9:33:43.166519282,T,KO,,163,70.29
2025-12-11,9:33:43.769301886,T,KO,I,2,70.28
2025-12-11,9:33:43.769304927,T,KO,,100,70.28
2025-12-11,9:33:43.781249331,T,KO,,200,70.28
2025-12-11,9:33:43.797560206,T,KO,,200,70.27
2025-12-11,9:33:43.807986046,T,KO,,100,70.27
2025-12-11,9:33:43.883835683,T,KO,I,10,70.265
2025-12-11,9:33:43.898883532,T,KO,I,37,70.265
2025-12-11,9:33:44.482447283,T,KO,,100,70.26
2025-12-11,9:33:44.482450313,T,KO,,100,70.26
2025-12-11,9:33:44.482453314,T,KO,I,99,70.26
2025-12-11,9:33:44.557815880,T,KO,I,81,70.25
2025-12-11,9:33:44.557857885,T,KO,I,65,70.26
2025-12-11,9:33:44.557867024,T,KO,,100,70.26
2025-12-11,9:33:44.557867024,T,KO,I,37,70.26
2025-12-11,9:33:44.557869960,T,KO,,143,70.26
2025-12-11,9:33:44.557872919,T,KO,,100,70.26
2025-12-11,9:33:44.557872919,T,KO,I,80,70.26
2025-12-11,9:33:45.026746630,T,KO,I,38,70.27
2025-12-11,9:33:48.426319460,T,KO,F I,20,70.28
2025-12-11,9:33:48.426319460,T,KO,F I,60,70.28
2025-12-11,9:33:52.504506353,T,KO,F I,8,70.29
2025-12-11,9:33:52.504512403,T,KO,F,100,70.29
2025-12-11,9:33:52.504515620,T,KO,F I,98,70.29
2025-12-11,9:33:52.504515620,T,KO,F I,60,70.29
2025-12-11,9:33:52.504527455,T,KO,F I,40,70.29
2025-12-11,9:33:52.505252911,T,KO,,100,70.29
2025-12-11,9:33:52.505258179,T,KO,I,63,70.29
2025-12-11,9:33:52.505258179,T,KO,,100,70.29
2025-12-11,9:33:52.505258179,T,KO,I,40,70.29
2025-12-11,9:33:52.505262136,T,KO,I,79,70.29
2025-12-11,9:33:52.505267616,T,KO,I,25,70.29
2025-12-11,9:33:52.505267616,T,KO,,100,70.29
2025-12-11,9:33:52.505267616,T,KO,I,5,70.28
2025-12-11,9:33:52.505270222,T,KO,,100,70.28
2025-12-11,9:33:52.505270222,T,KO,I,2,70.28
2025-12-11,9:33:52.505273262,T,KO,I,25,70.28
2025-12-11,9:33:52.505273262,T,KO,,189,70.28
2025-12-11,9:33:52.507537934,T,KO,F I,23,70.28
2025-12-11,9:33:52.507537934,T,KO,F,100,70.28
2025-12-11,9:33:52.763365980,T,KO,I,13,70.28
2025-12-11,9:33:52.763678655,T,KO,F,100,70.28
2025-12-11,9:33:52.764108653,T,KO,,100,70.28
2025-12-11,9:33:52.776110228,T,KO,I,63,70.28
2025-12-11,9:33:52.776113441,T,KO,,100,70.28
2025-12-11,9:33:52.776122259,T,KO,I,5,70.28
2025-12-11,9:33:52.776122259,T,KO,,100,70.28
2025-12-11,9:33:52.776125270,T,KO,I,25,70.28
2025-12-11,9:33:52.776137383,T,KO,I,1,70.28
2025-12-11,9:33:52.776152374,T,KO,I,74,70.28
2025-12-11,9:33:52.776158400,T,KO,,100,70.28
2025-12-11,9:33:52.794291580,T,KO,I,71,70.29
2025-12-11,9:33:57.246990554,T,KO,F I,27,70.29
2025-12-11,9:33:57.246993580,T,KO,F I,71,70.29
2025-12-11,9:33:57.246993580,T,KO,F I,2,70.29
2025-12-11,9:33:57.247000051,T,KO,F I,98,70.29
2025-12-11,9:33:57.247002638,T,KO,F,100,70.29
2025-12-11,9:33:58.647760383,T,KO,F I,6,70.29
2025-12-11,9:33:58.647762815,T,KO,F I,63,70.29
2025-12-11,9:33:58.647765921,T,KO,F,131,70.29
2025-12-11,9:33:58.659686219,T,KO,I,62,70.29
2025-12-11,9:33:58.659686219,T,KO,I,6,70.29
2025-12-11,9:34:00.225894713,T,KO,F,200,70.3
2025-12-11,9:34:00.225894713,T,KO,F I,2,70.3
2025-12-11,9:34:00.225897394,T,KO,F I,98,70.3
2025-12-11,9:34:00.225903472,T,KO,F I,25,70.3
2025-12-11,9:34:00.225913157,T,KO,I,1,70.3
2025-12-11,9:34:00.225918994,T,KO,I,12,70.3
2025-12-11,9:34:00.230642782,T,KO,I,62,70.3
2025-12-11,9:34:00.252291250,T,KO,F I,25,70.3
2025-12-11,9:34:00.252291250,T,KO,F I,61,70.3
2025-12-11,9:34:00.252826575,T,KO,,100,70.3
2025-12-11,9:34:00.619613169,T,KO,I,75,70.31
2025-12-11,9:34:00.619646665,T,KO,I,82,70.31
2025-12-11,9:34:00.619652226,T,KO,,100,70.31
2025-12-11,9:34:05.494926754,T,KO,I,6,70.31
2025-12-11,9:34:05.494926754,T,KO,I,61,70.31
2025-12-11,9:34:05.494932664,T,KO,I,2,70.31
2025-12-11,9:34:05.494932664,T,KO,I,25,70.31
2025-12-11,9:34:07.317621744,T,KO,F,100,70.315
2025-12-11,9:34:07.317633822,T,KO,F I,25,70.32
2025-12-11,9:34:07.317994631,T,KO,F,100,70.31
2025-12-11,9:34:07.317994631,T,KO,F,200,70.31
2025-12-11,9:34:07.317997668,T,KO,F I,25,70.31
2025-12-11,9:34:16.592010647,T,KO,I,31,70.28
2025-12-11,9:34:16.592013707,T,KO,,100,70.28
2025-12-11,9:34:16.592013707,T,KO,I,1,70.28
2025-12-11,9:34:16.592016621,T,KO,I,68,70.28
2025-12-11,9:34:16.592034774,T,KO,I,1,70.28
2025-12-11,9:34:16.592034774,T,KO,I,60,70.28
2025-12-11,9:34:16.592034774,T,KO,I,19,70.28
2025-12-11,9:34:25.270364648,T,KO,,200,70.28
2025-12-11,9:34:25.282727114,T,KO,F,100,70.285
2025-12-11,9:34:25.282751134,T,KO,F,100,70.285
2025-12-11,9:34:25.282754152,T,KO,F,100,70.28
2025-12-11,9:34:25.282757246,T,KO,F,100,70.28
2025-12-11,9:34:25.282757246,T,KO,F,100,70.28
2025-12-11,9:34:25.298960430,T,KO,F I,52,70.28
2025-12-11,9:34:25.298963059,T,KO,I,30,70.29
2025-12-11,9:34:25.298966259,T,KO,,200,70.29
2025-12-11,9:34:25.298968941,T,KO,I,25,70.29
2025-12-11,9:34:25.309569271,T,KO,F I,6,70.3
2025-12-11,9:34:25.309569271,T,KO,F I,40,70.3
2025-12-11,9:34:25.316263009,T,KO,I,52,70.3
2025-12-11,9:34:25.316266015,T,KO,,100,70.3
2025-12-11,9:34:25.316268988,T,KO,I,52,70.3
2025-12-11,9:34:25.316286995,T,KO,I,1,70.3
2025-12-11,9:34:25.316621050,T,KO,,100,70.29
2025-12-11,9:34:25.316624585,T,KO,,200,70.29
2025-12-11,9:34:25.317264785,T,KO,F,100,70.29
2025-12-11,9:34:25.317264785,T,KO,F I,52,70.29
2025-12-11,9:34:25.317264785,T,KO,F I,6,70.29
2025-12-11,9:34:25.317267466,T,KO,F I,52,70.29
2025-12-11,9:34:25.317430335,T,KO,,100,70.29
2025-12-11,9:34:25.317430335,T,KO,,100,70.29
2025-12-11,9:34:25.317435767,T,KO,I,52,70.29
2025-12-11,9:34:25.317435767,T,KO,,100,70.29
2025-12-11,9:34:25.317439079,T,KO,I,77,70.29
2025-12-11,9:34:25.317439079,T,KO,I,52,70.29
2025-12-11,9:34:25.317439079,T,KO,I,13,70.29
2025-12-11,9:34:25.317441827,T,KO,,200,70.29
2025-12-11,9:34:25.317547088,T,KO,F,100,70.29
2025-12-11,9:34:25.317553102,T,KO,F I,52,70.29
2025-12-11,9:34:25.317562276,T,KO,I,13,70.29
2025-12-11,9:34:25.317562276,T,KO,I,22,70.29
2025-12-11,9:34:25.317652685,T,KO,I,30,70.29
2025-12-11,9:34:25.317655330,T,KO,,200,70.29
2025-12-11,9:34:25.317658774,T,KO,I,22,70.29
2025-12-11,9:34:25.317661313,T,KO,I,13,70.29
2025-12-11,9:34:25.317748552,T,KO,I,22,70.29
2025-12-11,9:34:25.317751511,T,KO,I,30,70.29
2025-12-11,9:34:25.317905506,T,KO,I,13,70.29
2025-12-11,9:34:25.317907958,T,KO,I,22,70.29
2025-12-11,9:34:25.318037876,T,KO,F,100,70.29
2025-12-11,9:34:25.318037876,T,KO,F I,52,70.29
2025-12-11,9:34:25.321549573,T,KO,F I,52,70.3
2025-12-11,9:34:25.321549573,T,KO,F,148,70.3
2025-12-11,9:34:25.322490819,T,KO,I,65,70.3
2025-12-11,9:34:25.322752726,T,KO,F I,52,70.3
2025-12-11,9:34:25.322752726,T,KO,F I,6,70.3
2025-12-11,9:34:25.322779490,T,KO,I,94,70.3
2025-12-11,9:34:25.322818590,T,KO,F I,39,70.3
2025-12-11,9:34:25.322848685,T,KO,I,26,70.3
2025-12-11,9:34:25.322938830,T,KO,F I,26,70.3
2025-12-11,9:34:25.379921621,T,KO,F I,10,70.3
2025-12-11,9:34:25.379925255,T,KO,F I,52,70.3
2025-12-11,9:34:25.379927584,T,KO,F I,21,70.3
2025-12-11,9:34:25.379960754,T,KO,,179,70.3
2025-12-11,9:34:25.389643790,T,KO,F I,13,70.305
2025-12-11,9:34:25.390536849,T,KO,I,52,70.3
2025-12-11,9:34:25.390543092,T,KO,I,52,70.3
2025-12-11,9:34:25.390545939,T,KO,,100,70.3
2025-12-11,9:34:25.390792441,T,KO,I,87,70.3
2025-12-11,9:34:26.049388075,T,KO,F I,87,70.29
2025-12-11,9:34:26.070991556,T,KO,F I,52,70.29
2025-12-11,9:34:26.070991556,T,KO,F I,24,70.29
2025-12-11,9:34:26.844944829,T,KO,,100,70.3
2025-12-11,9:34:26.844965967,T,KO,I,1,70.3
2025-12-11,9:34:26.859268013,T,KO,I,24,70.295
2025-12-11,9:34:26.872812285,T,KO,I,1,70.3
2025-12-11,9:34:27.285106153,T,KO,I,24,70.29
2025-12-11,9:34:27.312489430,T,KO,,200,70.28
2025-12-11,9:34:27.312492530,T,KO,I,10,70.28
2025-12-11,9:34:27.312492530,T,KO,,100,70.28
2025-12-11,9:34:27.314636526,T,KO,F I,68,70.28
2025-12-11,9:34:27.314669626,T,KO,I,32,70.28
2025-12-11,9:34:27.314669626,T,KO,I,52,70.28
2025-12-11,9:34:27.358586463,T,KO,,100,70.28
2025-12-11,9:34:27.358586463,T,KO,I,52,70.28
2025-12-11,9:34:27.358589415,T,KO,I,6,70.28
2025-12-11,9:34:27.358589415,T,KO,I,65,70.28
2025-12-11,9:34:27.358913988,T,KO,,200,70.27
2025-12-11,9:34:27.358917420,T,KO,I,35,70.27
2025-12-11,9:34:27.358917420,T,KO,F,100,70.27
2025-12-11,9:34:27.358919995,T,KO,F,122,70.27
2025-12-11,9:34:27.359010805,T,KO,I,52,70.27
2025-12-11,9:34:27.359013254,T,KO,I,12,70.27
2025-12-11,9:34:27.359206317,T,KO,F,100,70.27
2025-12-11,9:34:27.359206317,T,KO,F I,27,70.27
2025-12-11,9:34:27.359208754,T,KO,F I,25,70.27
2025-12-11,9:34:27.359211745,T,KO,F I,96,70.27
2025-12-11,9:34:27.359211745,T,KO,I,4,70.27
2025-12-11,9:34:27.362113841,T,KO,,100,70.26
2025-12-11,9:34:27.362215802,T,KO,,100,70.26
2025-12-11,9:34:27.380400183,T,KO,I,52,70.26
2025-12-11,9:34:27.390922219,T,KO,F I,15,70.265
2025-12-11,9:34:27.438628321,T,KO,I,52,70.27
2025-12-11,9:34:27.438628321,T,KO,,300,70.27
2025-12-11,9:34:27.438874414,T,KO,I,52,70.27
2025-12-11,9:34:27.438874414,T,KO,,100,70.27
2025-12-11,9:34:27.438880477,T,KO,,100,70.27
2025-12-11,9:34:27.438880477,T,KO,I,52,70.27
2025-12-11,9:34:27.438883503,T,KO,I,13,70.27
2025-12-11,9:34:27.438955687,T,KO,I,52,70.26
2025-12-11,9:34:27.438961680,T,KO,,100,70.26
2025-12-11,9:34:27.469186684,T,KO,F I,52,70.26
2025-12-11,9:34:27.469190219,T,KO,F I,6,70.26
2025-12-11,9:34:27.469192730,T,KO,F I,13,70.26
2025-12-11,9:34:27.469192730,T,KO,F I,12,70.26
2025-12-11,9:34:27.480443190,T,KO,F I,4,70.27
2025-12-11,9:34:29.132574237,T,KO,,100,70.27
2025-12-11,9:34:29.132590678,T,KO,I,1,70.27
2025-12-11,9:34:29.132595353,T,KO,I,28,70.27
2025-12-11,9:34:29.132628377,T,KO,I,71,70.27
2025-12-11,9:34:29.145315606,T,KO,I,1,70.275
2025-12-11,9:34:31.052851822,T,KO,,156,70.275
2025-12-11,9:34:31.058971402,T,KO,F I,12,70.27
2025-12-11,9:34:31.058971402,T,KO,F I,16,70.27
2025-12-11,9:34:31.058974776,T,KO,F I,6,70.27
2025-12-11,9:34:31.058974776,T,KO,F,100,70.27
2025-12-11,9:34:31.058977434,T,KO,F I,2,70.27
2025-12-11,9:34:31.058980484,T,KO,F I,52,70.27
2025-12-11,9:34:31.058980484,T,KO,F,100,70.27
2025-12-11,9:34:31.059431568,T,KO,,100,70.27
2025-12-11,9:34:31.260328006,T,KO,,100,70.27
2025-12-11,9:34:33.077883824,T,KO,F I,12,70.27
2025-12-11,9:34:39.499411323,T,KO,F,100,70.29
2025-12-11,9:34:39.499413955,T,KO,F I,2,70.29
2025-12-11,9:34:39.499416946,T,KO,F I,88,70.29
2025-12-11,9:34:39.499480127,T,KO,I,1,70.29
2025-12-11,9:34:39.499486167,T,KO,I,13,70.29
2025-12-11,9:34:39.513114646,T,KO,F I,42,70.3
2025-12-11,9:34:39.513433419,T,KO,F I,56,70.3
2025-12-11,9:34:39.513436405,T,KO,F,100,70.3
2025-12-11,9:34:39.513472443,T,KO,F,100,70.3
2025-12-11,9:34:39.513502516,T,KO,,100,70.3
2025-12-11,9:34:39.513511755,T,KO,,100,70.3
2025-12-11,9:34:39.540723402,T,KO,I,2,70.305
2025-12-11,9:34:39.551955079,T,KO,I,1,70.305
2025-12-11,9:34:42.010063697,T,KO,F,100,70.31
2025-12-11,9:34:42.013425738,T,KO,F I,31,70.32
2025-12-11,9:34:42.071445950,T,KO,F I,2,70.32
2025-12-11,9:34:46.348201737,T,KO,I,21,70.295
2025-12-11,9:34:46.363339820,T,KO,I,1,70.295
2025-12-11,9:34:46.375341345,T,KO,,197,70.29
2025-12-11,9:34:46.395690899,T,KO,,100,70.29
2025-12-11,9:34:50.334089894,T,KO,F,100,70.29
2025-12-11,9:34:50.334637456,T,KO,F I,53,70.28
2025-12-11,9:34:50.334641689,T,KO,F,100,70.28
2025-12-11,9:34:50.334646276,T,KO,F I,61,70.28
2025-12-11,9:34:50.334646276,T,KO,F,196,70.28
2025-12-11,9:34:50.334650322,T,KO,F,100,70.28
2025-12-11,9:34:50.334650322,T,KO,F I,25,70.28
2025-12-11,9:34:50.334652397,T,KO,F,200,70.28
2025-12-11,9:34:50.334652397,T,KO,F I,5,70.28
2025-12-11,9:34:50.334661291,T,KO,I,1,70.28
2025-12-11,9:34:50.334677221,T,KO,F I,54,70.28
2025-12-11,9:34:50.334677221,T,KO,F,100,70.28
2025-12-11,9:34:50.334677221,T,KO,,100,70.28
2025-12-11,9:34:50.335022347,T,KO,I,2,70.27
2025-12-11,9:34:50.335025294,T,KO,,100,70.27
2025-12-11,9:34:50.335025294,T,KO,,200,70.27
2025-12-11,9:34:50.335121590,T,KO,I,53,70.27
2025-12-11,9:34:50.335121590,T,KO,I,53,70.27
2025-12-11,9:34:50.335163649,T,KO,,120,70.28
2025-12-11,9:34:50.335163649,T,KO,,196,70.28
2025-12-11,9:34:50.335169722,T,KO,I,53,70.28
2025-12-11,9:34:50.335169722,T,KO,,200,70.28
2025-12-11,9:34:50.335173046,T,KO,,100,70.28
2025-12-11,9:34:50.335173046,T,KO,I,25,70.28
2025-12-11,9:34:50.335175516,T,KO,,100,70.28
2025-12-11,9:34:50.335280875,T,KO,F,100,70.28
2025-12-11,9:34:50.335305165,T,KO,F,100,70.28
2025-12-11,9:34:50.335307845,T,KO,F I,53,70.28
2025-12-11,9:34:50.335307845,T,KO,F I,47,70.28
2025-12-11,9:34:50.335323228,T,KO,,100,70.28
2025-12-11,9:34:50.335323228,T,KO,,100,70.28
2025-12-11,9:34:50.335325825,T,KO,I,53,70.28
2025-12-11,9:34:50.335512379,T,KO,I,41,70.275
2025-12-11,9:34:50.335512379,T,KO,,200,70.27
2025-12-11,9:34:50.442134399,T,KO,F I,53,70.27
2025-12-11,9:34:50.442134399,T,KO,F I,67,70.27
2025-12-11,9:34:50.442137684,T,KO,F I,8,70.27
2025-12-11,9:34:50.442137684,T,KO,F I,72,70.27
2025-12-11,9:34:50.442152260,T,KO,F I,28,70.27
2025-12-11,9:34:53.981594144,T,KO,F,100,70.29
2025-12-11,9:34:54.007314463,T,KO,F,191,70.3
2025-12-11,9:34:54.007332457,T,KO,F I,9,70.3
2025-12-11,9:34:54.007335479,T,KO,I,1,70.3
2025-12-11,9:34:54.065328638,T,KO,F I,38,70.31
2025-12-11,9:34:54.065367686,T,KO,,162,70.31
2025-12-11,9:34:54.251977109,T,KO,F I,41,70.33
2025-12-11,9:34:54.267319737,T,KO,F I,2,70.33
2025-12-11,9:34:54.474925430,T,KO,I,26,70.32
2025-12-11,9:34:54.474928087,T,KO,,100,70.32
2025-12-11,9:34:54.474931203,T,KO,I,51,70.32
2025-12-11,9:34:54.474931203,T,KO,,200,70.32
2025-12-11,9:34:54.474934608,T,KO,I,25,70.32
2025-12-11,9:34:54.474934608,T,KO,,100,70.32
2025-12-11,9:35:00.042730973,T,KO,,100,70.3
2025-12-11,9:35:00.042794110,T,KO,,100,70.3
2025-12-11,9:35:00.076230766,T,KO,,100,70.3
2025-12-11,9:35:00.763208072,T,KO,I,99,70.31
2025-12-11,9:35:00.763223090,T,KO,I,1,70.31
2025-12-11,9:35:00.763235072,T,KO,F I,1,70.31
2025-12-11,9:35:00.763247087,T,KO,I,36,70.31
2025-12-11,9:35:01.411489095,T,KO,,100,70.3
2025-12-11,9:35:01.411492028,T,KO,I,5,70.29
2025-12-11,9:35:01.411501067,T,KO,I,37,70.29
2025-12-11,9:35:01.411507799,T,KO,F I,52,70.29
2025-12-11,9:35:01.411747599,T,KO,F I,48,70.29
2025-12-11,9:35:01.411777672,T,KO,,100,70.3
2025-12-11,9:35:01.422495290,T,KO,,100,70.3
2025-12-11,9:35:01.734936896,T,KO,I,52,70.29
2025-12-11,9:35:01.734942449,T,KO,,100,70.29
2025-12-11,9:35:01.734942449,T,KO,I,1,70.29
2025-12-11,9:35:01.734942449,T,KO,,100,70.29
2025-12-11,9:35:01.734945431,T,KO,,200,70.29
2025-12-11,9:35:01.734984516,T,KO,,100,70.29
2025-12-11,9:35:01.734987453,T,KO,,100,70.29
2025-12-11,9:35:05.277788350,T,KO,I,8,70.27
2025-12-11,9:35:09.519089650,T,KO,I,8,70.28
2025-12-11,9:35:09.519640790,T,KO,F I,2,70.275
2025-12-11,9:35:09.519640790,T,KO,F I,2,70.275
2025-12-11,9:35:09.519646134,T,KO,I,2,70.275
2025-12-11,9:35:09.519646134,T,KO,I,2,70.275
2025-12-11,9:35:09.519880684,T,KO,F I,45,70.27
2025-12-11,9:35:09.520018967,T,KO,F I,2,70.27
2025-12-11,9:35:09.521029505,T,KO,F I,45,70.27
2025-12-11,9:35:09.521032305,T,KO,F I,52,70.27
2025-12-11,9:35:09.521032305,T,KO,F I,53,70.27
2025-12-11,9:35:09.521035384,T,KO,F,120,70.27
2025-12-11,9:35:09.521077544,T,KO,I,53,70.27
2025-12-11,9:35:09.521080455,T,KO,I,67,70.27
2025-12-11,9:35:09.521742338,T,KO,I,52,70.27
2025-12-11,9:35:09.521742338,T,KO,I,16,70.27
2025-12-11,9:35:09.521745091,T,KO,I,15,70.27
2025-12-11,9:35:09.532736193,T,KO,,100,70.26
2025-12-11,9:35:09.532748426,T,KO,,100,70.26
2025-12-11,9:35:09.532787322,T,KO,,100,70.26
2025-12-11,9:35:09.532790350,T,KO,I,92,70.26
2025-12-11,9:35:09.533331654,T,KO,I,25,70.26
2025-12-11,9:35:09.533376778,T,KO,F I,25,70.26
2025-12-11,9:35:09.545808379,T,KO,,100,70.26
2025-12-11,9:35:09.668247957,T,KO,I,19,70.255
2025-12-11,9:35:11.619896970,T,KO,F I,2,70.25
2025-12-11,9:35:11.620981798,T,KO,F,100,70.25
2025-12-11,9:35:11.621198293,T,KO,,100,70.24
2025-12-11,9:35:11.642182269,T,KO,F,100,70.23
2025-12-11,9:35:12.145981130,T,KO,F,100,70.22
2025-12-11,9:35:12.146558504,T,KO,I,2,70.21
2025-12-11,9:35:12.146561949,T,KO,,100,70.21
2025-12-11,9:35:12.147379540,T,KO,,100,70.21
2025-12-11,9:35:12.443440861,T,KO,I,2,70.2
2025-12-11,9:35:12.443440861,T,KO,I,10,70.2
2025-12-11,9:35:12.443446611,T,KO,,100,70.2
2025-12-11,9:35:12.982922512,T,KO,I,93,70.19
2025-12-11,9:35:12.985905664,T,KO,,100,70.19
2025-12-11,9:35:13.000836265,T,KO,F I,51,70.19
2025-12-11,9:35:15.763182309,T,KO,I,2,70.2
2025-12-11,9:35:16.949504739,T,KO,F I,31,70.2
2025-12-11,9:35:16.949511297,T,KO,F I,20,70.2
2025-12-11,9:35:16.949511297,T,KO,F I,7,70.2
2025-12-11,9:35:16.949514396,T,KO,F I,92,70.2
2025-12-11,9:35:16.949516784,T,KO,F,200,70.2
2025-12-11,9:35:16.950331716,T,KO,,200,70.19
2025-12-11,9:35:21.091539833,T,KO,F,100,70.2
2025-12-11,9:35:21.091539833,T,KO,F I,6,70.2
2025-12-11,9:35:21.105622287,T,KO,F I,5,70.2
2025-12-11,9:35:22.624795661,T,KO,I,89,70.21
2025-12-11,9:35:22.624810652,T,KO,I,1,70.21
2025-12-11,9:35:22.624834706,T,KO,I,10,70.21
2025-12-11,9:35:22.788331125,T,KO,I,51,70.21
2025-12-11,9:35:22.788562647,T,KO,F,100,70.21
2025-12-11,9:35:22.788590132,T,KO,F I,51,70.21
2025-12-11,9:35:22.788590132,T,KO,F I,51,70.21
2025-12-11,9:35:22.788593369,T,KO,F I,25,70.21
2025-12-11,9:35:22.788629524,T,KO,,100,70.22
2025-12-11,9:35:22.788629524,T,KO,I,35,70.22
2025-12-11,9:35:23.359664859,T,KO,F I,44,70.2
2025-12-11,9:35:23.359686097,T,KO,I,56,70.2
2025-12-11,9:35:23.359686097,T,KO,I,51,70.2
2025-12-11,9:35:27.318289964,T,KO,F,100,70.19
2025-12-11,9:35:27.318305372,T,KO,I,1,70.19
2025-12-11,9:35:27.318894439,T,KO,,100,70.19
2025-12-11,9:35:27.318915497,T,KO,F,200,70.19
2025-12-11,9:35:29.565419141,T,KO,,100,70.19
2025-12-11,9:35:33.586584172,T,KO,,100,70.19
2025-12-11,9:35:34.846089050,T,KO,,100,70.18
2025-12-11,9:35:34.846089050,T,KO,,100,70.18
2025-12-11,9:35:34.846107169,T,KO,I,1,70.18
2025-12-11,9:35:36.060189058,T,KO,,100,70.18
2025-12-11,9:35:36.060353958,T,KO,F,154,70.18
2025-12-11,9:35:36.070440877,T,KO,,100,70.17
2025-12-11,9:35:36.070443143,T,KO,,100,70.17
2025-12-11,9:35:36.763605905,T,KO,,120,70.17
2025-12-11,9:35:38.543671457,T,KO,F I,80,70.17
2025-12-11,9:35:42.989653229,T,KO,F I,76,70.18
2025-12-11,9:35:43.042464174,T,KO,I,16,70.19
2025-12-11,9:35:44.564334761,T,KO,F I,20,70.2
2025-12-11,9:35:44.564334761,T,KO,F I,20,70.2
2025-12-11,9:35:46.023912908,T,KO,I,63,70.19
2025-12-11,9:35:46.023915012,T,KO,I,60,70.19
2025-12-11,9:35:46.023933043,T,KO,I,1,70.19
2025-12-11,9:35:46.062845726,T,KO,,100,70.195
2025-12-11,9:35:46.430541230,T,KO,F I,63,70.2
2025-12-11,9:35:46.471194356,T,KO,,100,70.2
2025-12-11,9:35:46.471197284,T,KO,,100,70.2
2025-12-11,9:35:46.471432311,T,KO,F I,52,70.2
2025-12-11,9:35:46.471435774,T,KO,F,100,70.2
2025-12-11,9:35:46.471437935,T,KO,F,100,70.2
2025-12-11,9:35:46.471452932,T,KO,I,1,70.2
2025-12-11,9:35:46.471470964,T,KO,I,55,70.2
2025-12-11,9:35:46.471474005,T,KO,I,34,70.2
2025-12-11,9:35:46.472424754,T,KO,I,10,70.21
2025-12-11,9:35:46.472428227,T,KO,,200,70.21
2025-12-11,9:35:46.472428227,T,KO,I,2,70.21
2025-12-11,9:35:46.493684897,T,KO,F,106,70.2
2025-12-11,9:35:46.493684897,T,KO,F I,47,70.2
2025-12-11,9:35:46.493690961,T,KO,F I,26,70.2
2025-12-11,9:35:46.493787085,T,KO,F I,74,70.2
2025-12-11,9:35:46.493787085,T,KO,F I,26,70.2
2025-12-11,9:35:46.494547950,T,KO,F I,26,70.2
2025-12-11,9:35:46.494550919,T,KO,F,100,70.2
2025-12-11,9:35:46.913719338,T,KO,F I,2,70.21
2025-12-11,9:35:46.913722284,T,KO,F I,98,70.21
2025-12-11,9:35:48.689238106,T,KO,,100,70.21
2025-12-11,9:35:55.117979458,T,KO,,100,70.21
2025-12-11,9:35:55.390882478,T,KO,,100,70.205
2025-12-11,9:35:55.416467356,T,KO,,100,70.205
2025-12-11,9:35:57.093982642,T,KO,,100,70.2
2025-12-11,9:35:57.094400705,T,KO,,116,70.2
2025-12-11,9:35:57.094424725,T,KO,I,1,70.2
2025-12-11,9:35:57.265742765,T,KO,F,200,70.19
2025-12-11,9:35:57.292587757,T,KO,F I,22,70.18
2025-12-11,9:35:57.901456751,T,KO,I,3,70.18
2025-12-11,9:36:00.132301905,T,KO,F I,21,70.18
2025-12-11,9:36:00.132329712,T,KO,F,200,70.18
2025-12-11,9:36:00.132329712,T,KO,F,100,70.18
2025-12-11,9:36:00.271987935,T,KO,F,100,70.17
2025-12-11,9:36:00.271987935,T,KO,,100,70.17
2025-12-11,9:36:00.282464580,T,KO,,100,70.17
2025-12-11,9:36:01.497517415,T,KO,,100,70.175
2025-12-11,9:36:03.994770157,T,KO,F,100,70.18
2025-12-11,9:36:03.994773166,T,KO,F I,80,70.18
2025-12-11,9:36:04.000131924,T,KO,F I,52,70.18
2025-12-11,9:36:04.497275904,T,KO,I,32,70.17
2025-12-11,9:36:04.497278965,T,KO,,100,70.17
2025-12-11,9:36:04.618789527,T,KO,F I,50,70.17
2025-12-11,9:36:04.618792501,T,KO,F I,52,70.17
2025-12-11,9:36:04.618792501,T,KO,F I,20,70.17
2025-12-11,9:36:04.658444831,T,KO,I,50,70.17
2025-12-11,9:36:09.272923811,T,KO,I,45,70.18
2025-12-11,9:36:09.272926106,T,KO,I,2,70.18
2025-12-11,9:36:09.272989541,T,KO,I,59,70.18
2025-12-11,9:36:09.272989541,T,KO,,200,70.19
2025-12-11,9:36:09.272995287,T,KO,I,51,70.19
2025-12-11,9:36:09.272995287,T,KO,I,90,70.19
2025-12-11,9:36:09.273010841,T,KO,I,1,70.19
2025-12-11,9:36:09.273031681,T,KO,I,9,70.19
2025-12-11,9:36:09.273031681,T,KO,I,57,70.19
2025-12-11,9:36:09.273034372,T,KO,I,15,70.19
2025-12-11,9:36:09.273473413,T,KO,,200,70.185
2025-12-11,9:36:09.273561410,T,KO,,200,70.19
2025-12-11,9:36:09.274093827,T,KO,I,51,70.19
2025-12-11,9:36:09.274096909,T,KO,I,7,70.19
2025-12-11,9:36:09.274098898,T,KO,I,51,70.19
2025-12-11,9:36:09.274102108,T,KO,,200,70.18
2025-12-11,9:36:09.274378960,T,KO,,200,70.18
2025-12-11,9:36:09.323582093,T,KO,F I,51,70.18
2025-12-11,9:36:09.323582093,T,KO,F I,14,70.18
2025-12-11,9:36:09.323584928,T,KO,F I,51,70.18
2025-12-11,9:36:11.153972204,T,KO,F I,2,70.185
2025-12-11,9:36:11.695156276,T,KO,,100,70.185
2025-12-11,9:36:12.117283700,T,KO,I,14,70.18
2025-12-11,9:36:12.117283700,T,KO,I,51,70.18
2025-12-11,9:36:12.117887950,T,KO,I,3,70.17
2025-12-11,9:36:12.117942139,T,KO,I,97,70.17
2025-12-11,9:36:12.117942139,T,KO,I,37,70.17
2025-12-11,9:36:12.537363027,T,KO,I,5,70.15
2025-12-11,9:36:12.537363027,T,KO,I,6,70.15
2025-12-11,9:36:12.537384415,T,KO,,100,70.16
2025-12-11,9:36:12.537384415,T,KO,I,25,70.16
2025-12-11,9:36:12.537672678,T,KO,,100,70.16
2025-12-11,9:36:12.537687734,T,KO,,100,70.16
2025-12-11,9:36:12.537712062,T,KO,I,26,70.15
2025-12-11,9:36:12.537714844,T,KO,I,10,70.16
2025-12-11,9:36:12.537732924,T,KO,F,190,70.16
2025-12-11,9:36:12.537735873,T,KO,F I,26,70.16
2025-12-11,9:36:12.540839283,T,KO,I,51,70.16
2025-12-11,9:36:12.541419673,T,KO,,100,70.16
2025-12-11,9:36:12.547894110,T,KO,I,56,70.16
2025-12-11,9:36:12.587513427,T,KO,,100,70.15
2025-12-11,9:36:12.587516433,T,KO,,100,70.15
2025-12-11,9:36:13.077680892,T,KO,I,10,70.14
2025-12-11,9:36:15.445117406,T,KO,F I,2,70.13
2025-12-11,9:36:15.445120406,T,KO,F I,59,70.13
2025-12-11,9:36:15.445126398,T,KO,F I,2,70.13
2025-12-11,9:36:15.445130119,T,KO,I,37,70.13
2025-12-11,9:36:15.487936398,T,KO,I,17,70.13
2025-12-11,9:36:16.359060201,T,KO,F,100,70.125
2025-12-11,9:36:16.359066203,T,KO,F I,2,70.13
2025-12-11,9:36:16.359066203,T,KO,F I,94,70.13
2025-12-11,9:36:16.359078510,T,KO,I,1,70.13
2025-12-11,9:36:16.359081211,T,KO,F,105,70.13
2025-12-11,9:36:16.359084205,T,KO,F,100,70.13
2025-12-11,9:36:16.359120358,T,KO,I,25,70.14
2025-12-11,9:36:16.359123709,T,KO,,200,70.14
2025-12-11,9:36:16.359950257,T,KO,I,51,70.14
2025-12-11,9:36:16.359953341,T,KO,,100,70.14
2025-12-11,9:36:17.256222921,T,KO,,100,70.13
2025-12-11,9:36:18.422361351,T,KO,F,162,70.12
2025-12-11,9:36:18.422683106,T,KO,,138,70.12
2025-12-11,9:36:18.423419818,T,KO,F,100,70.11
2025-12-11,9:36:18.432603710,T,KO,,100,70.11
2025-12-11,9:36:18.723095544,T,KO,F I,6,70.1
2025-12-11,9:36:18.723098640,T,KO,F I,25,70.1
2025-12-11,9:36:18.809301869,T,KO,F I,51,70.1
2025-12-11,9:36:19.653806382,T,KO,,100,70.1
2025-12-11,9:36:27.746906589,T,KO,F,100,70.09
2025-12-11,9:36:27.746909597,T,KO,F,100,70.09
2025-12-11,9:36:27.746928428,T,KO,I,1,70.09
2025-12-11,9:36:27.746933598,T,KO,I,14,70.09
2025-12-11,9:36:30.267474388,T,KO,F,100,70.1
2025-12-11,9:36:34.405684237,T,KO,F I,25,70.11
2025-12-11,9:36:34.405690247,T,KO,F,100,70.11
2025-12-11,9:36:34.405690247,T,KO,F I,2,70.11
2025-12-11,9:36:34.405692916,T,KO,F I,75,70.11
2025-12-11,9:36:34.405701861,T,KO,I,1,70.11
2025-12-11,9:36:34.405707873,T,KO,I,14,70.11
2025-12-11,9:36:34.620112535,T,KO,F,100,70.11
2025-12-11,9:36:36.745544601,T,KO,,138,70.1
2025-12-11,9:36:36.745547565,T,KO,I,42,70.1
2025-12-11,9:36:37.338993187,T,KO,I,38,70.1
2025-12-11,9:36:37.354380831,T,KO,F I,10,70.09
2025-12-11,9:36:37.354786732,T,KO,,120,70.09
2025-12-11,9:36:37.354826222,T,KO,I,33,70.09
2025-12-11,9:36:37.354826222,T,KO,I,80,70.09
2025-12-11,9:36:40.546636728,T,KO,I,33,70.08
2025-12-11,9:36:40.546636728,T,KO,I,79,70.08
2025-12-11,9:36:40.546639754,T,KO,,112,70.08
2025-12-11,9:36:40.547601963,T,KO,I,88,70.08
2025-12-11,9:36:40.547604974,T,KO,,200,70.07
2025-12-11,9:36:40.547607890,T,KO,I,12,70.07
2025-12-11,9:36:40.549694881,T,KO,I,36,70.08
2025-12-11,9:36:40.549694881,T,KO,I,22,70.08
2025-12-11,9:36:40.568883553,T,KO,I,25,70.06
2025-12-11,9:36:40.568883553,T,KO,,100,70.06
2025-12-11,9:36:40.574726502,T,KO,F,100,70.05
2025-12-11,9:36:40.581615952,T,KO,,200,70.04
2025-12-11,9:36:41.387406137,T,KO,I,1,70.04
2025-12-11,9:36:41.387436178,T,KO,,200,70.05
2025-12-11,9:36:41.387436178,T,KO,I,25,70.05
2025-12-11,9:36:41.387463594,T,KO,,100,70.04
2025-12-11,9:36:41.387490347,T,KO,I,1,70.04
2025-12-11,9:36:41.387490347,T,KO,I,14,70.04
2025-12-11,9:36:44.183715074,T,KO,I,78,70.03
2025-12-11,9:36:44.183736096,T,KO,I,38,70.03
2025-12-11,9:36:44.183736096,T,KO,I,8,70.03
2025-12-11,9:36:44.183754124,T,KO,F I,92,70.03
2025-12-11,9:36:44.183790810,T,KO,,200,70.03
2025-12-11,9:36:44.183793187,T,KO,,100,70.03
2025-12-11,9:36:45.172716594,T,KO,F I,66,70.03
2025-12-11,9:36:47.561257398,T,KO,,100,70.04
2025-12-11,9:36:48.249217808,T,KO,,100,70.04
2025-12-11,9:36:48.250414703,T,KO,I,74,70.04
2025-12-11,9:36:49.582473221,T,KO,I,74,70.04
2025-12-11,9:36:49.861441615,T,KO,I,34,70.03
2025-12-11,9:36:49.862632454,T,KO,F I,34,70.03
2025-12-11,9:36:50.765758425,T,KO,F,200,70.05
2025-12-11,9:36:50.765761624,T,KO,F,200,70.05
2025-12-11,9:36:50.765761624,T,KO,F,100,70.05
2025-12-11,9:36:50.765764448,T,KO,F I,11,70.05
2025-12-11,9:36:50.836113979,T,KO,,200,70.04
2025-12-11,9:36:50.836116991,T,KO,I,25,70.04
2025-12-11,9:36:50.836673599,T,KO,F,100,70.03
2025-12-11,9:36:50.836673599,T,KO,F,100,70.03
2025-12-11,9:36:50.836676565,T,KO,F I,56,70.03
2025-12-11,9:36:50.836676565,T,KO,F I,64,70.03
2025-12-11,9:36:50.836682761,T,KO,F,136,70.03
2025-12-11,9:36:50.836685385,T,KO,F,200,70.03
2025-12-11,9:36:50.837125011,T,KO,I,70,70.04
2025-12-11,9:36:50.837125011,T,KO,I,56,70.04
2025-12-11,9:36:50.837128252,T,KO,,200,70.04
2025-12-11,9:36:50.837128252,T,KO,,100,70.04
2025-12-11,9:36:50.837133482,T,KO,I,80,70.04
2025-12-11,9:36:50.837145529,T,KO,I,1,70.04
2025-12-11,9:36:50.837151491,T,KO,I,24,70.04
2025-12-11,9:36:50.837169581,T,KO,I,76,70.04
2025-12-11,9:36:50.837184611,T,KO,I,30,70.04
2025-12-11,9:36:50.837187590,T,KO,I,4,70.04
2025-12-11,9:36:50.837223631,T,KO,I,56,70.04
2025-12-11,9:36:50.837226673,T,KO,I,8,70.04
2025-12-11,9:36:50.837720181,T,KO,F I,56,70.03
2025-12-11,9:36:50.837722891,T,KO,F,100,70.03
2025-12-11,9:36:50.837726540,T,KO,F,100,70.03
2025-12-11,9:36:50.837728826,T,KO,F,100,70.03
2025-12-11,9:36:50.837731947,T,KO,F,267,70.03
2025-12-11,9:36:50.837731947,T,KO,F,200,70.03
2025-12-11,9:36:52.385948418,T,KO,F I,16,70.03
2025-12-11,9:36:52.385948418,T,KO,F I,56,70.03
2025-12-11,9:36:52.385952160,T,KO,F I,8,70.03
2025-12-11,9:36:52.385955176,T,KO,F,303,70.03
2025-12-11,9:36:52.385955176,T,KO,F I,14,70.03
2025-12-11,9:36:52.385957248,T,KO,F I,1,70.03
2025-12-11,9:36:52.385993365,T,KO,F I,14,70.03
2025-12-11,9:36:52.385993365,T,KO,F I,56,70.03
2025-12-11,9:36:52.386011441,T,KO,F I,1,70.03
2025-12-11,9:36:52.386044532,T,KO,F I,56,70.03
2025-12-11,9:36:52.386050530,T,KO,F I,14,70.03
2025-12-11,9:36:52.390260658,T,KO,I,6,70.03
2025-12-11,9:36:52.426656194,T,KO,I,6,70.04
2025-12-11,9:36:52.452599014,T,KO,I,38,70.04
2025-12-11,9:36:54.831300331,T,KO,F I,38,70.05
2025-12-11,9:37:00.002178799,T,KO,,100,70.03
2025-12-11,9:37:00.664061217,T,KO,,100,70.02
2025-12-11,9:37:01.197414658,T,KO,,100,70.02
2025-12-11,9:37:01.583840939,T,KO,I,51,70.02
2025-12-11,9:37:01.584129641,T,KO,I,49,70.02
2025-12-11,9:37:02.657172184,T,KO,,100,70.02
2025-12-11,9:37:03.328256871,T,KO,I,25,70.01
2025-12-11,9:37:03.328263037,T,KO,,200,70.01
2025-12-11,9:37:03.328263037,T,KO,I,1,70.01
2025-12-11,9:37:03.328263037,T,KO,I,2,70.01
2025-12-11,9:37:03.328265612,T,KO,F,228,70.01
2025-12-11,9:37:03.328605338,T,KO,I,72,70.01
2025-12-11,9:37:03.328644483,T,KO,I,57,70.02
2025-12-11,9:37:03.328647444,T,KO,,100,70.02
2025-12-11,9:37:03.328647444,T,KO,I,23,70.02
2025-12-11,9:37:03.328665565,T,KO,I,1,70.02
2025-12-11,9:37:03.330328580,T,KO,F I,30,70.02
2025-12-11,9:37:03.330328580,T,KO,F,100,70.02
2025-12-11,9:37:03.536108639,T,KO,F,100,70.03
2025-12-11,9:37:04.446046067,T,KO,I,68,70.03
2025-12-11,9:37:04.446046067,T,KO,I,8,70.03
2025-12-11,9:37:06.423119633,T,KO,,100,70.025
2025-12-11,9:37:06.965804558,T,KO,,100,70.02
2025-12-11,9:37:06.965807454,T,KO,I,68,70.02
2025-12-11,9:37:06.966213449,T,KO,,200,70.01
2025-12-11,9:37:06.966213449,T,KO,I,18,70.01
2025-12-11,9:37:07.014448808,T,KO,I,5,70.0
2025-12-11,9:37:07.014448808,T,KO,I,2,70.0
2025-12-11,9:37:07.014450934,T,KO,I,30,70.0
2025-12-11,9:37:07.014454253,T,KO,I,5,70.0
2025-12-11,9:37:07.014454253,T,KO,I,30,70.0
2025-12-11,9:37:07.014457799,T,KO,I,1,70.0
2025-12-11,9:37:07.014457799,T,KO,I,1,70.0
2025-12-11,9:37:07.014595341,T,KO,,100,70.01
2025-12-11,9:37:07.014628341,T,KO,I,55,70.0
2025-12-11,9:37:07.015380158,T,KO,,100,70.01
2025-12-11,9:37:07.016041674,T,KO,,100,70.01
2025-12-11,9:37:07.016054802,T,KO,F I,45,70.0
2025-12-11,9:37:07.016054802,T,KO,F I,29,70.0
2025-12-11,9:37:08.502728543,T,KO,I,26,70.01
2025-12-11,9:37:14.490027752,T,KO,F,100,70.02
2025-12-11,9:37:14.500988717,T,KO,F I,7,70.03
2025-12-11,9:37:14.591242998,T,KO,F I,25,70.04
2025-12-11,9:37:14.591242998,T,KO,F I,4,70.04
2025-12-11,9:37:15.403007891,T,KO,,200,70.06
2025-12-11,9:37:15.403010926,T,KO,I,25,70.06
2025-12-11,9:37:15.403013973,T,KO,I,11,70.06
2025-12-11,9:37:15.403729589,T,KO,,200,70.06
2025-12-11,9:37:15.419066170,T,KO,I,20,70.06
2025-12-11,9:37:15.429458923,T,KO,,100,70.06
2025-12-11,9:37:16.914714714,T,KO,,100,70.04
2025-12-11,9:37:16.914778235,T,KO,,100,70.04
2025-12-11,9:37:16.914792916,T,KO,F,100,70.04
2025-12-11,9:37:16.917811697,T,KO,,170,70.03
2025-12-11,9:37:16.917838769,T,KO,F I,30,70.03
2025-12-11,9:37:18.125902981,T,KO,F I,88,70.045
2025-12-11,9:37:18.834582880,T,KO,F,100,70.05
2025-12-11,9:37:18.834624966,T,KO,I,94,70.06
2025-12-11,9:37:18.834709093,T,KO,F I,6,70.06
2025-12-11,9:37:18.834757205,T,KO,,130,70.06
2025-12-11,9:37:18.839728135,T,KO,I,55,70.06
2025-12-11,9:37:19.629496738,T,KO,I,55,70.06
2025-12-11,9:37:19.629499296,T,KO,,100,70.06
2025-12-11,9:37:20.634044762,T,KO,F I,25,70.06
2025-12-11,9:37:20.634044762,T,KO,F,270,70.06
2025-12-11,9:37:20.634068843,T,KO,F,100,70.06
2025-12-11,9:37:21.399102831,T,KO,F I,1,70.06
2025-12-11,9:37:27.063793323,T,KO,I,6,70.06
2025-12-11,9:37:29.248156804,T,KO,I,40,70.07
2025-12-11,9:37:30.764040254,T,KO,I,1,70.09
2025-12-11,9:37:30.764106387,T,KO,,100,70.09
2025-12-11,9:37:31.006426538,T,KO,,100,70.08
2025-12-11,9:37:31.006430386,T,KO,,100,70.08
2025-12-11,9:37:31.006430386,T,KO,,100,70.08
2025-12-11,9:37:31.006432888,T,KO,I,25,70.08
2025-12-11,9:37:31.006432888,T,KO,,175,70.08
2025-12-11,9:37:31.006450595,T,KO,I,14,70.08
2025-12-11,9:37:31.006450595,T,KO,I,1,70.08
2025-12-11,9:37:31.022208099,T,KO,,100,70.08
2025-12-11,9:37:33.868820823,T,KO,I,1,70.09
2025-12-11,9:37:33.868823869,T,KO,I,3,70.09
2025-12-11,9:37:37.861989351,T,KO,,100,70.08
2025-12-11,9:37:38.258104712,T,KO,,100,70.08
2025-12-11,9:37:41.126865228,T,KO,F I,66,70.095
2025-12-11,9:37:43.795258602,T,KO,F I,1,70.1
2025-12-11,9:37:43.795261604,T,KO,F I,40,70.1
2025-12-11,9:37:43.795276668,T,KO,I,41,70.1
2025-12-11,9:37:43.822281429,T,KO,F I,51,70.1
2025-12-11,9:37:43.822284292,T,KO,F I,9,70.1
2025-12-11,9:37:43.822286949,T,KO,F,100,70.1
2025-12-11,9:37:44.272726737,T,KO,F I,9,70.1
2025-12-11,9:37:44.272730072,T,KO,F I,51,70.1
2025-12-11,9:37:44.272730072,T,KO,F I,25,70.1
2025-12-11,9:37:44.272735790,T,KO,F I,85,70.1
2025-12-11,9:37:44.272747839,T,KO,F I,55,70.1
2025-12-11,9:37:44.273271416,T,KO,I,50,70.1
2025-12-11,9:37:44.273274094,T,KO,,100,70.1
2025-12-11,9:37:44.273274094,T,KO,I,36,70.1
2025-12-11,9:37:44.273280050,T,KO,I,64,70.1
2025-12-11,9:37:44.273328178,T,KO,F,100,70.09
2025-12-11,9:37:44.273328178,T,KO,F,200,70.09
2025-12-11,9:37:44.273403391,T,KO,,100,70.09
2025-12-11,9:37:44.817498246,T,KO,,100,70.085
2025-12-11,9:37:45.325080152,T,KO,,200,70.085
2025-12-11,9:37:45.514504390,T,KO,F I,50,70.09
2025-12-11,9:37:45.514504390,T,KO,F I,50,70.09
2025-12-11,9:37:45.514525401,T,KO,F I,50,70.09
2025-12-11,9:37:45.664288126,T,KO,F,200,70.1
2025-12-11,9:37:45.664288126,T,KO,F,100,70.1
2025-12-11,9:37:46.084193151,T,KO,,100,70.1
2025-12-11,9:37:48.403533063,T,KO,F I,30,70.09
2025-12-11,9:37:48.404994782,T,KO,F,200,70.1
2025-12-11,9:37:48.404997632,T,KO,F I,43,70.1
2025-12-11,9:37:48.405000642,T,KO,F I,33,70.1
2025-12-11,9:37:53.238123737,T,KO,,100,70.09
2025-12-11,9:37:54.921764547,T,KO,,100,70.08
2025-12-11,9:37:54.921767585,T,KO,,100,70.08
2025-12-11,9:37:54.921785533,T,KO,I,3,70.08
2025-12-11,9:37:54.921788562,T,KO,I,1,70.08
2025-12-11,9:37:55.297545684,T,KO,I,60,70.08
2025-12-11,9:37:55.297548475,T,KO,I,16,70.08
2025-12-11,9:37:55.350023551,T,KO,I,60,70.08
2025-12-11,9:37:55.400351388,T,KO,I,60,70.08
2025-12-11,9:37:56.530722538,T,KO,I,62,70.08
2025-12-11,9:37:56.583140349,T,KO,I,62,70.08
2025-12-11,9:37:56.633474279,T,KO,I,62,70.08
2025-12-11,9:37:56.683802130,T,KO,I,65,70.08
2025-12-11,9:37:57.187333438,T,KO,,100,70.08
2025-12-11,9:37:57.187892730,T,KO,,100,70.08
2025-12-11,9:37:57.187895769,T,KO,I,8,70.08
2025-12-11,9:38:00.948767068,T,KO,,200,70.08
2025-12-11,9:38:00.949982608,T,KO,,200,70.08
2025-12-11,9:38:00.949982608,T,KO,I,25,70.08
2025-12-11,9:38:00.950036049,T,KO,I,54,70.08
2025-12-11,9:38:00.950258942,T,KO,F,200,70.08
2025-12-11,9:38:00.950261596,T,KO,F I,54,70.08
2025-12-11,9:38:01.076345942,T,KO,I,54,70.08
2025-12-11,9:38:01.126791020,T,KO,F,100,70.07
2025-12-11,9:38:01.126812061,T,KO,I,1,70.07
2025-12-11,9:38:01.126812061,T,KO,I,4,70.07
2025-12-11,9:38:01.126815732,T,KO,I,16,70.07
2025-12-11,9:38:01.126839090,T,KO,F,100,70.07
2025-12-11,9:38:01.127115779,T,KO,,100,70.07
2025-12-11,9:38:01.526542150,T,KO,I,14,70.05
2025-12-11,9:38:01.526542150,T,KO,I,54,70.05
2025-12-11,9:38:03.084081240,T,KO,F I,1,70.06
2025-12-11,9:38:07.268282051,T,KO,F I,50,70.06
2025-12-11,9:38:07.563245755,T,KO,I,26,70.07
2025-12-11,9:38:08.987103855,T,KO,,100,70.05
2025-12-11,9:38:09.551869932,T,KO,F,200,70.05
2025-12-11,9:38:09.573978590,T,KO,,100,70.05
2025-12-11,9:38:11.953509925,T,KO,,100,70.05
2025-12-11,9:38:12.417854898,T,KO,,100,70.04
2025-12-11,9:38:12.417854898,T,KO,,100,70.04
2025-12-11,9:38:12.417881909,T,KO,F,138,70.04
2025-12-11,9:38:12.417881909,T,KO,F,100,70.04
2025-12-11,9:38:15.789412832,T,KO,F,100,70.05
2025-12-11,9:38:15.789427958,T,KO,I,1,70.05
2025-12-11,9:38:15.789434297,T,KO,I,2,70.05
2025-12-11,9:38:15.789434297,T,KO,I,34,70.05
2025-12-11,9:38:15.790080436,T,KO,I,29,70.05
2025-12-11,9:38:15.790393162,T,KO,I,1,70.05
2025-12-11,9:38:15.805023055,T,KO,F I,36,70.05
2025-12-11,9:38:15.805023055,T,KO,F I,39,70.05
2025-12-11,9:38:15.805050081,T,KO,,100,70.05
2025-12-11,9:38:15.805284824,T,KO,,100,70.05
2025-12-11,9:38:15.805287974,T,KO,I,50,70.05
2025-12-11,9:38:15.805287974,T,KO,,100,70.05
2025-12-11,9:38:15.805290640,T,KO,I,9,70.05
2025-12-11,9:38:15.805347852,T,KO,I,9,70.05
2025-12-11,9:38:15.805534286,T,KO,I,41,70.05
2025-12-11,9:38:15.805534286,T,KO,,100,70.05
2025-12-11,9:38:15.805871390,T,KO,F I,50,70.05
2025-12-11,9:38:15.805871390,T,KO,F,100,70.05
2025-12-11,9:38:17.459834319,T,KO,F I,1,70.06
2025-12-11,9:38:18.616100178,T,KO,F I,50,70.06
2025-12-11,9:38:18.627425090,T,KO,,100,70.06
2025-12-11,9:38:18.627449194,T,KO,,100,70.06
2025-12-11,9:38:18.627455146,T,KO,F,100,70.06
2025-12-11,9:38:18.653770849,T,KO,I,1,70.06
2025-12-11,9:38:18.669528401,T,KO,,100,70.06
2025-12-11,9:38:18.830940919,T,KO,,100,70.04
2025-12-11,9:38:18.830944217,T,KO,I,25,70.04
2025-12-11,9:38:18.830946832,T,KO,,100,70.04
2025-12-11,9:38:18.831097155,T,KO,F,100,70.04
2025-12-11,9:38:18.831109241,T,KO,I,1,70.04
2025-12-11,9:38:18.831149058,T,KO,I,32,70.04
2025-12-11,9:38:18.831151271,T,KO,I,48,70.04
2025-12-11,9:38:18.831154498,T,KO,I,42,70.045
2025-12-11,9:38:18.831157437,T,KO,,100,70.05
2025-12-11,9:38:18.831157437,T,KO,I,9,70.05
2025-12-11,9:38:18.831172400,T,KO,I,1,70.05
2025-12-11,9:38:18.831205447,T,KO,F,201,70.04
2025-12-11,9:38:18.831218142,T,KO,F I,48,70.04
2025-12-11,9:38:18.831223533,T,KO,F I,9,70.04
2025-12-11,9:38:18.831232555,T,KO,,100,70.04
2025-12-11,9:38:18.831235509,T,KO,I,1,70.04
2025-12-11,9:38:18.831238525,T,KO,,200,70.04
2025-12-11,9:38:18.852441965,T,KO,,100,70.03
2025-12-11,9:38:19.253883183,T,KO,,100,70.02
2025-12-11,9:38:19.253910203,T,KO,F,200,70.02
2025-12-11,9:38:22.196111645,T,KO,I,1,70.03
2025-12-11,9:38:23.007798849,T,KO,F,125,70.03
2025-12-11,9:38:23.007801878,T,KO,F I,75,70.03
2025-12-11,9:38:23.007813910,T,KO,F I,25,70.03
2025-12-11,9:38:23.007817613,T,KO,I,1,70.03
2025-12-11,9:38:23.009897812,T,KO,I,99,70.03
2025-12-11,9:38:23.009916446,T,KO,I,1,70.03
2025-12-11,9:38:23.009922323,T,KO,F I,49,70.03
2025-12-11,9:38:23.009925048,T,KO,F I,9,70.03
2025-12-11,9:38:26.103934219,T,KO,F I,49,70.01
2025-12-11,9:38:26.103936873,T,KO,F I,14,70.01
2025-12-11,9:38:26.104213601,T,KO,F I,50,70.01
2025-12-11,9:38:26.104995771,T,KO,I,49,70.01
2025-12-11,9:38:26.104998411,T,KO,,100,70.01
2025-12-11,9:38:26.105001626,T,KO,,100,70.01
2025-12-11,9:38:26.105022508,T,KO,F,100,70.01
2025-12-11,9:38:26.105026038,T,KO,F,100,70.01
2025-12-11,9:38:26.380084545,T,KO,,100,70.01
2025-12-11,9:38:26.380087557,T,KO,,100,70.0
2025-12-11,9:38:26.380881486,T,KO,F I,49,70.0
2025-12-11,9:38:26.380881486,T,KO,F I,6,70.0
2025-12-11,9:38:32.462488081,T,KO,I,2,70.01
2025-12-11,9:38:32.462797878,T,KO,F I,50,70.01
2025-12-11,9:38:32.462827961,T,KO,F I,1,70.01
2025-12-11,9:38:33.121552860,T,KO,F I,9,70.01
2025-12-11,9:38:33.121556012,T,KO,F I,50,70.01
2025-12-11,9:38:33.121558865,T,KO,F I,1,70.01
2025-12-11,9:38:33.121558865,T,KO,F I,40,70.01
2025-12-11,9:38:33.121588883,T,KO,I,60,70.01
2025-12-11,9:38:33.796263810,T,KO,I,1,70.01
2025-12-11,9:38:36.490572765,T,KO,,100,70.06
2025-12-11,9:38:40.536550084,T,KO,F I,50,70.07
2025-12-11,9:38:40.536550084,T,KO,F I,2,70.07
2025-12-11,9:38:40.537389247,T,KO,F,100,70.07
2025-12-11,9:38:40.537392877,T,KO,F I,8,70.07
2025-12-11,9:38:40.537392877,T,KO,F,100,70.07
2025-12-11,9:38:43.163345326,T,KO,,100,70.075
2025-12-11,9:38:44.574648610,T,KO,,100,70.095
2025-12-11,9:38:50.870343970,T,KO,F,200,70.08
2025-12-11,9:38:50.881467437,T,KO,F,200,70.07
2025-12-11,9:38:55.321602704,T,KO,,100,70.06
2025-12-11,9:38:56.804175585,T,KO,,100,70.06
2025-12-11,9:38:59.357193161,T,KO,,100,70.06
2025-12-11,9:38:59.586853101,T,KO,I,2,70.05
2025-12-11,9:38:59.587087612,T,KO,F,203,70.06
2025-12-11,9:38:59.587698221,T,KO,I,49,70.06
2025-12-11,9:38:59.587701134,T,KO,,100,70.06
2025-12-11,9:38:59.587704128,T,KO,,203,70.06
2025-12-11,9:38:59.587708680,T,KO,I,25,70.06
2025-12-11,9:38:59.587719150,T,KO,,198,70.06
2025-12-11,9:38:59.607106305,T,KO,,200,70.05
2025-12-11,9:38:59.613186816,T,KO,F I,49,70.05
2025-12-11,9:38:59.613189829,T,KO,F,203,70.05
2025-12-11,9:38:59.613189829,T,KO,F,100,70.05
2025-12-11,9:38:59.615640635,T,KO,,100,70.06
2025-12-11,9:38:59.618181690,T,KO,F I,49,70.06
2025-12-11,9:38:59.618552489,T,KO,F I,49,70.06
2025-12-11,9:38:59.618554737,T,KO,F,100,70.06
2025-12-11,9:38:59.618558528,T,KO,F I,41,70.06
2025-12-11,9:38:59.618564295,T,KO,F I,9,70.06
2025-12-11,9:38:59.618564295,T,KO,F I,5,70.06
2025-12-11,9:38:59.618564295,T,KO,F I,49,70.06
2025-12-11,9:38:59.618571105,T,KO,F I,63,70.055
2025-12-11,9:38:59.618571105,T,KO,F,100,70.05
2025-12-11,9:38:59.618571105,T,KO,F I,49,70.05
2025-12-11,9:38:59.618576732,T,KO,F,100,70.05
2025-12-11,9:38:59.618579567,T,KO,F,100,70.05
2025-12-11,9:38:59.618579567,T,KO,F,200,70.05
2025-12-11,9:38:59.618584746,T,KO,F,100,70.05
2025-12-11,9:38:59.618584746,T,KO,F I,55,70.05
2025-12-11,9:38:59.618584746,T,KO,F,100,70.05
2025-12-11,9:38:59.618587717,T,KO,F I,25,70.05
2025-12-11,9:38:59.618587717,T,KO,F,100,70.05
2025-12-11,9:38:59.618590859,T,KO,F I,7,70.05
2025-12-11,9:38:59.618590859,T,KO,I,63,70.05
2025-12-11,9:38:59.619492864,T,KO,F I,49,70.05
2025-12-11,9:38:59.619492864,T,KO,F I,61,70.05
2025-12-11,9:38:59.619523339,T,KO,,100,70.05
2025-12-11,9:38:59.619523339,T,KO,F,200,70.06
2025-12-11,9:38:59.621068606,T,KO,F I,61,70.06
2025-12-11,9:38:59.621068606,T,KO,F I,25,70.06
2025-12-11,9:38:59.621071612,T,KO,F,200,70.06
2025-12-11,9:38:59.621116668,T,KO,F,100,70.06
2025-12-11,9:38:59.621126203,T,KO,F,100,70.06
2025-12-11,9:38:59.621129535,T,KO,F,100,70.06
2025-12-11,9:38:59.621129535,T,KO,F I,9,70.06
2025-12-11,9:38:59.621134961,T,KO,F,100,70.06
2025-12-11,9:38:59.621134961,T,KO,F I,49,70.06
2025-12-11,9:38:59.622346800,T,KO,,200,70.05
2025-12-11,9:38:59.622352943,T,KO,,100,70.05
2025-12-11,9:38:59.622551118,T,KO,F I,49,70.05
2025-12-11,9:38:59.622554460,T,KO,F,100,70.05
2025-12-11,9:38:59.622557300,T,KO,F,100,70.05
2025-12-11,9:38:59.622557300,T,KO,F I,18,70.05
2025-12-11,9:38:59.622561150,T,KO,F I,61,70.05
2025-12-11,9:38:59.622561150,T,KO,F,100,70.06
2025-12-11,9:38:59.622567104,T,KO,F I,9,70.06
2025-12-11,9:38:59.622567104,T,KO,F I,49,70.06
2025-12-11,9:38:59.622567104,T,KO,F,200,70.06
2025-12-11,9:38:59.622572226,T,KO,F,100,70.06
2025-12-11,9:38:59.622572226,T,KO,F,129,70.06
2025-12-11,9:38:59.622572226,T,KO,F,120,70.06
2025-12-11,9:38:59.625377870,T,KO,F I,61,70.06
2025-12-11,9:38:59.625438335,T,KO,,130,70.06
2025-12-11,9:38:59.625438335,T,KO,I,27,70.06
2025-12-11,9:38:59.625468013,T,KO,I,61,70.06
2025-12-11,9:38:59.625468013,T,KO,,100,70.06
2025-12-11,9:38:59.626472503,T,KO,F I,49,70.06
2025-12-11,9:38:59.626475973,T,KO,F,200,70.06
2025-12-11,9:38:59.626478766,T,KO,F I,16,70.06
2025-12-11,9:38:59.626482443,T,KO,F I,15,70.06
2025-12-11,9:38:59.626482443,T,KO,F I,13,70.06
2025-12-11,9:38:59.626484532,T,KO,F I,11,70.06
2025-12-11,9:38:59.626487520,T,KO,F I,1,70.06
2025-12-11,9:38:59.626487520,T,KO,F I,90,70.06
2025-12-11,9:38:59.626529613,T,KO,I,90,70.06
2025-12-11,9:38:59.626866390,T,KO,F I,2,70.06
2025-12-11,9:38:59.627525339,T,KO,F I,8,70.06
2025-12-11,9:38:59.627525339,T,KO,F I,49,70.06
2025-12-11,9:38:59.627530991,T,KO,F I,11,70.06
2025-12-11,9:38:59.628340167,T,KO,F,200,70.06
2025-12-11,9:38:59.628340167,T,KO,F I,39,70.06
2025-12-11,9:38:59.629067607,T,KO,F I,49,70.06
2025-12-11,9:38:59.629067607,T,KO,F I,16,70.06
2025-12-11,9:38:59.630832894,T,KO,F I,49,70.06
2025-12-11,9:38:59.630835963,T,KO,F I,49,70.06
2025-12-11,9:38:59.630835963,T,KO,F I,2,70.06
2025-12-11,9:38:59.637541857,T,KO,F,100,70.055
2025-12-11,9:38:59.637559823,T,KO,F I,98,70.06
2025-12-11,9:38:59.637580876,T,KO,I,1,70.06
2025-12-11,9:38:59.659494076,T,KO,,200,70.05
2025-12-11,9:38:59.659497584,T,KO,I,49,70.05
2025-12-11,9:38:59.713632059,T,KO,I,49,70.05
2025-12-11,9:38:59.714134185,T,KO,F I,99,70.06
2025-12-11,9:38:59.714137196,T,KO,F,100,70.06
2025-12-11,9:38:59.714140271,T,KO,F I,1,70.06
2025-12-11,9:38:59.714143303,T,KO,F I,24,70.06
2025-12-11,9:39:00.009365410,T,KO,F I,49,70.06
2025-12-11,9:39:01.681759493,T,KO,I,1,70.04
2025-12-11,9:39:01.681774485,T,KO,,100,70.05
2025-12-11,9:39:03.337887863,T,KO,F I,10,70.06
2025-12-11,9:39:06.550237680,T,KO,F I,31,70.09
2025-12-11,9:39:08.015095512,T,KO,,100,70.11
2025-12-11,9:39:08.015116513,T,KO,F,100,70.11
2025-12-11,9:39:08.022598388,T,KO,,100,70.115
2025-12-11,9:39:08.565057431,T,KO,F I,12,70.1
2025-12-11,9:39:11.144522893,T,KO,F,100,70.1
2025-12-11,9:39:11.144525831,T,KO,,100,70.1
2025-12-11,9:39:11.144541225,T,KO,F I,49,70.1
2025-12-11,9:39:11.144541225,T,KO,F,100,70.09
2025-12-11,9:39:11.145485172,T,KO,,100,70.09
2025-12-11,9:39:11.229685691,T,KO,I,25,70.1
2025-12-11,9:39:13.001619921,T,KO,I,4,70.11
2025-12-11,9:39:17.173705541,T,KO,,100,70.12
2025-12-11,9:39:17.173720616,T,KO,I,1,70.12
2025-12-11,9:39:17.176168470,T,KO,,100,70.12
2025-12-11,9:39:18.000380442,T,KO,,100,70.12
2025-12-11,9:39:19.056381500,T,KO,F,100,70.13
2025-12-11,9:39:19.056390831,T,KO,F,100,70.13
2025-12-11,9:39:19.056393993,T,KO,,100,70.13
2025-12-11,9:39:19.057106263,T,KO,,100,70.13
2025-12-11,9:39:23.179489546,T,KO,,160,70.13
2025-12-11,9:39:23.179522633,T,KO,,200,70.13
2025-12-11,9:39:23.179522633,T,KO,I,31,70.14
2025-12-11,9:39:23.183299556,T,KO,,120,70.13
2025-12-11,9:39:23.185398548,T,KO,I,20,70.13
2025-12-11,9:39:28.162239891,T,KO,I,50,70.13
2025-12-11,9:39:28.162276008,T,KO,F,200,70.13
2025-12-11,9:39:30.655192318,T,KO,I,24,70.12
2025-12-11,9:39:30.656118501,T,KO,,100,70.12
2025-12-11,9:39:30.666580897,T,KO,,100,70.12
2025-12-11,9:39:30.666583464,T,KO,,100,70.12
2025-12-11,9:39:32.105802267,T,KO,F I,3,70.11
2025-12-11,9:39:32.558148531,T,KO,I,10,70.12
2025-12-11,9:39:32.558148531,T,KO,I,76,70.12
2025-12-11,9:39:32.558151627,T,KO,I,14,70.12
2025-12-11,9:39:32.558166565,T,KO,I,1,70.12
2025-12-11,9:39:32.558166565,T,KO,F I,17,70.12
2025-12-11,9:39:32.558169615,T,KO,F I,80,70.12
2025-12-11,9:39:32.558184683,T,KO,I,18,70.12
2025-12-11,9:39:32.584749913,T,KO,I,1,70.12
2025-12-11,9:39:40.235542008,T,KO,F I,50,70.13
2025-12-11,9:39:40.235542008,T,KO,F,100,70.13
2025-12-11,9:39:40.235544726,T,KO,F,100,70.13
2025-12-11,9:39:41.104728813,T,KO,,100,70.13
2025-12-11,9:39:41.104728813,T,KO,,100,70.13
2025-12-11,9:39:41.104731786,T,KO,,100,70.13
2025-12-11,9:39:41.104900275,T,KO,I,43,70.12
2025-12-11,9:39:41.104903384,T,KO,I,66,70.12
2025-12-11,9:39:41.104903384,T,KO,,165,70.12
2025-12-11,9:39:41.104906285,T,KO,I,23,70.12
2025-12-11,9:39:41.104915297,T,KO,I,77,70.12
2025-12-11,9:39:41.104918235,T,KO,I,25,70.12
2025-12-11,9:39:41.104921271,T,KO,,156,70.12
2025-12-11,9:39:41.104921271,T,KO,I,6,70.12
2025-12-11,9:39:41.104924251,T,KO,I,1,70.12
2025-12-11,9:39:41.242312497,T,KO,,100,70.115
2025-12-11,9:39:43.958261017,T,KO,F I,43,70.11
2025-12-11,9:39:43.958264141,T,KO,F,165,70.11
2025-12-11,9:39:43.958264141,T,KO,F I,66,70.11
2025-12-11,9:39:46.004099672,T,KO,I,5,70.13
2025-12-11,9:39:52.376576831,T,KO,I,25,70.12
2025-12-11,9:39:53.100641349,T,KO,I,61,70.12
2025-12-11,9:39:53.278226298,T,KO,I,80,70.12
2025-12-11,9:40:00.035921188,T,KO,I,8,70.13
2025-12-11,9:40:00.035923991,T,KO,I,5,70.13
2025-12-11,9:40:00.097700098,T,KO,F,100,70.14
2025-12-11,9:40:00.151404986,T,KO,,100,70.14
2025-12-11,9:40:00.181022481,T,KO,,100,70.145
2025-12-11,9:40:00.202677156,T,KO,,100,70.145
2025-12-11,9:40:02.568255220,T,KO,F I,11,70.145
2025-12-11,9:40:02.760936163,T,KO,I,2,70.14
2025-12-11,9:40:02.763901159,T,KO,F I,1,70.13
2025-12-11,9:40:02.764421439,T,KO,F I,4,70.13
2025-12-11,9:40:02.764445568,T,KO,F I,4,70.13
2025-12-11,9:40:02.764457543,T,KO,F I,4,70.13
2025-12-11,9:40:02.772327260,T,KO,,100,70.13
2025-12-11,9:40:02.772360281,T,KO,I,44,70.13
2025-12-11,9:40:02.772364057,T,KO,I,1,70.13
2025-12-11,9:40:02.796634908,T,KO,,100,70.13
2025-12-11,9:40:02.796634908,T,KO,I,44,70.13
2025-12-11,9:40:02.796637352,T,KO,I,10,70.13
2025-12-11,9:40:02.796637352,T,KO,I,44,70.13
2025-12-11,9:40:02.796655155,T,KO,I,1,70.13
2025-12-11,9:40:02.801102797,T,KO,,100,70.13
2025-12-11,9:40:02.948871804,T,KO,I,25,70.13
2025-12-11,9:40:02.948874836,T,KO,I,44,70.13
2025-12-11,9:40:02.948878048,T,KO,I,10,70.13
2025-12-11,9:40:02.948878048,T,KO,I,18,70.13
2025-12-11,9:40:04.435435252,T,KO,I,18,70.13
2025-12-11,9:40:04.438656701,T,KO,I,44,70.13
2025-12-11,9:40:04.438658982,T,KO,I,10,70.13
2025-12-11,9:40:05.207776932,T,KO,F I,12,70.15
2025-12-11,9:40:05.207779707,T,KO,F I,1,70.15
2025-12-11,9:40:05.216572719,T,KO,I,3,70.15
2025-12-11,9:40:05.220791721,T,KO,F,200,70.16
2025-12-11,9:40:05.220809838,T,KO,I,1,70.16
2025-12-11,9:40:05.221339607,T,KO,F I,39,70.16
2025-12-11,9:40:05.221342142,T,KO,F I,23,70.16
2025-12-11,9:40:05.221345244,T,KO,F I,1,70.16
2025-12-11,9:40:05.221345244,T,KO,F I,3,70.16
2025-12-11,9:40:05.221634081,T,KO,I,44,70.16
2025-12-11,9:40:05.221637514,T,KO,I,23,70.16
2025-12-11,9:40:05.221637514,T,KO,I,41,70.16
2025-12-11,9:40:05.221639934,T,KO,,100,70.16
2025-12-11,9:40:05.221639934,T,KO,I,13,70.16
2025-12-11,9:40:05.222012597,T,KO,F,100,70.16
2025-12-11,9:40:06.835409317,T,KO,,100,70.15
2025-12-11,9:40:06.835427341,T,KO,I,1,70.15
2025-12-11,9:40:06.835433418,T,KO,I,8,70.15
2025-12-11,9:40:07.046768302,T,KO,I,44,70.15
2025-12-11,9:40:07.046770735,T,KO,I,56,70.15
2025-12-11,9:40:07.047738953,T,KO,,100,70.15
2025-12-11,9:40:10.004245822,T,KO,I,37,70.13
2025-12-11,9:40:10.004248568,T,KO,I,1,70.12
2025-12-11,9:40:10.004248568,T,KO,I,63,70.12
2025-12-11,9:40:10.004263551,T,KO,F,100,70.13
2025-12-11,9:40:10.004287685,T,KO,,100,70.13
2025-12-11,9:40:10.004305616,T,KO,I,37,70.12
2025-12-11,9:40:10.004330375,T,KO,F,100,70.12
2025-12-11,9:40:10.816413887,T,KO,,100,70.12
2025-12-11,9:40:10.816633425,T,KO,I,41,70.12
2025-12-11,9:40:10.816636451,T,KO,I,35,70.12
2025-12-11,9:40:10.816684589,T,KO,F I,76,70.12
2025-12-11,9:40:10.816723616,T,KO,F,224,70.12
2025-12-11,9:40:11.630560995,T,KO,,100,70.115
2025-12-11,9:40:12.484691214,T,KO,,100,70.11
2025-12-11,9:40:12.589226241,T,KO,F I,44,70.11
2025-12-11,9:40:12.589529987,T,KO,,180,70.11
2025-12-11,9:40:12.589632544,T,KO,,120,70.11
2025-12-11,9:40:12.589632544,T,KO,I,44,70.11
2025-12-11,9:40:12.589635221,T,KO,I,36,70.11
2025-12-11,9:40:12.589779497,T,KO,I,10,70.11
2025-12-11,9:40:12.589812687,T,KO,F I,10,70.11
2025-12-11,9:40:12.589845733,T,KO,F I,90,70.11
2025-12-11,9:40:12.589848667,T,KO,F,100,70.11
2025-12-11,9:40:13.357005903,T,KO,F,200,70.1
2025-12-11,9:40:13.357005903,T,KO,F,100,70.1
2025-12-11,9:40:13.358103458,T,KO,F I,10,70.09
2025-12-11,9:40:13.358112563,T,KO,F,190,70.09
2025-12-11,9:40:13.358590677,T,KO,,100,70.08
2025-12-11,9:40:13.358984571,T,KO,F,100,70.08
2025-12-11,9:40:13.488981337,T,KO,I,44,70.08
2025-12-11,9:40:13.488981337,T,KO,I,10,70.08
2025-12-11,9:40:13.488984157,T,KO,,100,70.08
2025-12-11,9:40:13.489002194,T,KO,I,1,70.08
2025-12-11,9:40:13.863914214,T,KO,,110,70.09
2025-12-11,9:40:13.863917128,T,KO,,100,70.09
2025-12-11,9:40:16.866761187,T,KO,F I,2,70.1
2025-12-11,9:40:16.866764474,T,KO,F I,10,70.1
2025-12-11,9:40:16.866767541,T,KO,F I,44,70.1
2025-12-11,9:40:16.866767541,T,KO,F I,25,70.1
2025-12-11,9:40:16.867218239,T,KO,,100,70.1
2025-12-11,9:40:16.867299452,T,KO,,100,70.1
2025-12-11,9:40:29.486338256,T,KO,I,2,70.1
2025-12-11,9:40:30.749220040,T,KO,I,98,70.1
2025-12-11,9:40:31.243396048,T,KO,I,2,70.1
2025-12-11,9:40:31.243450759,T,KO,I,46,70.1
2025-12-11,9:40:31.243453326,T,KO,,100,70.1
2025-12-11,9:40:31.243456173,T,KO,I,10,70.1
2025-12-11,9:40:31.251569510,T,KO,I,20,70.11
2025-12-11,9:40:31.251572498,T,KO,I,52,70.11
2025-12-11,9:40:31.272348983,T,KO,F I,48,70.11
2025-12-11,9:40:31.272348983,T,KO,F I,1,70.11
2025-12-11,9:40:31.322108798,T,KO,I,46,70.11
2025-12-11,9:40:31.322112046,T,KO,,100,70.11
2025-12-11,9:40:31.322114596,T,KO,I,46,70.11
2025-12-11,9:40:31.322114596,T,KO,I,10,70.11
2025-12-11,9:40:32.076536350,T,KO,F,100,70.09
2025-12-11,9:40:32.076656614,T,KO,F I,1,70.09
2025-12-11,9:40:33.085325237,T,KO,F I,10,70.09
2025-12-11,9:40:33.085325237,T,KO,F I,46,70.09
2025-12-11,9:40:33.085367015,T,KO,I,1,70.09
2025-12-11,9:40:33.085625585,T,KO,F I,12,70.09
2025-12-11,9:40:33.085649755,T,KO,F I,34,70.09
2025-12-11,9:40:33.120421495,T,KO,,100,70.08
2025-12-11,9:40:33.120577967,T,KO,,100,70.08
2025-12-11,9:40:33.120580887,T,KO,,100,70.08
2025-12-11,9:40:33.138359257,T,KO,F I,21,70.08
2025-12-11,9:40:33.138365692,T,KO,F I,25,70.08
2025-12-11,9:40:33.138368330,T,KO,F I,7,70.08
2025-12-11,9:40:33.138371311,T,KO,F I,56,70.08
2025-12-11,9:40:34.902026836,T,KO,,100,70.08
2025-12-11,9:40:34.907108879,T,KO,,100,70.08
2025-12-11,9:40:34.961454244,T,KO,,100,70.08
2025-12-11,9:40:37.711477023,T,KO,F I,53,70.07
2025-12-11,9:40:37.711498034,T,KO,F I,47,70.07
2025-12-11,9:40:37.711498034,T,KO,F,100,70.07
2025-12-11,9:40:37.711501222,T,KO,F,147,70.07
2025-12-11,9:40:37.711504085,T,KO,,147,70.07
2025-12-11,9:40:41.213888793,T,KO,F,100,70.065
2025-12-11,9:40:41.213903837,T,KO,F I,1,70.07
2025-12-11,9:40:41.213906719,T,KO,F I,9,70.07
2025-12-11,9:40:41.213948749,T,KO,,200,70.065
2025-12-11,9:40:41.213948749,T,KO,I,91,70.07
2025-12-11,9:40:41.213951816,T,KO,I,1,70.07
2025-12-11,9:40:41.213951816,T,KO,I,8,70.07
2025-12-11,9:40:41.224771522,T,KO,I,44,70.07
2025-12-11,9:40:41.224774557,T,KO,I,10,70.07
2025-12-11,9:40:41.277024476,T,KO,I,2,70.06
2025-12-11,9:40:41.277024476,T,KO,I,2,70.06
2025-12-11,9:40:41.277030354,T,KO,,200,70.06
2025-12-11,9:40:41.277030354,T,KO,,100,70.06
2025-12-11,9:40:41.277030354,T,KO,I,25,70.06
2025-12-11,9:40:41.277045277,T,KO,F,125,70.06
2025-12-11,9:40:41.277048130,T,KO,I,1,70.06
2025-12-11,9:40:41.277102272,T,KO,F I,1,70.06
2025-12-11,9:40:41.277105133,T,KO,F I,1,70.06
2025-12-11,9:40:41.277111227,T,KO,F I,98,70.06
2025-12-11,9:40:41.277255503,T,KO,F I,75,70.06
2025-12-11,9:40:41.277520194,T,KO,F,100,70.06
2025-12-11,9:40:44.342338631,T,KO,,100,70.05
2025-12-11,9:40:44.351290902,T,KO,,200,70.05
2025-12-11,9:40:47.967911551,T,KO,F,230,70.04
2025-12-11,9:40:47.967926638,T,KO,I,1,70.04
2025-12-11,9:40:47.968392757,T,KO,,100,70.04
2025-12-11,9:40:51.679679104,T,KO,,100,70.04
2025-12-11,9:40:51.679679104,T,KO,,100,70.04
2025-12-11,9:40:51.679711852,T,KO,I,42,70.035
2025-12-11,9:40:52.491020086,T,KO,F I,44,70.04
2025-12-11,9:40:52.491023091,T,KO,F I,25,70.04
2025-12-11,9:40:53.169231376,T,KO,F I,64,70.03
2025-12-11,9:40:53.169382219,T,KO,F,100,70.03
2025-12-11,9:40:53.169384709,T,KO,F,200,70.03
2025-12-11,9:40:53.169796915,T,KO,F,100,70.02
2025-12-11,9:40:53.170482363,T,KO,F,100,70.02
2025-12-11,9:40:53.170837221,T,KO,F I,99,70.02
2025-12-11,9:40:53.171102364,T,KO,I,45,70.02
2025-12-11,9:40:53.171102364,T,KO,I,10,70.02
2025-12-11,9:40:53.171105982,T,KO,I,51,70.02
2025-12-11,9:40:53.171105982,T,KO,I,8,70.02
2025-12-11,9:40:53.171152960,T,KO,I,45,70.02
2025-12-11,9:40:53.171156028,T,KO,,100,70.02
2025-12-11,9:40:53.171562869,T,KO,,100,70.02
2025-12-11,9:40:53.171565595,T,KO,,200,70.02
2025-12-11,9:40:53.171643078,T,KO,I,1,70.02
2025-12-11,9:40:54.015185137,T,KO,F,300,70.0
2025-12-11,9:40:54.023500227,T,KO,,200,69.995
2025-12-11,9:40:54.023500227,T,KO,I,25,70.0
2025-12-11,9:40:54.023502977,T,KO,I,57,70.0
2025-12-11,9:40:54.023839772,T,KO,F,163,69.99
2025-12-11,9:40:54.023861485,T,KO,I,1,69.99
2025-12-11,9:40:54.033727298,T,KO,,100,69.99
2025-12-11,9:40:54.033763455,T,KO,I,21,69.99
2025-12-11,9:40:55.455197774,T,KO,,163,69.99
2025-12-11,9:40:55.455197774,T,KO,I,99,69.99
2025-12-11,9:40:55.843056186,T,KO,F I,2,69.99
2025-12-11,9:40:55.843058605,T,KO,F I,1,69.99
2025-12-11,9:40:56.579669019,T,KO,I,18,69.99
2025-12-11,9:40:56.579711670,T,KO,I,2,69.99
2025-12-11,9:40:56.579714094,T,KO,I,14,69.99
2025-12-11,9:40:56.579768239,T,KO,F I,33,69.99
2025-12-11,9:40:56.579768239,T,KO,F I,67,69.99
2025-12-11,9:40:56.579786225,T,KO,I,1,69.99
2025-12-11,9:40:56.579795362,T,KO,F I,33,69.99
2025-12-11,9:40:56.579798276,T,KO,F I,33,69.99
2025-12-11,9:40:56.579928223,T,KO,F,143,69.99
2025-12-11,9:40:56.581013322,T,KO,F I,47,69.99
2025-12-11,9:40:56.733746922,T,KO,I,19,69.985
2025-12-11,9:40:57.128909136,T,KO,,100,69.985
2025-12-11,9:40:57.885508007,T,KO,I,10,69.98
2025-12-11,9:40:57.885511584,T,KO,,100,69.98
2025-12-11,9:40:57.885511584,T,KO,,100,69.98
2025-12-11,9:40:57.885514210,T,KO,,100,69.98
2025-12-11,9:40:57.885514210,T,KO,I,25,69.98
2025-12-11,9:40:57.885517256,T,KO,I,2,69.98
2025-12-11,9:40:57.885520103,T,KO,F,100,69.98
2025-12-11,9:40:57.885520103,T,KO,F,200,69.98
2025-12-11,9:40:57.887267216,T,KO,,100,69.97
2025-12-11,9:40:57.965083624,T,KO,,102,69.965
2025-12-11,9:41:02.771205297,T,KO,,100,69.965
2025-12-11,9:41:02.778208939,T,KO,F I,2,69.97
2025-12-11,9:41:03.006479652,T,KO,,100,69.97
2025-12-11,9:41:03.006479652,T,KO,I,20,69.97
2025-12-11,9:41:06.093521329,T,KO,I,25,70.0
2025-12-11,9:41:06.093521329,T,KO,,100,70.0
2025-12-11,9:41:06.093539507,T,KO,I,1,70.0
2025-12-11,9:41:06.100903582,T,KO,I,50,70.0
2025-12-11,9:41:08.192814830,T,KO,,200,69.995
2025-12-11,9:41:08.192814830,T,KO,I,9,70.0
2025-12-11,9:41:08.202600130,T,KO,I,36,70.0
2025-12-11,9:41:10.782513754,T,KO,F I,9,70.005
2025-12-11,9:41:12.513556659,T,KO,I,50,69.99
2025-12-11,9:41:12.513556659,T,KO,I,2,69.99
2025-12-11,9:41:12.513559480,T,KO,I,25,69.99
2025-12-11,9:41:12.522993031,T,KO,,200,69.99
2025-12-11,9:41:12.523026024,T,KO,F I,50,69.98
2025-12-11,9:41:12.523462132,T,KO,F I,10,69.98
2025-12-11,9:41:12.523465148,T,KO,F I,46,69.98
2025-12-11,9:41:12.533818753,T,KO,,200,69.99
2025-12-11,9:41:12.732387664,T,KO,F I,66,69.995
2025-12-11,9:41:13.091831112,T,KO,F I,25,70.0
2025-12-11,9:41:13.091831112,T,KO,F I,1,70.0
2025-12-11,9:41:13.091837249,T,KO,I,26,70.0
2025-12-11,9:41:13.092501408,T,KO,,100,70.005
2025-12-11,9:41:13.116573698,T,KO,F I,10,70.005
2025-12-11,9:41:13.126524373,T,KO,F I,10,70.01
2025-12-11,9:41:13.137311087,T,KO,F I,83,70.015
2025-12-11,9:41:13.437016927,T,KO,,117,70.015
2025-12-11,9:41:13.437071318,T,KO,F,200,70.02
2025-12-11,9:41:13.437071318,T,KO,F I,1,70.02
2025-12-11,9:41:16.926557874,T,KO,,168,70.025
2025-12-11,9:41:17.033195161,T,KO,F I,46,70.03
2025-12-11,9:41:17.033195161,T,KO,F I,19,70.03
2025-12-11,9:41:17.033197841,T,KO,F I,50,70.03
2025-12-11,9:41:20.597581219,T,KO,I,80,70.02
2025-12-11,9:41:20.597584207,T,KO,I,20,70.02
2025-12-11,9:41:22.509002471,T,KO,,100,70.02
2025-12-11,9:41:23.593592706,T,KO,,100,70.05
2025-12-11,9:41:23.604995845,T,KO,F I,1,70.06
2025-12-11,9:41:26.280979228,T,KO,,100,70.05
2025-12-11,9:41:26.291056436,T,KO,,100,70.05
2025-12-11,9:41:27.189722536,T,KO,I,50,70.05
2025-12-11,9:41:28.035198195,T,KO,I,17,70.045
2025-12-11,9:41:28.035216204,T,KO,,200,70.045
2025-12-11,9:41:30.065543838,T,KO,I,2,70.04
2025-12-11,9:41:30.065543838,T,KO,I,25,70.04
2025-12-11,9:41:30.065634110,T,KO,,100,70.04
2025-12-11,9:41:30.077939475,T,KO,,100,70.04
2025-12-11,9:41:30.077960453,T,KO,I,1,70.04
2025-12-11,9:41:30.082901245,T,KO,I,44,70.04
2025-12-11,9:41:30.082901245,T,KO,I,10,70.04
2025-12-11,9:41:30.101022979,T,KO,F,200,70.03
2025-12-11,9:41:30.101022979,T,KO,F,100,70.03
2025-12-11,9:41:30.101043516,T,KO,I,1,70.03
2025-12-11,9:41:30.101046419,T,KO,F,100,70.03
2025-12-11,9:41:30.108129079,T,KO,F I,44,70.03
2025-12-11,9:41:30.108131291,T,KO,F I,44,70.03
2025-12-11,9:41:30.108134322,T,KO,F I,9,70.03
2025-12-11,9:41:30.109139451,T,KO,F,100,70.03
2025-12-11,9:41:30.109139451,T,KO,F I,44,70.03
2025-12-11,9:41:30.109142780,T,KO,F I,44,70.03
2025-12-11,9:41:30.109142780,T,KO,F I,19,70.03
2025-12-11,9:41:30.837930776,T,KO,F I,42,70.03
2025-12-11,9:41:30.837933579,T,KO,F I,44,70.03
2025-12-11,9:41:30.837936507,T,KO,F I,25,70.03
2025-12-11,9:41:30.854328508,T,KO,,100,70.035
2025-12-11,9:41:34.449387864,T,KO,I,99,70.03
2025-12-11,9:41:34.449417904,T,KO,F I,1,70.03
2025-12-11,9:41:36.637171229,T,KO,,100,70.02
2025-12-11,9:41:36.637173597,T,KO,I,25,70.02
2025-12-11,9:41:36.637173597,T,KO,I,75,70.02
2025-12-11,9:41:36.637195160,T,KO,I,1,70.02
2025-12-11,9:41:41.302788618,T,KO,,100,70.02
2025-12-11,9:41:41.313864021,T,KO,,100,70.02
2025-12-11,9:41:42.455680457,T,KO,,100,70.01
2025-12-11,9:41:43.868264727,T,KO,,100,70.01
2025-12-11,9:41:43.871638674,T,KO,,100,70.01
2025-12-11,9:41:43.894697591,T,KO,I,25,70.01
2025-12-11,9:41:43.906383425,T,KO,I,15,70.01
2025-12-11,9:41:43.906386814,T,KO,I,48,70.01
2025-12-11,9:41:43.906386814,T,KO,I,10,70.01
2025-12-11,9:41:43.906389439,T,KO,,200,70.01
2025-12-11,9:41:43.914274891,T,KO,F I,48,70.01
2025-12-11,9:41:43.914277296,T,KO,F I,10,70.01
2025-12-11,9:41:43.914280319,T,KO,F,100,70.01
2025-12-11,9:41:43.914280319,T,KO,F I,42,70.01
2025-12-11,9:41:43.914289254,T,KO,F I,6,70.01
2025-12-11,9:41:43.914298341,T,KO,I,1,70.01
2025-12-11,9:41:43.914298341,T,KO,F I,6,70.01
2025-12-11,9:41:45.701430953,T,KO,I,10,70.01
2025-12-11,9:41:45.701430953,T,KO,I,42,70.01
2025-12-11,9:41:45.701433885,T,KO,I,6,70.01
2025-12-11,9:41:45.701433885,T,KO,I,42,70.01
2025-12-11,9:41:45.701472987,T,KO,I,57,70.01
2025-12-11,9:41:45.721016502,T,KO,F I,48,70.01
2025-12-11,9:41:45.721019462,T,KO,F I,10,70.01
2025-12-11,9:41:46.834628703,T,KO,I,14,70.01
2025-12-11,9:41:46.834646771,T,KO,I,34,70.01
2025-12-11,9:41:46.862249440,T,KO,F I,10,70.01
2025-12-11,9:41:46.862252534,T,KO,F I,48,70.01
2025-12-11,9:41:46.874512697,T,KO,F I,25,70.015
2025-12-11,9:41:47.547241927,T,KO,I,10,70.01
2025-12-11,9:41:47.547244958,T,KO,I,48,70.01
2025-12-11,9:41:48.768146722,T,KO,F,100,70.01
2025-12-11,9:41:49.113393020,T,KO,I,1,70.02
2025-12-11,9:41:50.157443776,T,KO,,100,70.0
2025-12-11,9:41:50.157443776,T,KO,,100,70.0
2025-12-11,9:41:50.163662487,T,KO,,100,70.0
2025-12-11,9:41:53.380589237,T,KO,,200,69.985
2025-12-11,9:42:00.550253252,T,KO,,200,69.97
2025-12-11,9:42:00.550256270,T,KO,,100,69.97
2025-12-11,9:42:00.550547950,T,KO,I,5,69.96
2025-12-11,9:42:00.550550922,T,KO,,100,69.96
2025-12-11,9:42:00.560041560,T,KO,F,200,69.95
2025-12-11,9:42:00.560044905,T,KO,F,100,69.95
2025-12-11,9:42:00.560044905,T,KO,F I,25,69.95
2025-12-11,9:42:00.560047554,T,KO,F,100,69.95
2025-12-11,9:42:00.574220243,T,KO,F I,25,69.95
2025-12-11,9:42:00.574581113,T,KO,,100,69.95
2025-12-11,9:42:00.602195942,T,KO,F,100,69.95
2025-12-11,9:42:01.070044332,T,KO,,200,69.95
2025-12-11,9:42:01.070044332,T,KO,I,25,69.95
2025-12-11,9:42:01.070693720,T,KO,F,221,69.95
2025-12-11,9:42:01.071911736,T,KO,F I,53,69.95
2025-12-11,9:42:01.071915446,T,KO,F,200,69.95
2025-12-11,9:42:01.071918004,T,KO,F I,25,69.95
2025-12-11,9:42:01.072511359,T,KO,I,53,69.95
2025-12-11,9:42:01.072511359,T,KO,I,10,69.95
2025-12-11,9:42:01.072511359,T,KO,I,53,69.95
2025-12-11,9:42:01.464950707,T,KO,F I,43,69.95
2025-12-11,9:42:01.810723269,T,KO,I,10,69.95
2025-12-11,9:42:04.146945596,T,KO,,200,69.94
2025-12-11,9:42:04.146949346,T,KO,,100,69.94
2025-12-11,9:42:04.146949346,T,KO,I,1,69.93
2025-12-11,9:42:04.146978435,T,KO,,100,69.93
2025-12-11,9:42:04.200105983,T,KO,F I,1,69.93
2025-12-11,9:42:11.124334340,T,KO,,200,69.93
2025-12-11,9:42:11.124337296,T,KO,I,3,69.93
2025-12-11,9:42:11.124337296,T,KO,I,5,69.93
2025-12-11,9:42:11.124352503,T,KO,I,1,69.93
2025-12-11,9:42:11.124355428,T,KO,I,14,69.93
2025-12-11,9:42:11.124388525,T,KO,,210,69.94
2025-12-11,9:42:11.124415502,T,KO,I,1,69.94
2025-12-11,9:42:11.125248556,T,KO,F,200,69.95
2025-12-11,9:42:11.397604225,T,KO,F I,20,69.96
2025-12-11,9:42:11.403173397,T,KO,F,125,69.97
2025-12-11,9:42:12.493567404,T,KO,F I,25,69.98
2025-12-11,9:42:12.508744634,T,KO,F I,25,69.99
2025-12-11,9:42:12.508787162,T,KO,,120,69.99
2025-12-11,9:42:12.508828919,T,KO,I,53,69.99
2025-12-11,9:42:12.508832188,T,KO,I,67,69.99
2025-12-11,9:42:12.508861890,T,KO,F,143,69.99
2025-12-11,9:42:12.522953411,T,KO,I,53,69.99
2025-12-11,9:42:12.535842902,T,KO,I,53,69.99
2025-12-11,9:42:12.535842902,T,KO,I,10,69.99
2025-12-11,9:42:12.535845243,T,KO,,180,69.99
2025-12-11,9:42:18.289255961,T,KO,,100,69.96
2025-12-11,9:42:18.366669654,T,KO,I,53,69.97
2025-12-11,9:42:18.366669654,T,KO,I,25,69.97
2025-12-11,9:42:22.021432935,T,KO,,100,69.96
2025-12-11,9:42:22.021435870,T,KO,,200,69.95
2025-12-11,9:42:22.021435870,T,KO,,100,69.95
2025-12-11,9:42:22.021629157,T,KO,,100,69.96
2025-12-11,9:42:22.021629157,T,KO,,100,69.96
2025-12-11,9:42:22.021634940,T,KO,,100,69.96
2025-12-11,9:42:22.021640409,T,KO,,100,69.96
2025-12-11,9:42:22.021640409,T,KO,I,52,69.96
2025-12-11,9:42:22.021643630,T,KO,I,76,69.96
2025-12-11,9:42:22.021647411,T,KO,,207,69.96
2025-12-11,9:42:22.021647411,T,KO,,200,69.96
2025-12-11,9:42:22.022377439,T,KO,I,25,69.96
2025-12-11,9:42:22.022380103,T,KO,,175,69.96
2025-12-11,9:42:26.076874672,T,KO,F,100,69.96
2025-12-11,9:42:26.076874672,T,KO,F I,65,69.96
2025-12-11,9:42:26.076879950,T,KO,F,100,69.96
2025-12-11,9:42:26.076879950,T,KO,F I,2,69.96
2025-12-11,9:42:26.076882673,T,KO,F I,27,69.96
2025-12-11,9:42:26.076891694,T,KO,I,73,69.96
2025-12-11,9:42:26.076891694,T,KO,I,2,69.96
2025-12-11,9:42:26.076895275,T,KO,I,1,69.96
2025-12-11,9:42:26.076900782,T,KO,I,2,69.96
2025-12-11,9:42:26.076904265,T,KO,,200,69.96
2025-12-11,9:42:26.076909936,T,KO,I,2,69.96
2025-12-11,9:42:26.076909936,T,KO,I,65,69.96
2025-12-11,9:42:26.077168634,T,KO,I,58,69.96
2025-12-11,9:42:26.077171385,T,KO,,100,69.96
2025-12-11,9:42:26.077171385,T,KO,,200,69.96
2025-12-11,9:42:26.077204606,T,KO,I,16,69.96
2025-12-11,9:42:26.396951048,T,KO,F,200,69.97
2025-12-11,9:42:26.396951048,T,KO,F I,16,69.97
2025-12-11,9:42:26.396952964,T,KO,F I,23,69.97
2025-12-11,9:42:26.396956026,T,KO,F I,61,69.97
2025-12-11,9:42:26.396967997,T,KO,I,1,69.97
2025-12-11,9:42:27.083566826,T,KO,F I,15,69.97
2025-12-11,9:42:27.094383286,T,KO,F,100,69.975
2025-12-11,9:42:27.094389776,T,KO,F I,2,69.98
2025-12-11,9:42:27.094389776,T,KO,F I,15,69.98
2025-12-11,9:42:27.094389776,T,KO,F,385,69.98
2025-12-11,9:42:27.094395233,T,KO,F I,98,69.98
2025-12-11,9:42:27.094398494,T,KO,F I,2,69.98
2025-12-11,9:42:27.094407366,T,KO,F,100,69.98
2025-12-11,9:42:27.097357212,T,KO,I,57,69.98
2025-12-11,9:42:27.097669858,T,KO,F,200,69.97
2025-12-11,9:42:27.097672944,T,KO,F I,49,69.97
2025-12-11,9:42:27.097693990,T,KO,I,14,69.97
2025-12-11,9:42:27.097693990,T,KO,I,1,69.97
2025-12-11,9:42:27.097712049,T,KO,I,8,69.97
2025-12-11,9:42:27.097715055,T,KO,I,14,69.97
2025-12-11,9:42:27.098319469,T,KO,F I,28,69.97
2025-12-11,9:42:27.098319469,T,KO,F,107,69.97
2025-12-11,9:42:27.149549415,T,KO,,200,69.97
2025-12-11,9:42:28.526198211,T,KO,I,9,69.975
2025-12-11,9:42:28.526489989,T,KO,,350,69.975
2025-12-11,9:42:28.526489989,T,KO,I,50,69.975
2025-12-11,9:42:30.485610996,T,KO,,100,69.97
2025-12-11,9:42:32.682535346,T,KO,,100,69.97
