DATE,TIME_M,EX,SYM_ROOT,TR_SCOND,SIZE,PRICE
2025-12-29,9:30:00.462946468,T,KO,I,1,70.0
2025-12-29,9:30:00.462958476,T,KO,Q,1,70.0
2025-12-29,9:30:00.566893010,T,KO,F I,9,70.0
2025-12-29,9:30:00.566895360,T,KO,F,100,70.0
2025-12-29,9:30:00.566895360,T,KO,F I,61,70.0
2025-12-29,9:30:00.675907736,T,KO,I,6,69.92
2025-12-29,9:30:00.760568281,T,KO,I,2,69.945
2025-12-29,9:30:00.761467470,T,KO,I,2,69.945
2025-12-29,9:30:01.307841765,T,KO,F I,1,69.94
2025-12-29,9:30:01.309026560,T,KO,F I,1,69.94
2025-12-29,9:30:01.310130226,T,KO,F I,1,69.94
2025-12-29,9:30:01.310897365,T,KO,F I,97,69.94
2025-12-29,9:30:01.442767277,T,KO,I,50,69.97
2025-12-29,9:30:01.443569980,T,KO,I,50,69.96
2025-12-29,9:30:02.043613198,T,KO,I,15,69.97
2025-12-29,9:30:02.585591245,T,KO,I,1,69.985
2025-12-29,9:30:02.585594054,T,KO,I,99,69.97
2025-12-29,9:30:02.585609093,T,KO,I,1,69.97
2025-12-29,9:30:03.094026938,T,KO,I,50,69.99
2025-12-29,9:30:03.094026938,T,KO,I,16,69.99
2025-12-29,9:30:04.530259492,T,KO,I,15,69.99
2025-12-29,9:30:04.793028294,T,KO,F I,85,69.99
2025-12-29,9:30:04.793031518,T,KO,F I,14,69.99
2025-12-29,9:30:04.793031518,T,KO,F I,16,69.99
2025-12-29,9:30:04.827667897,T,KO,F,156,69.96
2025-12-29,9:30:04.854049630,T,KO,I,9,69.96
2025-12-29,9:30:04.884560316,T,KO,F,100,69.95
2025-12-29,9:30:04.884906156,T,KO,I,50,69.96
2025-12-29,9:30:05.056085904,T,KO,,200,69.97
2025-12-29,9:30:05.056852949,T,KO,I,31,69.98
2025-12-29,9:30:05.056873899,T,KO,I,19,69.98
2025-12-29,9:30:05.074718242,T,KO,I,38,69.98
2025-12-29,9:30:05.519080527,T,KO,I,62,69.98
2025-12-29,9:30:05.519080527,T,KO,I,26,69.98
2025-12-29,9:30:05.519086618,T,KO,I,12,69.98
2025-12-29,9:30:05.519101593,T,KO,I,1,69.98
2025-12-29,9:30:05.996398388,T,KO,F I,8,69.985
2025-12-29,9:30:06.183275454,T,KO,F,100,69.99
2025-12-29,9:30:06.428888456,T,KO,F,100,69.95
2025-12-29,9:30:06.428888456,T,KO,F I,50,69.95
2025-12-29,9:30:06.465981742,T,KO,,100,69.95
2025-12-29,9:30:06.495256528,T,KO,F I,50,69.94
2025-12-29,9:30:06.495460963,T,KO,I,50,69.95
2025-12-29,9:30:06.495572186,T,KO,I,50,69.94
2025-12-29,9:30:06.508939096,T,KO,F I,50,69.94
2025-12-29,9:30:06.513401701,T,KO,I,50,69.94
2025-12-29,9:30:06.519205786,T,KO,I,50,69.94
2025-12-29,9:30:06.519205786,T,KO,,200,69.94
2025-12-29,9:30:06.542646381,T,KO,F I,7,69.94
2025-12-29,9:30:06.542646381,T,KO,F I,50,69.94
2025-12-29,9:30:06.542649397,T,KO,F,100,69.94
2025-12-29,9:30:06.547656305,T,KO,F I,50,69.94
2025-12-29,9:30:06.547770541,T,KO,F I,50,69.94
2025-12-29,9:30:06.595909252,T,KO,,100,69.935
2025-12-29,9:30:06.607059793,T,KO,F I,61,69.94
2025-12-29,9:30:06.607327382,T,KO,I,50,69.93
2025-12-29,9:30:06.607327382,T,KO,,100,69.93
2025-12-29,9:30:06.607330438,T,KO,,100,69.93
2025-12-29,9:30:06.607333459,T,KO,,100,69.93
2025-12-29,9:30:06.646152923,T,KO,F I,50,69.93
2025-12-29,9:30:06.646417516,T,KO,I,50,69.93
2025-12-29,9:30:06.657688373,T,KO,,200,69.94
2025-12-29,9:30:06.657691374,T,KO,I,50,69.93
2025-12-29,9:30:06.658130401,T,KO,F I,5,69.93
2025-12-29,9:30:06.658130401,T,KO,F I,50,69.93
2025-12-29,9:30:06.687787018,T,KO,F,300,69.93
2025-12-29,9:30:06.687790047,T,KO,F I,50,69.93
2025-12-29,9:30:06.695464329,T,KO,,200,69.93
2025-12-29,9:30:06.695464329,T,KO,I,50,69.92
2025-12-29,9:30:06.701310556,T,KO,I,50,69.92
2025-12-29,9:30:06.701544776,T,KO,I,50,69.92
2025-12-29,9:30:06.707207460,T,KO,I,50,69.92
2025-12-29,9:30:06.707207460,T,KO,,200,69.92
2025-12-29,9:30:06.707330610,T,KO,,100,69.92
2025-12-29,9:30:06.714235035,T,KO,I,50,69.93
2025-12-29,9:30:06.716433305,T,KO,F I,50,69.93
2025-12-29,9:30:06.716436275,T,KO,F I,7,69.93
2025-12-29,9:30:06.743317305,T,KO,,200,69.925
2025-12-29,9:30:06.790036495,T,KO,F,100,69.925
2025-12-29,9:30:06.790039574,T,KO,F I,50,69.91
2025-12-29,9:30:06.790544740,T,KO,I,50,69.92
2025-12-29,9:30:06.790559923,T,KO,I,10,69.91
2025-12-29,9:30:06.794670587,T,KO,F I,2,69.92
2025-12-29,9:30:06.796369642,T,KO,F I,48,69.92
2025-12-29,9:30:06.796589145,T,KO,I,50,69.92
2025-12-29,9:30:06.802663601,T,KO,F I,50,69.92
2025-12-29,9:30:06.802777910,T,KO,F I,50,69.92
2025-12-29,9:30:06.803253350,T,KO,F,100,69.93
2025-12-29,9:30:06.803253350,T,KO,F I,50,69.93
2025-12-29,9:30:06.803454544,T,KO,F I,50,69.93
2025-12-29,9:30:06.807096334,T,KO,,100,69.93
2025-12-29,9:30:06.807099252,T,KO,I,50,69.93
2025-12-29,9:30:06.812903021,T,KO,F I,61,69.93
2025-12-29,9:30:06.822964989,T,KO,I,50,69.92
2025-12-29,9:30:06.838196382,T,KO,F I,61,69.93
2025-12-29,9:30:06.848823542,T,KO,,200,69.915
2025-12-29,9:30:06.848826593,T,KO,I,34,69.91
2025-12-29,9:30:06.848841660,T,KO,I,16,69.91
2025-12-29,9:30:06.848922745,T,KO,F I,2,69.92
2025-12-29,9:30:06.848943834,T,KO,I,48,69.92
2025-12-29,9:30:06.850339229,T,KO,,100,69.93
2025-12-29,9:30:06.850339229,T,KO,I,50,69.93
2025-12-29,9:30:06.850591939,T,KO,F I,50,69.93
2025-12-29,9:30:06.902329985,T,KO,,100,69.94
2025-12-29,9:30:08.236538735,T,KO,F,100,69.96
2025-12-29,9:30:17.815519656,T,KO,F I,29,69.95
2025-12-29,9:30:17.815519656,T,KO,F I,21,69.95
2025-12-29,9:30:17.815537677,T,KO,F I,2,69.95
2025-12-29,9:30:17.815537677,T,KO,F I,48,69.96
2025-12-29,9:30:17.815559023,T,KO,I,2,69.96
2025-12-29,9:30:17.815691022,T,KO,F I,50,69.96
2025-12-29,9:30:17.835408931,T,KO,,100,69.95
2025-12-29,9:30:17.835478874,T,KO,,900,69.95
2025-12-29,9:30:17.835478874,T,KO,I,50,69.96
2025-12-29,9:30:17.835478874,T,KO,I,50,69.96
2025-12-29,9:30:17.835481354,T,KO,,100,69.96
2025-12-29,9:30:17.836858479,T,KO,I,50,69.95
2025-12-29,9:30:17.853671441,T,KO,F,100,69.95
2025-12-29,9:30:17.853674505,T,KO,F I,50,69.95
2025-12-29,9:30:17.853677542,T,KO,F,100,69.95
2025-12-29,9:30:17.853693601,T,KO,F I,50,69.95
2025-12-29,9:30:17.854501469,T,KO,I,50,69.96
2025-12-29,9:30:17.855494349,T,KO,,100,69.96
2025-12-29,9:30:17.855496870,T,KO,,200,69.96
2025-12-29,9:30:17.857006367,T,KO,,100,69.97
2025-12-29,9:30:17.857009396,T,KO,I,50,69.97
2025-12-29,9:30:17.857580765,T,KO,I,50,69.97
2025-12-29,9:30:17.884347609,T,KO,F,100,69.97
2025-12-29,9:30:17.884347609,T,KO,F I,50,69.97
2025-12-29,9:30:18.069089531,T,KO,F I,50,69.96
2025-12-29,9:30:18.112013703,T,KO,F I,50,69.94
2025-12-29,9:30:18.165737569,T,KO,I,89,69.95
2025-12-29,9:30:18.165739716,T,KO,I,50,69.95
2025-12-29,9:30:18.250457534,T,KO,I,50,69.95
2025-12-29,9:30:22.517232436,T,KO,I,1,69.97
2025-12-29,9:30:24.998859830,T,KO,I,1,69.97
2025-12-29,9:30:24.999434137,T,KO,F,100,69.97
2025-12-29,9:30:25.000447564,T,KO,F I,22,69.97
2025-12-29,9:30:25.000673071,T,KO,F I,3,69.97
2025-12-29,9:30:25.000700199,T,KO,F I,50,69.97
2025-12-29,9:30:25.001040039,T,KO,F I,50,69.97
2025-12-29,9:30:25.001121364,T,KO,I,38,69.97
2025-12-29,9:30:25.001124454,T,KO,,100,69.97
2025-12-29,9:30:25.001124454,T,KO,I,86,69.97
2025-12-29,9:30:25.001142233,T,KO,I,1,69.97
2025-12-29,9:30:25.001218372,T,KO,F,315,69.97
2025-12-29,9:30:25.001220462,T,KO,F I,30,69.97
2025-12-29,9:30:25.001518164,T,KO,,468,69.97
2025-12-29,9:30:25.001518164,T,KO,,100,69.97
2025-12-29,9:30:25.001521107,T,KO,I,30,69.97
2025-12-29,9:30:25.006143212,T,KO,F I,70,69.97
2025-12-29,9:30:25.006326552,T,KO,F I,70,69.97
2025-12-29,9:30:25.006651398,T,KO,F I,6,69.97
2025-12-29,9:30:25.295838118,T,KO,I,50,69.98
2025-12-29,9:30:29.341310114,T,KO,F I,24,69.95
2025-12-29,9:30:30.611983446,T,KO,I,50,69.91
2025-12-29,9:30:31.909718184,T,KO,,100,69.92
2025-12-29,9:30:31.909730195,T,KO,I,50,69.93
2025-12-29,9:30:33.067764849,T,KO,I,5,69.91
2025-12-29,9:30:33.067767326,T,KO,I,5,69.91
2025-12-29,9:30:33.068155241,T,KO,I,50,69.91
2025-12-29,9:30:33.068161399,T,KO,I,90,69.91
2025-12-29,9:30:33.068185334,T,KO,F,110,69.91
2025-12-29,9:30:33.068191298,T,KO,I,70,69.92
2025-12-29,9:30:33.068666529,T,KO,I,30,69.92
2025-12-29,9:30:33.102740666,T,KO,I,60,69.92
2025-12-29,9:30:33.114832376,T,KO,F I,50,69.915
2025-12-29,9:30:33.115473000,T,KO,I,50,69.92
2025-12-29,9:30:33.115542072,T,KO,I,50,69.92
2025-12-29,9:30:33.140769162,T,KO,F,100,69.92
2025-12-29,9:30:33.175306510,T,KO,F I,50,69.915
2025-12-29,9:30:33.186652461,T,KO,F I,50,69.915
2025-12-29,9:30:33.208445412,T,KO,F I,50,69.915
2025-12-29,9:30:35.173758121,T,KO,I,50,69.95
2025-12-29,9:30:35.174705329,T,KO,F,100,69.95
2025-12-29,9:30:40.243803204,T,KO,,534,69.95
2025-12-29,9:30:40.243848376,T,KO,,1400,69.94
2025-12-29,9:30:46.136280901,T,KO,I,6,69.98
2025-12-29,9:30:46.136286223,T,KO,,400,69.98
2025-12-29,9:30:46.136286223,T,KO,I,50,69.98
2025-12-29,9:30:50.578039107,T,KO,I,4,69.99
2025-12-29,9:30:50.578084133,T,KO,F,100,69.99
2025-12-29,9:30:50.578114168,T,KO,I,1,69.99
2025-12-29,9:30:50.578114168,T,KO,F I,1,69.99
2025-12-29,9:30:50.578114168,T,KO,F I,99,69.99
2025-12-29,9:30:50.578273928,T,KO,,100,69.99
2025-12-29,9:30:50.578273928,T,KO,I,50,69.99
2025-12-29,9:30:50.578318626,T,KO,F,100,69.99
2025-12-29,9:30:50.578438933,T,KO,F I,4,69.99
2025-12-29,9:30:50.578541411,T,KO,,100,69.99
2025-12-29,9:30:50.578544167,T,KO,I,50,69.99
2025-12-29,9:30:50.578544167,T,KO,,100,69.99
2025-12-29,9:30:50.910456748,T,KO,F I,2,69.99
2025-12-29,9:30:54.736369739,T,KO,F,100,69.99
2025-12-29,9:30:54.756337252,T,KO,F,200,69.98
2025-12-29,9:30:54.756340407,T,KO,F I,16,69.98
2025-12-29,9:30:54.756358341,T,KO,I,1,69.98
2025-12-29,9:30:54.759615105,T,KO,I,51,69.99
2025-12-29,9:30:54.759618120,T,KO,I,50,69.99
2025-12-29,9:31:00.640884367,T,KO,,100,69.98
2025-12-29,9:31:06.296676661,T,KO,I,20,69.98
2025-12-29,9:31:06.296691696,T,KO,,100,69.98
2025-12-29,9:31:06.296697650,T,KO,F I,20,69.98
2025-12-29,9:31:06.296709707,T,KO,F I,20,69.98
2025-12-29,9:31:06.296842055,T,KO,F I,20,69.98
2025-12-29,9:31:10.102372537,T,KO,I,50,69.98
2025-12-29,9:31:10.145639621,T,KO,F I,2,69.98
2025-12-29,9:31:10.145660685,T,KO,F I,98,69.98
2025-12-29,9:31:10.145973392,T,KO,I,41,69.98
2025-12-29,9:31:10.146472617,T,KO,I,50,69.97
2025-12-29,9:31:10.146472617,T,KO,,100,69.97
2025-12-29,9:31:10.146640940,T,KO,I,2,69.97
2025-12-29,9:31:10.146640940,T,KO,I,98,69.97
2025-12-29,9:31:10.146662042,T,KO,I,1,69.97
2025-12-29,9:31:10.146668012,T,KO,I,1,69.97
2025-12-29,9:31:10.146671057,T,KO,I,50,69.97
2025-12-29,9:31:10.146671057,T,KO,I,1,69.97
2025-12-29,9:31:10.147031975,T,KO,I,50,69.97
2025-12-29,9:31:10.156913490,T,KO,I,59,69.98
2025-12-29,9:31:10.156916527,T,KO,I,50,69.98
2025-12-29,9:31:10.156919444,T,KO,I,20,69.98
2025-12-29,9:31:10.161673845,T,KO,F I,50,69.98
2025-12-29,9:31:10.161673845,T,KO,F I,1,69.98
2025-12-29,9:31:10.161749149,T,KO,,100,69.98
2025-12-29,9:31:10.161749149,T,KO,,100,69.98
2025-12-29,9:31:10.186398641,T,KO,F I,50,69.97
2025-12-29,9:31:10.200601525,T,KO,F I,50,69.97
2025-12-29,9:31:12.556713013,T,KO,F I,50,69.98
2025-12-29,9:31:12.587434186,T,KO,I,19,69.97
2025-12-29,9:31:12.599504837,T,KO,I,1,69.975
2025-12-29,9:31:12.784812172,T,KO,,100,69.98
2025-12-29,9:31:12.812920152,T,KO,F I,1,69.975
2025-12-29,9:31:13.507664769,T,KO,I,50,69.98
2025-12-29,9:31:13.823624346,T,KO,F I,50,69.99
2025-12-29,9:31:13.853819219,T,KO,F I,2,69.99
2025-12-29,9:31:13.853822242,T,KO,F I,24,69.99
2025-12-29,9:31:13.864744268,T,KO,F I,1,69.99
2025-12-29,9:31:14.501408610,T,KO,F I,5,69.99
2025-12-29,9:31:14.516396249,T,KO,F I,1,69.995
2025-12-29,9:31:14.829348639,T,KO,I,2,70.0
2025-12-29,9:31:14.829351692,T,KO,,200,70.0
2025-12-29,9:31:14.829351692,T,KO,I,2,70.0
2025-12-29,9:31:14.844976771,T,KO,I,36,70.0
2025-12-29,9:31:14.857218983,T,KO,I,2,70.0
2025-12-29,9:31:15.586738434,T,KO,I,50,70.01
2025-12-29,9:31:15.601858461,T,KO,F I,1,70.01
2025-12-29,9:31:15.601879541,T,KO,F I,49,70.01
2025-12-29,9:31:15.601885584,T,KO,F,100,70.01
2025-12-29,9:31:15.613628533,T,KO,F I,15,70.005
2025-12-29,9:31:16.943551925,T,KO,I,50,70.03
2025-12-29,9:31:16.943693236,T,KO,F I,50,70.03
2025-12-29,9:31:16.944039046,T,KO,F I,50,70.03
2025-12-29,9:31:16.944094018,T,KO,I,50,70.03
2025-12-29,9:31:16.944096221,T,KO,I,50,70.03
2025-12-29,9:31:16.944102227,T,KO,,400,70.03
2025-12-29,9:31:16.944102227,T,KO,,135,70.03
2025-12-29,9:31:16.944105284,T,KO,I,74,70.03
2025-12-29,9:31:16.944105284,T,KO,,100,70.03
2025-12-29,9:31:16.944658556,T,KO,I,60,70.03
2025-12-29,9:31:16.944700702,T,KO,F I,50,70.03
2025-12-29,9:31:16.944766825,T,KO,,100,70.03
2025-12-29,9:31:16.945831296,T,KO,F I,50,70.03
2025-12-29,9:31:16.945915907,T,KO,F I,2,70.03
2025-12-29,9:31:16.945964162,T,KO,F I,98,70.03
2025-12-29,9:31:16.946038866,T,KO,F I,50,70.03
2025-12-29,9:31:16.952357424,T,KO,F I,25,70.02
2025-12-29,9:31:16.964851623,T,KO,F I,25,70.02
2025-12-29,9:31:16.970829862,T,KO,I,2,70.02
2025-12-29,9:31:16.970832853,T,KO,I,60,70.02
2025-12-29,9:31:16.984178654,T,KO,I,2,70.02
2025-12-29,9:31:16.984178654,T,KO,I,13,70.015
2025-12-29,9:31:16.995909607,T,KO,I,1,70.015
2025-12-29,9:31:17.132242325,T,KO,F I,2,70.02
2025-12-29,9:31:20.088201328,T,KO,F I,2,70.02
2025-12-29,9:31:20.570291580,T,KO,I,50,70.02
2025-12-29,9:31:20.604633323,T,KO,F I,1,70.02
2025-12-29,9:31:23.205675096,T,KO,F I,50,70.03
2025-12-29,9:31:23.205690171,T,KO,F I,50,70.03
2025-12-29,9:31:23.206048008,T,KO,F I,50,70.03
2025-12-29,9:31:23.206123198,T,KO,,101,70.03
2025-12-29,9:31:24.157625379,T,KO,F I,11,70.02
2025-12-29,9:31:24.171232773,T,KO,F I,1,70.02
2025-12-29,9:31:24.699711491,T,KO,,200,70.03
2025-12-29,9:31:24.777157890,T,KO,I,99,70.03
2025-12-29,9:31:25.812619961,T,KO,I,44,70.03
2025-12-29,9:31:25.812650124,T,KO,F I,6,70.03
2025-12-29,9:31:25.813306339,T,KO,,398,70.03
2025-12-29,9:31:25.813308583,T,KO,I,2,70.03
2025-12-29,9:31:25.813329715,T,KO,I,1,70.03
2025-12-29,9:31:25.813333254,T,KO,I,97,70.03
2025-12-29,9:31:27.032616714,T,KO,F I,50,70.04
2025-12-29,9:31:27.104469685,T,KO,I,50,70.03
2025-12-29,9:31:27.104469685,T,KO,I,9,70.03
2025-12-29,9:31:27.104806491,T,KO,,100,70.03
2025-12-29,9:31:27.104809776,T,KO,,100,70.03
2025-12-29,9:31:27.104809776,T,KO,I,2,70.03
2025-12-29,9:31:27.104827532,T,KO,F,400,70.03
2025-12-29,9:31:27.104830570,T,KO,F,100,70.03
2025-12-29,9:31:27.105176655,T,KO,,100,70.03
2025-12-29,9:31:27.105176655,T,KO,I,2,70.03
2025-12-29,9:31:27.105179776,T,KO,I,4,70.03
2025-12-29,9:31:27.105179776,T,KO,I,13,70.03
2025-12-29,9:31:27.105197466,T,KO,I,1,70.03
2025-12-29,9:31:27.105260612,T,KO,F I,36,70.03
2025-12-29,9:31:27.105841358,T,KO,I,4,70.03
2025-12-29,9:31:27.105841358,T,KO,I,6,70.03
2025-12-29,9:31:27.105844003,T,KO,I,50,70.03
2025-12-29,9:31:27.147147502,T,KO,F I,70,70.03
2025-12-29,9:31:27.174702020,T,KO,F I,4,70.03
2025-12-29,9:31:27.588550641,T,KO,I,50,70.03
2025-12-29,9:31:27.847488366,T,KO,F I,50,70.03
2025-12-29,9:31:27.847566467,T,KO,F I,50,70.03
2025-12-29,9:31:27.852083317,T,KO,I,50,70.03
2025-12-29,9:31:27.868565531,T,KO,F I,18,70.035
2025-12-29,9:31:27.879487560,T,KO,F I,1,70.035
2025-12-29,9:31:32.267899330,T,KO,,100,70.04
2025-12-29,9:31:32.268299237,T,KO,,100,70.04
2025-12-29,9:31:32.289370426,T,KO,F I,20,70.03
2025-12-29,9:31:32.289406811,T,KO,I,80,70.03
2025-12-29,9:31:32.289406811,T,KO,I,38,70.03
2025-12-29,9:31:32.289427607,T,KO,I,1,70.03
2025-12-29,9:31:32.289872634,T,KO,F I,11,70.03
2025-12-29,9:31:32.289872634,T,KO,F,100,70.03
2025-12-29,9:31:32.300226316,T,KO,F I,50,70.025
2025-12-29,9:31:32.314636558,T,KO,F I,3,70.025
2025-12-29,9:31:37.690871045,T,KO,F,100,70.02
2025-12-29,9:31:37.690873995,T,KO,F I,2,70.02
2025-12-29,9:31:37.690873995,T,KO,F,100,70.02
2025-12-29,9:31:37.712889489,T,KO,F I,77,70.01
2025-12-29,9:31:37.724364793,T,KO,F I,4,70.01
2025-12-29,9:31:37.737737712,T,KO,F,100,70.02
2025-12-29,9:31:37.737737712,T,KO,F I,50,70.02
2025-12-29,9:31:37.740654519,T,KO,F I,30,70.02
2025-12-29,9:31:37.753970268,T,KO,F I,12,70.02
2025-12-29,9:31:40.221512167,T,KO,F I,18,70.04
2025-12-29,9:31:40.234208371,T,KO,F I,1,70.04
2025-12-29,9:31:40.288132781,T,KO,F I,2,70.04
2025-12-29,9:31:40.342562486,T,KO,F I,2,70.04
2025-12-29,9:31:40.404098052,T,KO,F I,2,70.04
2025-12-29,9:31:40.451999156,T,KO,F I,2,70.04
2025-12-29,9:31:41.228631823,T,KO,,100,70.04
2025-12-29,9:31:41.250764462,T,KO,F I,5,70.04
2025-12-29,9:31:41.250845706,T,KO,,100,70.04
2025-12-29,9:31:41.250845706,T,KO,I,69,70.04
2025-12-29,9:31:41.273086632,T,KO,F I,5,70.04
2025-12-29,9:31:41.298094246,T,KO,F I,4,70.04
2025-12-29,9:31:41.351946525,T,KO,,100,70.04
2025-12-29,9:31:41.358841915,T,KO,F I,5,70.04
2025-12-29,9:31:41.371090052,T,KO,F I,1,70.04
2025-12-29,9:31:41.402806592,T,KO,I,2,70.04
2025-12-29,9:31:43.022217702,T,KO,,100,70.05
2025-12-29,9:31:43.022217702,T,KO,I,19,70.05
2025-12-29,9:31:43.022259590,T,KO,I,1,70.05
2025-12-29,9:31:43.022286716,T,KO,,180,70.05
2025-12-29,9:31:43.698928190,T,KO,,100,70.05
2025-12-29,9:31:44.084996706,T,KO,F I,13,70.05
2025-12-29,9:31:44.108374384,T,KO,F I,5,70.05
2025-12-29,9:31:44.869793853,T,KO,I,50,70.06
2025-12-29,9:31:44.870575784,T,KO,I,50,70.07
2025-12-29,9:31:49.476519543,T,KO,I,11,70.075
2025-12-29,9:31:51.916777472,T,KO,F I,50,70.07
2025-12-29,9:31:51.916777472,T,KO,F I,25,70.07
2025-12-29,9:31:51.917162364,T,KO,I,3,70.07
2025-12-29,9:31:51.917216472,T,KO,,100,70.07
2025-12-29,9:31:51.917234541,T,KO,I,1,70.07
2025-12-29,9:31:51.932210263,T,KO,F I,24,70.07
2025-12-29,9:31:51.945201120,T,KO,F I,1,70.07
2025-12-29,9:31:52.068428949,T,KO,I,74,70.07
2025-12-29,9:31:52.068428949,T,KO,I,3,70.07
2025-12-29,9:31:52.068431642,T,KO,I,23,70.07
2025-12-29,9:31:53.613207699,T,KO,,100,70.08
2025-12-29,9:31:54.089064140,T,KO,F I,15,70.06
2025-12-29,9:31:54.089103168,T,KO,,185,70.06
2025-12-29,9:31:54.089103168,T,KO,,100,70.06
2025-12-29,9:31:54.089106223,T,KO,I,15,70.06
2025-12-29,9:31:54.089121281,T,KO,I,1,70.06
2025-12-29,9:31:54.101594924,T,KO,F I,16,70.06
2025-12-29,9:31:54.101624985,T,KO,I,18,70.06
2025-12-29,9:31:54.101628101,T,KO,I,82,70.06
2025-12-29,9:31:56.582164045,T,KO,I,18,70.06
2025-12-29,9:31:56.582166866,T,KO,I,50,70.06
2025-12-29,9:31:56.582169925,T,KO,I,20,70.06
2025-12-29,9:31:56.582172976,T,KO,I,2,70.06
2025-12-29,9:31:56.582172976,T,KO,I,10,70.06
2025-12-29,9:31:56.582184916,T,KO,I,1,70.06
2025-12-29,9:31:56.583854290,T,KO,,200,70.06
2025-12-29,9:31:56.603081830,T,KO,I,15,70.06
2025-12-29,9:32:00.328748224,T,KO,F I,67,70.06
2025-12-29,9:32:00.328750919,T,KO,F I,1,70.06
2025-12-29,9:32:00.328753978,T,KO,F I,16,70.06
2025-12-29,9:32:00.328753978,T,KO,F I,68,70.06
2025-12-29,9:32:00.328757092,T,KO,F I,68,70.06
2025-12-29,9:32:00.328759916,T,KO,F I,68,70.06
2025-12-29,9:32:00.329075612,T,KO,F I,68,70.06
2025-12-29,9:32:00.329141836,T,KO,I,45,70.06
2025-12-29,9:32:00.348309455,T,KO,I,3,70.055
2025-12-29,9:32:00.351518151,T,KO,I,50,70.05
2025-12-29,9:32:00.959996338,T,KO,I,50,70.06
2025-12-29,9:32:06.083971914,T,KO,I,1,70.05
2025-12-29,9:32:07.695567126,T,KO,,100,70.06
2025-12-29,9:32:07.699049464,T,KO,F I,5,70.06
2025-12-29,9:32:09.706955577,T,KO,F,100,70.06
2025-12-29,9:32:09.707018792,T,KO,,136,70.06
2025-12-29,9:32:09.768370917,T,KO,F I,11,70.05
2025-12-29,9:32:09.768413289,T,KO,I,89,70.05
2025-12-29,9:32:09.768422018,T,KO,I,50,70.05
2025-12-29,9:32:09.790404426,T,KO,F I,4,70.055
2025-12-29,9:32:09.796704723,T,KO,F I,50,70.05
2025-12-29,9:32:09.797020521,T,KO,I,2,70.05
2025-12-29,9:32:09.797023327,T,KO,I,1,70.05
2025-12-29,9:32:09.797359932,T,KO,F I,3,70.05
2025-12-29,9:32:09.797411333,T,KO,,100,70.05
2025-12-29,9:32:09.797432173,T,KO,I,1,70.05
2025-12-29,9:32:09.817529011,T,KO,F I,5,70.05
2025-12-29,9:32:09.879879445,T,KO,I,50,70.06
2025-12-29,9:32:09.879882442,T,KO,I,25,70.06
2025-12-29,9:32:13.977724170,T,KO,I,1,70.055
2025-12-29,9:32:14.897654180,T,KO,I,1,70.05
2025-12-29,9:32:14.922845145,T,KO,F I,6,70.05
2025-12-29,9:32:17.730903055,T,KO,F,100,70.05
2025-12-29,9:32:21.763411717,T,KO,F I,50,70.01
2025-12-29,9:32:21.763414121,T,KO,F I,41,70.01
2025-12-29,9:32:23.621034937,T,KO,F,400,70.01
2025-12-29,9:32:23.621034937,T,KO,F I,11,70.01
2025-12-29,9:32:24.325410836,T,KO,F I,50,70.02
2025-12-29,9:32:26.669406415,T,KO,,100,70.01
2025-12-29,9:32:26.669421778,T,KO,I,1,70.01
2025-12-29,9:32:26.669866562,T,KO,F I,91,70.02
2025-12-29,9:32:26.669869513,T,KO,F I,50,70.02
2025-12-29,9:32:26.708027374,T,KO,,100,70.02
2025-12-29,9:32:26.708030536,T,KO,I,91,70.02
2025-12-29,9:32:26.708030536,T,KO,I,9,70.02
2025-12-29,9:32:28.030192344,T,KO,,100,70.02
2025-12-29,9:32:28.072283748,T,KO,,100,70.02
2025-12-29,9:32:28.079013610,T,KO,,100,70.02
2025-12-29,9:32:40.052290866,T,KO,,200,70.02
2025-12-29,9:32:40.052293921,T,KO,I,50,70.02
2025-12-29,9:32:40.052296929,T,KO,I,25,70.02
2025-12-29,9:32:40.052308986,T,KO,I,1,70.02
2025-12-29,9:32:40.252387479,T,KO,I,50,70.03
2025-12-29,9:32:40.269928208,T,KO,I,5,70.04
2025-12-29,9:32:41.278265815,T,KO,F,100,70.03
2025-12-29,9:32:41.278286820,T,KO,F I,25,70.03
2025-12-29,9:32:41.278343939,T,KO,F I,75,70.03
2025-12-29,9:32:41.278960472,T,KO,I,3,70.03
2025-12-29,9:32:41.278960472,T,KO,,100,70.03
2025-12-29,9:32:41.279552803,T,KO,,100,70.03
2025-12-29,9:32:41.279555773,T,KO,I,3,70.03
2025-12-29,9:32:41.279606972,T,KO,,100,70.03
2025-12-29,9:32:50.684431054,T,KO,I,50,70.04
2025-12-29,9:32:51.274291845,T,KO,I,2,70.04
2025-12-29,9:32:51.351642338,T,KO,F,100,70.04
2025-12-29,9:32:53.791947988,T,KO,F,100,70.04
2025-12-29,9:32:53.791966496,T,KO,I,1,70.04
2025-12-29,9:32:53.791969040,T,KO,F I,99,70.04
2025-12-29,9:32:57.998191910,T,KO,F,200,70.04
2025-12-29,9:33:01.300717318,T,KO,I,50,70.04
2025-12-29,9:33:04.083223343,T,KO,F,100,70.03
2025-12-29,9:33:04.083226361,T,KO,F,200,70.03
2025-12-29,9:33:04.083244361,T,KO,I,1,70.03
2025-12-29,9:33:04.083256592,T,KO,F I,30,70.03
2025-12-29,9:33:04.083256592,T,KO,F I,69,70.03
2025-12-29,9:33:12.482807112,T,KO,F,200,70.02
2025-12-29,9:33:12.482825896,T,KO,I,1,70.02
2025-12-29,9:33:12.482852182,T,KO,F I,99,70.02
2025-12-29,9:33:13.543360888,T,KO,F I,50,70.02
2025-12-29,9:33:13.568512818,T,KO,,400,70.02
2025-12-29,9:33:14.897949019,T,KO,I,50,70.03
2025-12-29,9:33:15.071799182,T,KO,F,100,70.03
2025-12-29,9:33:19.356499841,T,KO,F I,50,70.04
2025-12-29,9:33:19.356502831,T,KO,F I,2,70.04
2025-12-29,9:33:19.358229209,T,KO,F I,33,70.03
2025-12-29,9:33:20.373897957,T,KO,I,33,70.03
2025-12-29,9:33:20.373900927,T,KO,,400,70.03
2025-12-29,9:33:20.404011648,T,KO,I,37,70.04
2025-12-29,9:33:20.433824630,T,KO,F I,25,70.04
2025-12-29,9:33:20.433842734,T,KO,F I,34,70.04
2025-12-29,9:33:20.452646551,T,KO,F I,13,70.03
2025-12-29,9:33:21.893591284,T,KO,I,33,70.04
2025-12-29,9:33:21.894445365,T,KO,I,1,70.04
2025-12-29,9:33:21.894448510,T,KO,I,8,70.04
2025-12-29,9:33:21.894448510,T,KO,I,50,70.04
2025-12-29,9:33:21.894451312,T,KO,I,5,70.04
2025-12-29,9:33:21.922192628,T,KO,F,100,70.04
2025-12-29,9:33:21.922192628,T,KO,F I,34,70.04
2025-12-29,9:33:21.922195870,T,KO,F I,50,70.04
2025-12-29,9:33:21.922195870,T,KO,F I,2,70.04
2025-12-29,9:33:21.922198466,T,KO,F I,25,70.04
2025-12-29,9:33:21.922938190,T,KO,I,34,70.04
2025-12-29,9:33:21.922941365,T,KO,,100,70.04
2025-12-29,9:33:21.922941365,T,KO,I,3,70.04
2025-12-29,9:33:21.922945341,T,KO,I,34,70.04
2025-12-29,9:33:21.922945341,T,KO,I,50,70.04
2025-12-29,9:33:21.922962840,T,KO,I,1,70.04
2025-12-29,9:33:21.923723033,T,KO,F I,16,70.04
2025-12-29,9:33:21.936843365,T,KO,F I,53,70.045
2025-12-29,9:33:21.953779781,T,KO,F I,2,70.045
2025-12-29,9:33:24.590916404,T,KO,F I,3,70.04
2025-12-29,9:33:24.590916404,T,KO,F I,7,70.04
2025-12-29,9:33:24.603531438,T,KO,F I,1,70.04
2025-12-29,9:33:26.316883824,T,KO,F I,10,70.04
2025-12-29,9:33:26.316886120,T,KO,F I,90,70.04
2025-12-29,9:33:26.316901112,T,KO,I,1,70.04
2025-12-29,9:33:26.335581551,T,KO,F I,5,70.04
2025-12-29,9:33:28.877093660,T,KO,I,25,70.05
2025-12-29,9:33:28.891278349,T,KO,F I,34,70.05
2025-12-29,9:33:28.891278349,T,KO,F I,2,70.04
2025-12-29,9:33:28.891543062,T,KO,I,2,70.04
2025-12-29,9:33:28.891546046,T,KO,,100,70.04
2025-12-29,9:33:28.891564627,T,KO,,100,70.04
2025-12-29,9:33:28.891564627,T,KO,I,50,70.04
2025-12-29,9:33:29.000934603,T,KO,I,1,70.04
2025-12-29,9:33:33.388552364,T,KO,F I,33,70.04
2025-12-29,9:33:33.410757289,T,KO,F I,7,70.04
2025-12-29,9:33:37.364231041,T,KO,F I,5,70.04
2025-12-29,9:33:37.387368136,T,KO,F I,1,70.04
2025-12-29,9:33:37.387723017,T,KO,I,87,70.04
2025-12-29,9:33:37.387725966,T,KO,,100,70.04
2025-12-29,9:33:37.400377495,T,KO,F I,24,70.03
2025-12-29,9:33:37.400398555,T,KO,F I,26,70.03
2025-12-29,9:33:37.400398555,T,KO,F,100,70.03
2025-12-29,9:33:37.400401142,T,KO,F,100,70.03
2025-12-29,9:33:37.400422629,T,KO,I,1,70.03
2025-12-29,9:33:37.400635799,T,KO,F I,99,70.03
2025-12-29,9:33:37.400638786,T,KO,F I,67,70.03
2025-12-29,9:33:37.400653818,T,KO,I,33,70.03
2025-12-29,9:33:37.401372546,T,KO,F I,3,70.03
2025-12-29,9:33:37.401375460,T,KO,F I,27,70.03
2025-12-29,9:33:37.423099267,T,KO,F I,3,70.03
2025-12-29,9:33:37.513708008,T,KO,F I,16,70.03
2025-12-29,9:33:37.519562965,T,KO,F I,10,70.025
2025-12-29,9:33:37.540345522,T,KO,I,50,70.03
2025-12-29,9:33:37.767584675,T,KO,I,5,70.035
2025-12-29,9:33:42.341700670,T,KO,,100,70.03
2025-12-29,9:33:45.305833162,T,KO,F I,50,70.02
2025-12-29,9:33:52.648288333,T,KO,F I,6,70.02
2025-12-29,9:33:54.605174985,T,KO,I,94,70.02
2025-12-29,9:33:54.626670288,T,KO,F I,5,70.01
2025-12-29,9:33:54.626694322,T,KO,F I,95,70.01
2025-12-29,9:33:54.626694322,T,KO,F,100,70.01
2025-12-29,9:33:54.648060204,T,KO,F I,83,70.015
2025-12-29,9:33:54.660994152,T,KO,F I,5,70.015
2025-12-29,9:33:56.283820938,T,KO,I,5,70.01
2025-12-29,9:34:00.241886768,T,KO,I,45,70.01
2025-12-29,9:34:08.075101775,T,KO,F,100,70.0
2025-12-29,9:34:08.075101775,T,KO,F I,97,70.0
2025-12-29,9:34:08.075120005,T,KO,I,1,70.0
2025-12-29,9:34:08.075300242,T,KO,F I,2,70.0
2025-12-29,9:34:08.119144757,T,KO,I,4,70.005
2025-12-29,9:34:17.676498014,T,KO,F I,1,70.01
2025-12-29,9:34:18.819520334,T,KO,I,95,70.015
2025-12-29,9:34:18.824310637,T,KO,F I,4,70.01
2025-12-29,9:34:18.824383962,T,KO,I,95,70.01
2025-12-29,9:34:18.824385891,T,KO,I,99,70.01
2025-12-29,9:34:18.824403864,T,KO,I,1,70.01
2025-12-29,9:34:18.835731898,T,KO,F I,33,70.005
2025-12-29,9:34:18.848085268,T,KO,F I,1,70.005
2025-12-29,9:34:18.848776963,T,KO,I,29,70.01
2025-12-29,9:34:18.859347083,T,KO,F I,2,70.01
2025-12-29,9:34:28.225264876,T,KO,F I,10,70.015
2025-12-29,9:34:28.278166433,T,KO,F I,5,70.015
2025-12-29,9:34:28.300864440,T,KO,F I,1,70.015
2025-12-29,9:34:28.471169100,T,KO,I,29,70.02
2025-12-29,9:34:28.472089451,T,KO,I,29,70.02
2025-12-29,9:34:28.472092383,T,KO,I,3,70.02
2025-12-29,9:34:28.495599351,T,KO,F I,29,70.02
2025-12-29,9:34:28.495599351,T,KO,F I,3,70.02
2025-12-29,9:34:28.495602284,T,KO,F I,29,70.02
2025-12-29,9:34:28.495981291,T,KO,,100,70.02
2025-12-29,9:34:28.495981291,T,KO,I,29,70.02
2025-12-29,9:34:28.495987262,T,KO,I,29,70.02
2025-12-29,9:34:28.496050347,T,KO,F I,61,70.02
2025-12-29,9:34:28.503829923,T,KO,F I,20,70.025
2025-12-29,9:34:28.514201569,T,KO,F I,1,70.02
2025-12-29,9:34:32.762178820,T,KO,I,5,70.025
2025-12-29,9:34:35.517551098,T,KO,F I,28,70.03
2025-12-29,9:34:39.473253245,T,KO,,100,70.025
2025-12-29,9:34:42.068355885,T,KO,F I,50,70.04
2025-12-29,9:34:42.091541146,T,KO,F I,32,70.04
2025-12-29,9:34:42.160191613,T,KO,F I,2,70.04
2025-12-29,9:34:42.160227729,T,KO,I,16,70.04
2025-12-29,9:34:51.496936897,T,KO,F,200,70.03
2025-12-29,9:34:51.496939523,T,KO,F,100,70.03
2025-12-29,9:34:51.530192777,T,KO,I,6,70.01
2025-12-29,9:34:51.541394332,T,KO,F I,19,70.01
2025-12-29,9:34:51.551826215,T,KO,F I,1,70.01
2025-12-29,9:34:54.139455975,T,KO,F I,16,70.01
2025-12-29,9:34:54.166270876,T,KO,I,19,69.99
2025-12-29,9:34:54.176771881,T,KO,I,1,69.99
2025-12-29,9:34:55.255203309,T,KO,F I,5,69.985
2025-12-29,9:34:55.950197545,T,KO,I,50,70.0
2025-12-29,9:34:55.977084622,T,KO,F I,24,69.995
2025-12-29,9:34:58.506375484,T,KO,I,50,70.01
2025-12-29,9:34:58.872437285,T,KO,I,3,70.01
2025-12-29,9:34:58.872437285,T,KO,I,11,70.005
2025-12-29,9:35:01.854128638,T,KO,I,3,70.01
2025-12-29,9:35:02.125675415,T,KO,F I,7,70.01
2025-12-29,9:35:02.126699116,T,KO,F,100,70.01
2025-12-29,9:35:02.126700858,T,KO,F I,27,70.01
2025-12-29,9:35:02.126703872,T,KO,F I,50,70.01
2025-12-29,9:35:03.001057329,T,KO,I,50,70.02
2025-12-29,9:35:03.001075706,T,KO,F I,10,70.02
2025-12-29,9:35:03.002067600,T,KO,I,1,70.03
2025-12-29,9:35:03.002071936,T,KO,I,49,70.03
2025-12-29,9:35:03.002071936,T,KO,I,50,70.03
2025-12-29,9:35:03.147100037,T,KO,,100,70.04
2025-12-29,9:35:03.147118098,T,KO,I,19,70.03
2025-12-29,9:35:03.147121157,T,KO,I,27,70.03
2025-12-29,9:35:03.147187553,T,KO,I,18,70.04
2025-12-29,9:35:03.147265469,T,KO,I,27,70.04
2025-12-29,9:35:03.147265469,T,KO,,100,70.04
2025-12-29,9:35:03.147698526,T,KO,I,18,70.04
2025-12-29,9:35:03.169052293,T,KO,I,9,70.04
2025-12-29,9:35:04.493160029,T,KO,I,25,70.02
2025-12-29,9:35:04.493163062,T,KO,I,50,70.02
2025-12-29,9:35:04.493166004,T,KO,,100,70.02
2025-12-29,9:35:13.282069061,T,KO,I,4,70.015
2025-12-29,9:35:14.572340274,T,KO,F,100,70.01
2025-12-29,9:35:14.572343896,T,KO,F I,19,70.01
2025-12-29,9:35:14.572346285,T,KO,F I,32,70.01
2025-12-29,9:35:22.413755634,T,KO,F I,11,70.0
2025-12-29,9:35:22.413758663,T,KO,F,100,70.0
2025-12-29,9:35:27.217450382,T,KO,I,72,69.99
2025-12-29,9:35:28.789002340,T,KO,F I,2,69.98
2025-12-29,9:35:38.828722844,T,KO,I,25,69.99
2025-12-29,9:35:38.828725431,T,KO,I,5,69.99
2025-12-29,9:35:48.044841042,T,KO,,100,69.99
2025-12-29,9:35:51.308652200,T,KO,,100,69.98
2025-12-29,9:35:51.308655262,T,KO,I,1,69.98
2025-12-29,9:35:51.308655262,T,KO,,170,69.98
2025-12-29,9:35:51.308658219,T,KO,I,1,69.98
2025-12-29,9:35:51.309960490,T,KO,F I,2,69.97
2025-12-29,9:35:51.344999889,T,KO,I,5,69.97
2025-12-29,9:36:00.093579770,T,KO,F,100,69.975
2025-12-29,9:36:00.093591738,T,KO,F I,25,69.97
2025-12-29,9:36:00.127913108,T,KO,,100,69.975
2025-12-29,9:36:00.127913108,T,KO,,233,69.97
2025-12-29,9:36:00.127915856,T,KO,I,25,69.97
2025-12-29,9:36:00.127915856,T,KO,I,50,69.97
2025-12-29,9:36:00.127933545,T,KO,I,1,69.97
2025-12-29,9:36:01.147999098,T,KO,I,5,69.975
2025-12-29,9:36:01.249782577,T,KO,,100,69.97
2025-12-29,9:36:01.249785527,T,KO,I,25,69.97
2025-12-29,9:36:02.317709877,T,KO,F I,81,69.97
2025-12-29,9:36:03.889682681,T,KO,,100,69.97
2025-12-29,9:36:09.336735584,T,KO,F,100,69.96
2025-12-29,9:36:09.336738608,T,KO,F I,3,69.96
2025-12-29,9:36:10.552296543,T,KO,F I,13,69.96
2025-12-29,9:36:19.752179380,T,KO,I,26,69.97
2025-12-29,9:36:19.752179380,T,KO,I,10,69.97
2025-12-29,9:36:19.752182368,T,KO,I,50,69.97
2025-12-29,9:36:19.752197475,T,KO,I,1,69.97
2025-12-29,9:36:21.305790674,T,KO,F,299,69.97
2025-12-29,9:36:21.305793609,T,KO,F I,1,69.97
2025-12-29,9:36:21.341037610,T,KO,F I,40,69.96
2025-12-29,9:36:21.353481181,T,KO,F I,4,69.96
2025-12-29,9:36:21.365870670,T,KO,F I,1,69.96
2025-12-29,9:36:23.355210655,T,KO,F I,55,69.96
2025-12-29,9:36:25.216616818,T,KO,,100,69.955
2025-12-29,9:36:27.190364699,T,KO,I,5,69.955
2025-12-29,9:36:27.237309519,T,KO,I,36,69.955
2025-12-29,9:36:29.048177412,T,KO,F I,4,69.95
2025-12-29,9:36:29.048196600,T,KO,F I,96,69.95
2025-12-29,9:36:29.048201966,T,KO,F,100,69.95
2025-12-29,9:36:29.048201966,T,KO,F I,30,69.95
2025-12-29,9:36:29.048204444,T,KO,F I,2,69.95
2025-12-29,9:36:29.048207999,T,KO,F,100,69.95
2025-12-29,9:36:29.049260033,T,KO,,100,69.95
2025-12-29,9:36:29.049263015,T,KO,,1042,69.95
2025-12-29,9:36:29.049284614,T,KO,I,1,69.95
2025-12-29,9:36:29.079563204,T,KO,I,28,69.95
2025-12-29,9:36:29.090226562,T,KO,F I,30,69.945
2025-12-29,9:36:29.105972105,T,KO,F I,3,69.945
2025-12-29,9:36:29.120439530,T,KO,F I,1,69.945
2025-12-29,9:36:29.165523079,T,KO,I,28,69.95
2025-12-29,9:36:29.165525856,T,KO,I,28,69.95
2025-12-29,9:36:35.075447817,T,KO,F I,4,69.95
2025-12-29,9:36:35.075447817,T,KO,F I,28,69.95
2025-12-29,9:36:36.851302955,T,KO,I,4,69.95
2025-12-29,9:36:36.851675853,T,KO,I,26,69.95
2025-12-29,9:36:36.851675853,T,KO,I,50,69.95
2025-12-29,9:36:36.873989042,T,KO,F I,50,69.94
2025-12-29,9:36:36.873989042,T,KO,F I,20,69.94
2025-12-29,9:36:37.887282409,T,KO,I,59,69.945
2025-12-29,9:36:39.115900605,T,KO,F I,16,69.94
2025-12-29,9:36:39.115972706,T,KO,I,64,69.94
2025-12-29,9:36:39.115975744,T,KO,I,50,69.94
2025-12-29,9:36:39.117650666,T,KO,I,26,69.94
2025-12-29,9:36:42.620209425,T,KO,I,44,69.96
2025-12-29,9:36:42.665004286,T,KO,I,50,69.96
2025-12-29,9:36:44.362282488,T,KO,I,73,69.95
2025-12-29,9:36:44.385269228,T,KO,I,1,69.95
2025-12-29,9:36:44.655757366,T,KO,I,17,69.955
2025-12-29,9:36:44.656268631,T,KO,I,24,69.955
2025-12-29,9:36:44.659829137,T,KO,I,12,69.955
2025-12-29,9:36:44.670239954,T,KO,I,1,69.955
2025-12-29,9:36:44.680479301,T,KO,I,1,69.955
2025-12-29,9:36:54.680832557,T,KO,,100,69.96
2025-12-29,9:36:54.680847649,T,KO,I,1,69.96
2025-12-29,9:36:56.473257583,T,KO,,100,69.96
2025-12-29,9:36:56.493459742,T,KO,I,26,69.96
2025-12-29,9:36:56.504853773,T,KO,F I,4,69.95
2025-12-29,9:36:56.504856856,T,KO,F I,47,69.95
2025-12-29,9:36:56.529079572,T,KO,F I,5,69.95
2025-12-29,9:37:00.044764618,T,KO,F I,26,69.96
2025-12-29,9:37:00.045772052,T,KO,F I,26,69.96
2025-12-29,9:37:00.045799495,T,KO,F I,50,69.96
2025-12-29,9:37:00.046541837,T,KO,I,26,69.96
2025-12-29,9:37:00.046544851,T,KO,,100,69.96
2025-12-29,9:37:00.046547906,T,KO,I,26,69.96
2025-12-29,9:37:01.003772728,T,KO,I,26,69.96
2025-12-29,9:37:10.982014406,T,KO,I,5,69.965
2025-12-29,9:37:18.522106567,T,KO,F,100,69.96
2025-12-29,9:37:18.522106567,T,KO,F,100,69.96
2025-12-29,9:37:18.522109878,T,KO,F,100,69.96
2025-12-29,9:37:18.522112660,T,KO,F I,1,69.96
2025-12-29,9:37:18.522112660,T,KO,F,100,69.96
2025-12-29,9:37:20.359127494,T,KO,,100,69.94
2025-12-29,9:37:20.826181830,T,KO,F I,50,69.93
2025-12-29,9:37:20.828693250,T,KO,I,38,69.93
2025-12-29,9:37:20.828695851,T,KO,I,4,69.93
2025-12-29,9:37:25.743998743,T,KO,F,100,69.94
2025-12-29,9:37:25.743998743,T,KO,F I,4,69.94
2025-12-29,9:37:25.744001511,T,KO,F I,38,69.94
2025-12-29,9:37:25.744446439,T,KO,I,37,69.94
2025-12-29,9:37:25.744446439,T,KO,I,5,69.94
2025-12-29,9:37:25.744449730,T,KO,,100,69.94
2025-12-29,9:37:25.744467480,T,KO,I,1,69.94
2025-12-29,9:37:25.744473831,T,KO,F I,99,69.94
2025-12-29,9:37:25.744473831,T,KO,F,100,69.94
2025-12-29,9:37:26.858521745,T,KO,F I,5,69.94
2025-12-29,9:37:26.858525533,T,KO,F I,37,69.94
2025-12-29,9:37:26.858525533,T,KO,F I,1,69.94
2025-12-29,9:37:26.858527780,T,KO,F I,99,69.94
2025-12-29,9:37:31.375576943,T,KO,I,50,69.93
2025-12-29,9:37:31.375579950,T,KO,I,97,69.93
2025-12-29,9:37:31.376229431,T,KO,I,4,69.93
2025-12-29,9:37:31.376229431,T,KO,I,25,69.93
2025-12-29,9:37:32.864134173,T,KO,F I,4,69.93
2025-12-29,9:37:32.890873861,T,KO,F I,20,69.92
2025-12-29,9:37:34.511535623,T,KO,,100,69.925
2025-12-29,9:37:35.005874047,T,KO,I,40,69.93
2025-12-29,9:37:35.025074758,T,KO,F I,4,69.93
2025-12-29,9:37:35.040140645,T,KO,F I,1,69.93
2025-12-29,9:37:35.857625691,T,KO,F,100,69.93
2025-12-29,9:37:35.857872124,T,KO,I,34,69.93
2025-12-29,9:37:35.857875167,T,KO,I,4,69.93
2025-12-29,9:37:35.857875167,T,KO,I,77,69.93
2025-12-29,9:37:35.857893194,T,KO,I,1,69.93
2025-12-29,9:37:35.857935279,T,KO,I,23,69.93
2025-12-29,9:37:35.858284130,T,KO,I,23,69.93
2025-12-29,9:37:35.858600406,T,KO,F I,34,69.93
2025-12-29,9:37:35.858603622,T,KO,F I,50,69.93
2025-12-29,9:37:35.884650932,T,KO,F I,30,69.92
2025-12-29,9:37:35.884650932,T,KO,F I,43,69.92
2025-12-29,9:37:35.898177224,T,KO,F I,7,69.92
2025-12-29,9:37:35.906795715,T,KO,F I,1,69.92
2025-12-29,9:37:36.226643489,T,KO,F I,49,69.92
2025-12-29,9:37:36.226646480,T,KO,F I,5,69.92
2025-12-29,9:37:36.226665494,T,KO,F I,45,69.92
2025-12-29,9:37:36.226667687,T,KO,F I,25,69.92
2025-12-29,9:37:36.226998271,T,KO,F I,50,69.92
2025-12-29,9:37:36.227091519,T,KO,F I,38,69.92
2025-12-29,9:37:36.227786152,T,KO,I,12,69.92
2025-12-29,9:37:36.242900149,T,KO,F I,50,69.91
2025-12-29,9:37:36.242903171,T,KO,F I,47,69.91
2025-12-29,9:37:36.242921212,T,KO,I,1,69.91
2025-12-29,9:37:36.727435133,T,KO,I,24,69.915
2025-12-29,9:37:36.746061543,T,KO,F I,3,69.91
2025-12-29,9:37:36.816191526,T,KO,I,27,69.915
2025-12-29,9:37:36.822975697,T,KO,F I,3,69.91
2025-12-29,9:37:37.047706970,T,KO,I,17,69.915
2025-12-29,9:37:37.069481795,T,KO,F I,2,69.91
2025-12-29,9:37:38.127329294,T,KO,I,34,69.915
2025-12-29,9:37:38.137664837,T,KO,F I,3,69.91
2025-12-29,9:37:41.799585281,T,KO,F,100,69.91
2025-12-29,9:37:41.855900512,T,KO,I,33,69.91
2025-12-29,9:37:41.855900512,T,KO,I,1,69.91
2025-12-29,9:37:47.187015819,T,KO,F I,33,69.91
2025-12-29,9:37:47.187018373,T,KO,F I,97,69.91
2025-12-29,9:37:47.206853573,T,KO,F I,5,69.9
2025-12-29,9:37:47.206856600,T,KO,F I,71,69.9
2025-12-29,9:37:47.217357679,T,KO,F I,8,69.9
2025-12-29,9:37:47.926136780,T,KO,I,1,69.905
2025-12-29,9:37:51.375667902,T,KO,F,100,69.89
2025-12-29,9:37:51.375667902,T,KO,F I,25,69.89
2025-12-29,9:37:51.375670348,T,KO,F I,21,69.89
2025-12-29,9:37:51.375685376,T,KO,I,1,69.89
2025-12-29,9:37:52.049184628,T,KO,I,2,69.9
2025-12-29,9:37:52.058205927,T,KO,F I,36,69.9
2025-12-29,9:37:52.082404588,T,KO,F I,1,69.9
2025-12-29,9:37:54.593015039,T,KO,,100,69.905
2025-12-29,9:37:54.593017895,T,KO,I,25,69.91
2025-12-29,9:37:54.593742676,T,KO,,100,69.91
2025-12-29,9:37:54.594250867,T,KO,I,31,69.91
2025-12-29,9:37:54.596283734,T,KO,I,11,69.905
2025-12-29,9:37:54.605960798,T,KO,F I,26,69.9
2025-12-29,9:38:07.194257230,T,KO,I,9,69.9
2025-12-29,9:38:07.194653973,T,KO,I,98,69.9
2025-12-29,9:38:07.194657117,T,KO,I,48,69.9
2025-12-29,9:38:07.194657117,T,KO,I,50,69.9
2025-12-29,9:38:08.835171833,T,KO,F I,18,69.9
2025-12-29,9:38:15.483150105,T,KO,F I,14,69.88
2025-12-29,9:38:15.483184098,T,KO,I,52,69.88
2025-12-29,9:38:16.553014185,T,KO,I,10,69.875
2025-12-29,9:38:16.553982785,T,KO,I,1,69.87
2025-12-29,9:38:16.553985517,T,KO,I,76,69.87
2025-12-29,9:38:16.553994463,T,KO,,185,69.87
2025-12-29,9:38:16.554012531,T,KO,I,1,69.87
2025-12-29,9:38:20.477370447,T,KO,F,438,69.87
2025-12-29,9:38:20.477373203,T,KO,F I,1,69.87
2025-12-29,9:38:20.477375764,T,KO,F I,2,69.87
2025-12-29,9:38:20.477379377,T,KO,F I,10,69.87
2025-12-29,9:38:20.477381760,T,KO,F I,6,69.87
2025-12-29,9:38:20.478326110,T,KO,F I,21,69.87
2025-12-29,9:38:20.479002620,T,KO,F,100,69.87
2025-12-29,9:38:20.479005636,T,KO,F,100,69.87
2025-12-29,9:38:20.479009590,T,KO,F I,33,69.87
2025-12-29,9:38:20.479009590,T,KO,F I,17,69.87
2025-12-29,9:38:20.479015063,T,KO,F,100,69.87
2025-12-29,9:38:20.479015063,T,KO,F I,31,69.87
2025-12-29,9:38:20.479017596,T,KO,F,100,69.87
2025-12-29,9:38:20.479017596,T,KO,F I,25,69.87
2025-12-29,9:38:20.479029667,T,KO,F,100,69.87
2025-12-29,9:38:20.479029667,T,KO,F I,50,69.87
2025-12-29,9:38:20.479032699,T,KO,I,1,69.87
2025-12-29,9:38:20.479047682,T,KO,I,99,69.87
2025-12-29,9:38:20.479050733,T,KO,,100,69.87
2025-12-29,9:38:20.479069279,T,KO,I,50,69.87
2025-12-29,9:38:20.479156195,T,KO,F I,12,69.87
2025-12-29,9:38:20.479171166,T,KO,F I,61,69.87
2025-12-29,9:38:20.479174213,T,KO,F I,39,69.87
2025-12-29,9:38:20.479174213,T,KO,F I,50,69.87
2025-12-29,9:38:20.479234226,T,KO,,100,69.87
2025-12-29,9:38:20.479402603,T,KO,F,100,69.87
2025-12-29,9:38:20.479492814,T,KO,F,100,69.87
2025-12-29,9:38:20.479510871,T,KO,,100,69.87
2025-12-29,9:38:20.479540922,T,KO,I,33,69.87
2025-12-29,9:38:20.479543917,T,KO,I,41,69.87
2025-12-29,9:38:20.479588958,T,KO,I,26,69.87
2025-12-29,9:38:20.479598662,T,KO,,100,69.87
2025-12-29,9:38:20.479604156,T,KO,,100,69.87
2025-12-29,9:38:20.479754446,T,KO,,100,69.87
2025-12-29,9:38:20.479992126,T,KO,,100,69.87
2025-12-29,9:38:20.506524188,T,KO,I,41,69.88
2025-12-29,9:38:20.517491314,T,KO,F I,33,69.87
2025-12-29,9:38:20.517491314,T,KO,F I,25,69.87
2025-12-29,9:38:20.517494252,T,KO,F I,42,69.87
2025-12-29,9:38:20.517509347,T,KO,F I,8,69.87
2025-12-29,9:38:20.517513107,T,KO,F I,18,69.87
2025-12-29,9:38:20.873665616,T,KO,F I,33,69.87
2025-12-29,9:38:23.337334202,T,KO,I,60,69.88
2025-12-29,9:38:23.369378565,T,KO,F I,21,69.88
2025-12-29,9:38:24.818947933,T,KO,I,17,69.88
2025-12-29,9:38:24.983066799,T,KO,F I,1,69.87
2025-12-29,9:38:24.983136081,T,KO,,120,69.88
2025-12-29,9:38:24.983158079,T,KO,I,1,69.88
2025-12-29,9:38:24.983160155,T,KO,F I,49,69.88
2025-12-29,9:38:24.983163027,T,KO,F I,1,69.88
2025-12-29,9:38:24.983184423,T,KO,I,1,69.88
2025-12-29,9:38:24.983199069,T,KO,I,50,69.88
2025-12-29,9:38:25.005987323,T,KO,F I,52,69.88
2025-12-29,9:38:25.335587401,T,KO,I,66,69.88
2025-12-29,9:38:29.258327987,T,KO,I,36,69.89
2025-12-29,9:38:29.258340080,T,KO,F I,36,69.89
2025-12-29,9:38:30.077301730,T,KO,F I,11,69.89
2025-12-29,9:38:34.021212873,T,KO,,100,69.88
2025-12-29,9:38:34.021216345,T,KO,,100,69.88
2025-12-29,9:38:34.021216345,T,KO,I,25,69.88
2025-12-29,9:38:34.021218601,T,KO,I,50,69.88
2025-12-29,9:38:35.590927063,T,KO,,100,69.87
2025-12-29,9:38:39.208533950,T,KO,F I,85,69.86
2025-12-29,9:38:39.208567295,T,KO,I,15,69.86
2025-12-29,9:38:39.208567295,T,KO,I,10,69.86
2025-12-29,9:38:39.208576058,T,KO,I,20,69.86
2025-12-29,9:38:39.388612165,T,KO,I,34,69.86
2025-12-29,9:38:39.388612165,T,KO,I,4,69.86
2025-12-29,9:38:39.388617867,T,KO,I,50,69.86
2025-12-29,9:38:39.388617867,T,KO,I,25,69.86
2025-12-29,9:38:39.388903469,T,KO,I,25,69.86
2025-12-29,9:38:39.388975669,T,KO,F I,1,69.86
2025-12-29,9:38:40.054114841,T,KO,I,4,69.86
2025-12-29,9:38:40.054117867,T,KO,I,8,69.86
2025-12-29,9:38:53.269984636,T,KO,F,100,69.86
2025-12-29,9:38:53.269987655,T,KO,F I,83,69.86
2025-12-29,9:38:53.270005622,T,KO,I,1,69.86
2025-12-29,9:38:53.270005622,T,KO,I,6,69.86
2025-12-29,9:38:53.270011696,T,KO,F I,10,69.86
2025-12-29,9:38:53.270011696,T,KO,F I,10,69.86
2025-12-29,9:38:53.285351162,T,KO,I,21,69.85
2025-12-29,9:38:53.285351162,T,KO,I,25,69.85
2025-12-29,9:38:56.618080594,T,KO,I,4,69.85
2025-12-29,9:39:00.067082023,T,KO,,100,69.855
2025-12-29,9:39:00.067665413,T,KO,F,100,69.86
2025-12-29,9:39:00.086339916,T,KO,I,4,69.87
2025-12-29,9:39:00.086448194,T,KO,I,34,69.87
2025-12-29,9:39:00.086562405,T,KO,,100,69.87
2025-12-29,9:39:00.086562405,T,KO,I,50,69.87
2025-12-29,9:39:00.086583455,T,KO,I,1,69.87
2025-12-29,9:39:00.087019517,T,KO,F I,4,69.87
2025-12-29,9:39:06.205809481,T,KO,I,2,69.87
2025-12-29,9:39:06.230137436,T,KO,,100,69.88
2025-12-29,9:39:06.230140616,T,KO,,200,69.88
2025-12-29,9:39:06.230140616,T,KO,I,1,69.88
2025-12-29,9:39:06.230167659,T,KO,I,29,69.88
2025-12-29,9:39:06.235213498,T,KO,F,213,69.875
2025-12-29,9:39:06.235760816,T,KO,,138,69.875
2025-12-29,9:39:06.235917185,T,KO,I,79,69.875
2025-12-29,9:39:06.243456124,T,KO,I,1,69.875
2025-12-29,9:39:06.251217696,T,KO,F,213,69.875
2025-12-29,9:39:06.251500785,T,KO,F I,22,69.875
2025-12-29,9:39:06.251500785,T,KO,F I,34,69.88
2025-12-29,9:39:06.251503285,T,KO,F I,82,69.88
2025-12-29,9:39:06.251521345,T,KO,I,1,69.88
2025-12-29,9:39:06.251545439,T,KO,I,17,69.88
2025-12-29,9:39:06.412206053,T,KO,,100,69.885
2025-12-29,9:39:10.235427831,T,KO,I,43,69.89
2025-12-29,9:39:10.235430761,T,KO,I,41,69.89
2025-12-29,9:39:10.673815027,T,KO,F I,24,69.9
2025-12-29,9:39:10.673815027,T,KO,F I,6,69.9
2025-12-29,9:39:10.673998212,T,KO,I,14,69.9
2025-12-29,9:39:10.673998212,T,KO,I,10,69.9
2025-12-29,9:39:13.320066299,T,KO,,110,69.9
2025-12-29,9:39:14.329582594,T,KO,F,100,69.91
2025-12-29,9:39:14.329600665,T,KO,I,1,69.91
2025-12-29,9:39:14.329922425,T,KO,I,33,69.91
2025-12-29,9:39:14.396789676,T,KO,I,31,69.91
2025-12-29,9:39:14.396795647,T,KO,I,5,69.91
2025-12-29,9:39:14.396795647,T,KO,I,25,69.91
2025-12-29,9:39:14.396798738,T,KO,,100,69.91
2025-12-29,9:39:14.413332034,T,KO,I,31,69.92
2025-12-29,9:39:15.326453860,T,KO,F I,11,69.92
2025-12-29,9:39:24.452892954,T,KO,F I,10,69.9
2025-12-29,9:39:24.471275705,T,KO,F I,41,69.89
2025-12-29,9:39:24.471275705,T,KO,F I,25,69.89
2025-12-29,9:39:24.471278783,T,KO,F I,34,69.89
2025-12-29,9:39:24.471293894,T,KO,I,1,69.89
2025-12-29,9:39:24.472060629,T,KO,,100,69.89
2025-12-29,9:39:24.472079346,T,KO,I,1,69.89
2025-12-29,9:39:24.472084739,T,KO,F I,49,69.89
2025-12-29,9:39:24.472084739,T,KO,F I,25,69.89
2025-12-29,9:39:24.472087695,T,KO,F I,1,69.89
2025-12-29,9:39:24.472093857,T,KO,I,75,69.89
2025-12-29,9:39:24.472102714,T,KO,I,75,69.89
2025-12-29,9:39:24.472114697,T,KO,I,49,69.89
2025-12-29,9:39:24.472458024,T,KO,I,31,69.89
2025-12-29,9:39:24.472460564,T,KO,I,50,69.89
2025-12-29,9:39:24.472517694,T,KO,,100,69.89
2025-12-29,9:39:24.472523727,T,KO,I,31,69.89
2025-12-29,9:39:24.472556866,T,KO,I,50,69.89
2025-12-29,9:39:24.472560253,T,KO,I,59,69.89
2025-12-29,9:39:24.472560253,T,KO,I,16,69.89
2025-12-29,9:39:24.495387546,T,KO,I,5,69.89
2025-12-29,9:39:24.495387546,T,KO,I,31,69.89
2025-12-29,9:39:24.495778042,T,KO,I,31,69.89
2025-12-29,9:39:24.495781980,T,KO,I,5,69.89
2025-12-29,9:39:24.495784182,T,KO,,100,69.89
2025-12-29,9:39:24.495784182,T,KO,I,31,69.89
2025-12-29,9:39:24.495826968,T,KO,I,50,69.89
2025-12-29,9:39:24.496367555,T,KO,F I,31,69.89
2025-12-29,9:39:24.496367555,T,KO,F I,5,69.89
2025-12-29,9:39:27.188093180,T,KO,,131,69.9
2025-12-29,9:39:30.207256890,T,KO,I,11,69.895
2025-12-29,9:39:31.983614576,T,KO,F,100,69.89
2025-12-29,9:39:31.983617592,T,KO,F I,29,69.89
2025-12-29,9:39:31.994843374,T,KO,F I,10,69.88
2025-12-29,9:39:32.007013289,T,KO,I,50,69.87
2025-12-29,9:39:32.596955489,T,KO,F I,9,69.89
2025-12-29,9:39:32.938211199,T,KO,F,100,69.885
2025-12-29,9:39:32.938220266,T,KO,F I,15,69.88
2025-12-29,9:39:36.560704713,T,KO,,100,69.89
2025-12-29,9:39:36.561206899,T,KO,,100,69.89
2025-12-29,9:39:37.066136470,T,KO,,100,69.89
2025-12-29,9:39:37.106643485,T,KO,F I,35,69.88
2025-12-29,9:39:37.106645883,T,KO,F I,10,69.88
2025-12-29,9:39:37.106648955,T,KO,F I,55,69.88
2025-12-29,9:39:37.106666962,T,KO,I,1,69.88
2025-12-29,9:39:38.428675623,T,KO,I,25,69.89
2025-12-29,9:39:41.160860295,T,KO,I,50,69.89
2025-12-29,9:39:41.160868782,T,KO,I,50,69.89
2025-12-29,9:39:41.160868782,T,KO,I,50,69.89
2025-12-29,9:39:41.183121766,T,KO,F I,89,69.885
2025-12-29,9:39:43.521803716,T,KO,F I,14,69.88
2025-12-29,9:39:43.522113354,T,KO,,100,69.88
2025-12-29,9:39:43.522137771,T,KO,F I,30,69.88
2025-12-29,9:39:43.522137771,T,KO,F,100,69.88
2025-12-29,9:39:43.522143584,T,KO,F I,5,69.88
2025-12-29,9:39:43.522143584,T,KO,I,1,69.88
2025-12-29,9:39:43.522195102,T,KO,F I,14,69.88
2025-12-29,9:39:43.522576768,T,KO,F I,86,69.88
2025-12-29,9:39:43.522579757,T,KO,F I,5,69.88
2025-12-29,9:39:43.522582533,T,KO,F I,9,69.88
2025-12-29,9:39:43.522594521,T,KO,I,1,69.88
2025-12-29,9:39:44.521832396,T,KO,F I,20,69.88
2025-12-29,9:39:44.927203776,T,KO,I,2,69.88
2025-12-29,9:39:44.977453739,T,KO,F I,30,69.88
2025-12-29,9:39:44.977456690,T,KO,F I,11,69.88
2025-12-29,9:39:44.977456690,T,KO,F I,8,69.88
2025-12-29,9:39:45.667470871,T,KO,F I,50,69.88
2025-12-29,9:39:45.667732482,T,KO,I,30,69.88
2025-12-29,9:39:45.667735483,T,KO,I,5,69.88
2025-12-29,9:39:45.667738821,T,KO,I,30,69.88
2025-12-29,9:39:45.667745057,T,KO,,100,69.88
2025-12-29,9:39:45.667807667,T,KO,F I,50,69.88
2025-12-29,9:39:48.183190519,T,KO,F I,5,69.88
2025-12-29,9:39:48.183193876,T,KO,F I,30,69.88
2025-12-29,9:39:48.183196503,T,KO,F I,21,69.88
2025-12-29,9:39:50.482496741,T,KO,I,1,69.89
2025-12-29,9:39:50.482517775,T,KO,F I,25,69.89
2025-12-29,9:39:50.482544812,T,KO,I,20,69.89
2025-12-29,9:39:50.491236188,T,KO,F I,30,69.89
2025-12-29,9:39:50.491238526,T,KO,F I,53,69.89
2025-12-29,9:39:50.703312744,T,KO,F I,50,69.88
2025-12-29,9:39:50.703315664,T,KO,F I,25,69.88
2025-12-29,9:39:50.704401278,T,KO,I,30,69.88
2025-12-29,9:39:50.704404562,T,KO,I,5,69.88
2025-12-29,9:39:50.704407325,T,KO,I,30,69.88
2025-12-29,9:39:50.704407325,T,KO,I,10,69.88
2025-12-29,9:39:50.704410341,T,KO,I,25,69.88
2025-12-29,9:39:58.261258137,T,KO,F I,30,69.88
2025-12-29,9:39:58.261261159,T,KO,F I,50,69.88
2025-12-29,9:39:58.261264181,T,KO,F,100,69.88
2025-12-29,9:39:58.284692923,T,KO,F I,10,69.88
2025-12-29,9:39:58.284696136,T,KO,F I,50,69.87
2025-12-29,9:39:58.284699037,T,KO,F I,40,69.87
2025-12-29,9:39:58.284720101,T,KO,I,1,69.87
2025-12-29,9:40:00.009048311,T,KO,,1900,69.885
2025-12-29,9:40:06.151648540,T,KO,F I,13,69.88
2025-12-29,9:40:06.151651571,T,KO,F,100,69.88
2025-12-29,9:40:06.154228661,T,KO,I,50,69.87
2025-12-29,9:40:06.154288842,T,KO,I,50,69.87
2025-12-29,9:40:06.155482636,T,KO,I,50,69.87
2025-12-29,9:40:06.155554775,T,KO,I,5,69.87
2025-12-29,9:40:06.155575851,T,KO,F I,29,69.87
2025-12-29,9:40:06.155579278,T,KO,F,100,69.87
2025-12-29,9:40:06.155581914,T,KO,F I,50,69.87
2025-12-29,9:40:07.838146200,T,KO,F I,4,69.875
2025-12-29,9:40:07.838227362,T,KO,I,4,69.875
2025-12-29,9:40:07.838883382,T,KO,I,4,69.88
2025-12-29,9:40:10.976778336,T,KO,F I,29,69.89
2025-12-29,9:40:10.976784393,T,KO,F I,5,69.89
2025-12-29,9:40:11.544765068,T,KO,I,5,69.89
2025-12-29,9:40:20.160630807,T,KO,I,50,69.9
2025-12-29,9:40:20.167865589,T,KO,,100,69.91
2025-12-29,9:40:20.197146304,T,KO,F I,12,69.91
2025-12-29,9:40:20.208020146,T,KO,F I,2,69.91
2025-12-29,9:40:22.746028822,T,KO,F,114,69.91
2025-12-29,9:40:22.769869541,T,KO,F I,36,69.89
2025-12-29,9:40:22.779600891,T,KO,F I,4,69.89
2025-12-29,9:40:31.575874668,T,KO,I,52,69.9
2025-12-29,9:40:32.178715051,T,KO,F I,14,69.9
2025-12-29,9:40:33.789094744,T,KO,F,100,69.9
2025-12-29,9:40:33.804967147,T,KO,F I,34,69.89
2025-12-29,9:40:33.804969466,T,KO,F I,6,69.89
2025-12-29,9:40:35.637038439,T,KO,F I,74,69.89
2025-12-29,9:40:35.637038439,T,KO,F I,25,69.89
2025-12-29,9:40:35.637041111,T,KO,F I,50,69.89
2025-12-29,9:40:35.637041111,T,KO,F I,1,69.89
2025-12-29,9:40:35.662917567,T,KO,F I,1,69.88
2025-12-29,9:40:35.662923609,T,KO,F I,1,69.88
2025-12-29,9:40:35.677766933,T,KO,F I,26,69.88
2025-12-29,9:40:35.677769995,T,KO,F,100,69.88
2025-12-29,9:40:35.677769995,T,KO,F I,5,69.88
2025-12-29,9:40:35.677773271,T,KO,F I,26,69.88
2025-12-29,9:40:35.677787984,T,KO,I,1,69.88
2025-12-29,9:40:35.700031922,T,KO,F I,16,69.88
2025-12-29,9:40:36.126742342,T,KO,I,50,69.88
2025-12-29,9:40:36.126742342,T,KO,I,1,69.88
2025-12-29,9:40:36.127482458,T,KO,I,50,69.88
2025-12-29,9:40:36.127689456,T,KO,,100,69.88
2025-12-29,9:40:36.127689456,T,KO,I,27,69.88
2025-12-29,9:40:36.127695581,T,KO,,100,69.88
2025-12-29,9:40:36.127695581,T,KO,,100,69.88
2025-12-29,9:40:36.127698540,T,KO,I,5,69.88
2025-12-29,9:40:36.127701720,T,KO,I,26,69.88
2025-12-29,9:40:36.127701720,T,KO,I,25,69.88
2025-12-29,9:40:36.127713652,T,KO,I,1,69.88
2025-12-29,9:40:36.128053388,T,KO,I,20,69.88
2025-12-29,9:40:36.128558602,T,KO,F,100,69.88
2025-12-29,9:40:36.177335109,T,KO,F,100,69.88
2025-12-29,9:40:36.177335109,T,KO,F I,27,69.88
2025-12-29,9:40:36.177337698,T,KO,F I,27,69.88
2025-12-29,9:40:36.177340730,T,KO,F I,46,69.88
2025-12-29,9:40:36.177380026,T,KO,F I,4,69.88
2025-12-29,9:40:36.234161130,T,KO,I,50,69.88
2025-12-29,9:40:37.100963598,T,KO,I,33,69.88
2025-12-29,9:40:37.100966527,T,KO,I,58,69.88
2025-12-29,9:40:39.667468035,T,KO,F I,10,69.88
2025-12-29,9:40:39.679027567,T,KO,F I,1,69.88
2025-12-29,9:40:39.936690221,T,KO,F I,50,69.88
2025-12-29,9:40:39.936924791,T,KO,,100,69.88
2025-12-29,9:40:39.936927828,T,KO,I,27,69.88
2025-12-29,9:40:39.936930892,T,KO,I,33,69.88
2025-12-29,9:40:39.936933905,T,KO,I,94,69.88
2025-12-29,9:40:39.936939922,T,KO,I,33,69.88
2025-12-29,9:40:39.936945937,T,KO,I,1,69.88
2025-12-29,9:40:39.937805949,T,KO,F I,33,69.88
2025-12-29,9:40:43.423401490,T,KO,I,1,69.885
2025-12-29,9:40:43.425329095,T,KO,I,1,69.89
2025-12-29,9:40:43.496174889,T,KO,F I,27,69.89
2025-12-29,9:40:43.496174889,T,KO,F I,25,69.89
2025-12-29,9:40:43.496177850,T,KO,F I,48,69.89
2025-12-29,9:40:43.496189799,T,KO,I,1,69.89
2025-12-29,9:40:43.496803275,T,KO,F I,2,69.89
2025-12-29,9:40:45.048856912,T,KO,I,62,69.895
2025-12-29,9:40:45.064972202,T,KO,F I,6,69.89
2025-12-29,9:40:45.089700100,T,KO,F I,1,69.89
2025-12-29,9:40:47.661924322,T,KO,F I,41,69.89
2025-12-29,9:40:47.661927288,T,KO,F,100,69.89
2025-12-29,9:40:47.687500209,T,KO,F I,50,69.88
2025-12-29,9:40:47.687503203,T,KO,F I,9,69.88
2025-12-29,9:40:47.738916591,T,KO,F I,5,69.88
2025-12-29,9:40:47.763503220,T,KO,F I,1,69.88
2025-12-29,9:40:54.568001253,T,KO,I,27,69.89
2025-12-29,9:40:54.568001253,T,KO,I,20,69.89
2025-12-29,9:40:54.568019350,T,KO,F I,5,69.89
2025-12-29,9:40:55.873235881,T,KO,F I,51,69.9
2025-12-29,9:40:55.873235881,T,KO,F I,50,69.9
2025-12-29,9:40:55.873485530,T,KO,I,2,69.9
2025-12-29,9:40:55.873488602,T,KO,,100,69.9
2025-12-29,9:40:55.873492128,T,KO,I,28,69.9
2025-12-29,9:40:55.873492128,T,KO,,100,69.9
2025-12-29,9:40:55.873494805,T,KO,I,5,69.9
2025-12-29,9:40:55.884103809,T,KO,F I,28,69.9
2025-12-29,9:40:55.884103809,T,KO,F I,5,69.9
2025-12-29,9:40:55.884106759,T,KO,F I,16,69.9
2025-12-29,9:40:55.896207611,T,KO,F I,5,69.9
2025-12-29,9:40:56.284275878,T,KO,F I,10,69.9
2025-12-29,9:40:56.295615922,T,KO,F I,18,69.9
2025-12-29,9:40:56.305653819,T,KO,F I,2,69.905
2025-12-29,9:41:00.064898037,T,KO,F I,6,69.915
2025-12-29,9:41:00.660637846,T,KO,I,11,69.915
2025-12-29,9:41:02.470218883,T,KO,F I,40,69.92
2025-12-29,9:41:02.479041776,T,KO,I,5,69.925
2025-12-29,9:41:04.920932680,T,KO,I,5,69.92
2025-12-29,9:41:04.920935626,T,KO,I,72,69.92
2025-12-29,9:41:04.920938535,T,KO,I,1,69.92
2025-12-29,9:41:04.977623503,T,KO,,100,69.915
2025-12-29,9:41:04.987884071,T,KO,I,5,69.91
2025-12-29,9:41:12.588888896,T,KO,I,1,69.91
2025-12-29,9:41:22.934939799,T,KO,F,100,69.915
2025-12-29,9:41:25.096542050,T,KO,I,3,69.915
2025-12-29,9:41:30.356186248,T,KO,I,94,69.91
2025-12-29,9:41:30.356186248,T,KO,,100,69.91
2025-12-29,9:41:30.356189899,T,KO,I,58,69.91
2025-12-29,9:41:30.356189899,T,KO,I,2,69.91
2025-12-29,9:41:30.356192024,T,KO,,100,69.91
2025-12-29,9:41:30.356192024,T,KO,I,25,69.91
2025-12-29,9:41:30.356198247,T,KO,I,1,69.91
2025-12-29,9:41:30.356215873,T,KO,F I,1,69.91
2025-12-29,9:41:30.356215873,T,KO,F I,40,69.91
2025-12-29,9:41:30.356251918,T,KO,F I,2,69.91
2025-12-29,9:41:31.764343565,T,KO,F,100,69.91
2025-12-29,9:41:31.764343565,T,KO,F I,25,69.91
2025-12-29,9:41:31.802609689,T,KO,F I,25,69.91
2025-12-29,9:41:31.807270774,T,KO,F I,50,69.91
2025-12-29,9:41:31.807775980,T,KO,F I,2,69.91
2025-12-29,9:41:35.650427731,T,KO,I,8,69.91
2025-12-29,9:41:35.841002907,T,KO,I,51,69.9
2025-12-29,9:41:35.841005886,T,KO,I,16,69.9
2025-12-29,9:41:39.041591669,T,KO,,100,69.9
2025-12-29,9:41:39.042244201,T,KO,F I,34,69.9
2025-12-29,9:41:39.042250281,T,KO,F,100,69.9
2025-12-29,9:41:39.042250281,T,KO,F I,8,69.9
2025-12-29,9:41:40.941083693,T,KO,F,100,69.89
2025-12-29,9:41:40.941089941,T,KO,F,100,69.89
2025-12-29,9:41:40.941093342,T,KO,F,100,69.89
2025-12-29,9:41:40.946686105,T,KO,I,34,69.89
2025-12-29,9:41:40.946689116,T,KO,I,66,69.89
2025-12-29,9:41:41.943608429,T,KO,,100,69.895
2025-12-29,9:41:43.339394806,T,KO,I,2,69.9
2025-12-29,9:41:47.287488803,T,KO,I,1,69.895
2025-12-29,9:41:57.805609542,T,KO,I,42,69.89
2025-12-29,9:41:57.805612516,T,KO,I,80,69.89
2025-12-29,9:41:57.805615793,T,KO,,100,69.89
2025-12-29,9:41:57.805615793,T,KO,I,1,69.89
2025-12-29,9:41:57.805618637,T,KO,I,50,69.89
2025-12-29,9:41:57.805618637,T,KO,I,1,69.89
2025-12-29,9:42:00.087985333,T,KO,F,100,69.89
2025-12-29,9:42:00.087988508,T,KO,F I,22,69.89
2025-12-29,9:42:00.087988508,T,KO,F I,78,69.89
2025-12-29,9:42:00.088003397,T,KO,I,1,69.89
2025-12-29,9:42:00.088132665,T,KO,F I,21,69.89
2025-12-29,9:42:03.255423122,T,KO,,200,69.88
2025-12-29,9:42:03.754326509,T,KO,F,100,69.89
2025-12-29,9:42:03.754326509,T,KO,F I,94,69.89
2025-12-29,9:42:03.754347517,T,KO,I,1,69.89
2025-12-29,9:42:04.136293114,T,KO,F I,30,69.89
2025-12-29,9:42:04.146577676,T,KO,F I,3,69.89
2025-12-29,9:42:09.704640086,T,KO,F,167,69.89
2025-12-29,9:42:09.704640086,T,KO,F I,80,69.89
2025-12-29,9:42:09.704658194,T,KO,I,1,69.89
2025-12-29,9:42:09.736092002,T,KO,F I,3,69.89
2025-12-29,9:42:09.747534232,T,KO,F I,1,69.89
2025-12-29,9:42:14.833821138,T,KO,F I,4,69.89
2025-12-29,9:42:14.844529602,T,KO,F I,1,69.89
2025-12-29,9:42:14.888046258,T,KO,F I,20,69.89
2025-12-29,9:42:14.898354868,T,KO,F I,2,69.89
2025-12-29,9:42:16.527845971,T,KO,F I,73,69.89
2025-12-29,9:42:16.527845971,T,KO,I,25,69.89
2025-12-29,9:42:16.527851816,T,KO,F I,74,69.89
2025-12-29,9:42:16.527851816,T,KO,F I,16,69.89
2025-12-29,9:42:16.527866882,T,KO,F I,55,69.89
2025-12-29,9:42:16.528254809,T,KO,F I,29,69.89
2025-12-29,9:42:16.528685030,T,KO,I,35,69.89
2025-12-29,9:42:16.528705848,T,KO,,100,69.89
2025-12-29,9:42:16.528892379,T,KO,,100,69.89
2025-12-29,9:42:17.209780512,T,KO,F I,73,69.89
2025-12-29,9:42:17.209783395,T,KO,F I,18,69.89
2025-12-29,9:42:17.209785910,T,KO,F,100,69.89
2025-12-29,9:42:17.209788930,T,KO,F I,83,69.89
2025-12-29,9:42:17.209800935,T,KO,I,1,69.89
2025-12-29,9:42:17.236703059,T,KO,F I,28,69.895
2025-12-29,9:42:17.248277629,T,KO,F I,3,69.895
2025-12-29,9:42:18.295750337,T,KO,I,73,69.895
2025-12-29,9:42:18.313519654,T,KO,F I,7,69.895
2025-12-29,9:42:18.335953091,T,KO,F I,1,69.895
2025-12-29,9:42:24.226572460,T,KO,F I,3,69.9
2025-12-29,9:42:24.226572460,T,KO,F I,25,69.9
2025-12-29,9:42:24.226577630,T,KO,F I,83,69.9
2025-12-29,9:42:24.226577630,T,KO,F I,1,69.9
2025-12-29,9:42:24.226580570,T,KO,F I,3,69.9
2025-12-29,9:42:24.231858178,T,KO,I,35,69.9
2025-12-29,9:42:24.231861683,T,KO,I,65,69.9
2025-12-29,9:42:24.231883097,T,KO,F I,35,69.9
2025-12-29,9:42:24.231885437,T,KO,F I,8,69.9
2025-12-29,9:42:24.231888194,T,KO,F I,35,69.9
2025-12-29,9:42:24.231888194,T,KO,F I,10,69.9
2025-12-29,9:42:37.416856588,T,KO,F I,35,69.9
2025-12-29,9:42:37.424154988,T,KO,,100,69.9
2025-12-29,9:42:37.430106086,T,KO,I,31,69.9
2025-12-29,9:42:37.430115612,T,KO,I,5,69.895
2025-12-29,9:42:37.430118093,T,KO,I,78,69.895
2025-12-29,9:42:38.630511086,T,KO,F I,24,69.89
2025-12-29,9:42:38.663132789,T,KO,I,10,69.88
2025-12-29,9:42:38.675774847,T,KO,I,1,69.88
2025-12-29,9:42:44.930287335,T,KO,I,31,69.89
2025-12-29,9:42:44.930287335,T,KO,I,4,69.89
2025-12-29,9:42:44.947367921,T,KO,F I,49,69.89
2025-12-29,9:42:44.960250567,T,KO,F I,5,69.89
2025-12-29,9:42:45.420096802,T,KO,F I,1,69.89
2025-12-29,9:42:45.879028843,T,KO,F I,1,69.89
2025-12-29,9:42:46.108760906,T,KO,F I,1,69.89
2025-12-29,9:42:46.170660402,T,KO,F I,6,69.89
2025-12-29,9:42:55.122894661,T,KO,F I,2,69.89
2025-12-29,9:42:55.122897959,T,KO,F,100,69.89
2025-12-29,9:42:55.122897959,T,KO,F I,10,69.89
2025-12-29,9:42:55.137864327,T,KO,F I,80,69.885
2025-12-29,9:42:55.148317249,T,KO,F I,8,69.885
2025-12-29,9:42:59.229544349,T,KO,I,2,69.895
2025-12-29,9:43:07.443490147,T,KO,,100,69.91
2025-12-29,9:43:07.443493227,T,KO,I,2,69.91
2025-12-29,9:43:07.443493227,T,KO,I,6,69.91
2025-12-29,9:43:13.920790986,T,KO,F,100,69.92
2025-12-29,9:43:14.898350205,T,KO,I,4,69.92
2025-12-29,9:43:18.023744880,T,KO,I,1,69.925
2025-12-29,9:43:26.300206695,T,KO,I,6,69.94
2025-12-29,9:43:26.300579650,T,KO,,100,69.94
2025-12-29,9:43:26.301141981,T,KO,F I,25,69.94
2025-12-29,9:43:32.347991537,T,KO,I,2,69.935
2025-12-29,9:43:37.938549575,T,KO,I,2,69.94
2025-12-29,9:43:38.064333788,T,KO,I,36,69.94
2025-12-29,9:43:38.064336177,T,KO,I,8,69.94
2025-12-29,9:43:38.064339061,T,KO,,100,69.94
2025-12-29,9:43:38.068422847,T,KO,I,18,69.935
2025-12-29,9:43:38.071090172,T,KO,I,25,69.935
2025-12-29,9:43:38.078917807,T,KO,I,16,69.935
2025-12-29,9:43:40.151075107,T,KO,I,10,69.935
2025-12-29,9:43:42.614572273,T,KO,F,300,69.93
2025-12-29,9:43:42.614576236,T,KO,F,100,69.93
2025-12-29,9:43:42.614593771,T,KO,F,100,69.93
2025-12-29,9:43:42.614596454,T,KO,F,100,69.93
2025-12-29,9:43:42.614599288,T,KO,F I,25,69.93
2025-12-29,9:43:42.764118421,T,KO,F I,6,69.915
2025-12-29,9:43:42.775112604,T,KO,F I,1,69.915
2025-12-29,9:43:46.684366373,T,KO,I,36,69.92
2025-12-29,9:43:46.684366373,T,KO,I,8,69.92
2025-12-29,9:43:46.684372789,T,KO,,100,69.92
2025-12-29,9:43:46.713496581,T,KO,F I,24,69.925
2025-12-29,9:43:46.724755483,T,KO,F I,3,69.925
2025-12-29,9:43:47.049186261,T,KO,,100,69.925
2025-12-29,9:43:47.065779761,T,KO,I,1,69.925
2025-12-29,9:43:47.069989825,T,KO,F I,10,69.925
2025-12-29,9:43:47.080196034,T,KO,F I,1,69.925
2025-12-29,9:43:48.348359261,T,KO,F,100,69.92
2025-12-29,9:43:48.348364282,T,KO,F,100,69.92
2025-12-29,9:43:48.348364282,T,KO,F,200,69.92
2025-12-29,9:43:48.350162564,T,KO,I,2,69.92
2025-12-29,9:43:48.350168910,T,KO,I,44,69.92
2025-12-29,9:43:48.350172373,T,KO,,100,69.92
2025-12-29,9:43:48.350174611,T,KO,I,8,69.92
2025-12-29,9:43:48.350177843,T,KO,I,25,69.92
2025-12-29,9:43:48.350177843,T,KO,,100,69.92
2025-12-29,9:43:48.426210749,T,KO,F,100,69.925
2025-12-29,9:43:48.426213712,T,KO,F I,39,69.925
2025-12-29,9:43:48.426953451,T,KO,,100,69.93
2025-12-29,9:43:48.450204792,T,KO,F I,61,69.935
2025-12-29,9:43:48.461833557,T,KO,F I,6,69.935
2025-12-29,9:43:49.480723145,T,KO,,100,69.94
2025-12-29,9:43:49.493632911,T,KO,F I,81,69.945
2025-12-29,9:43:49.508650648,T,KO,F I,8,69.945
2025-12-29,9:43:49.523394801,T,KO,F I,1,69.945
2025-12-29,9:43:50.664197840,T,KO,I,50,69.95
2025-12-29,9:43:50.664200843,T,KO,,100,69.95
2025-12-29,9:43:50.664486767,T,KO,,100,69.95
2025-12-29,9:43:50.664730055,T,KO,,100,69.95
2025-12-29,9:43:50.689406895,T,KO,F,100,69.955
2025-12-29,9:43:50.689409852,T,KO,F I,10,69.95
2025-12-29,9:43:50.699486908,T,KO,F I,11,69.955
2025-12-29,9:43:50.711211774,T,KO,F I,1,69.955
2025-12-29,9:43:50.719842388,T,KO,F I,1,69.955
2025-12-29,9:43:59.177997628,T,KO,I,20,69.96
2025-12-29,9:43:59.177999816,T,KO,I,80,69.96
2025-12-29,9:43:59.178002846,T,KO,,100,69.96
2025-12-29,9:43:59.203999775,T,KO,F I,38,69.96
2025-12-29,9:43:59.204020855,T,KO,F I,10,69.96
2025-12-29,9:43:59.204024528,T,KO,F I,62,69.96
2025-12-29,9:43:59.204024528,T,KO,F I,66,69.96
2025-12-29,9:43:59.214025749,T,KO,F I,41,69.95
2025-12-29,9:43:59.227227119,T,KO,F I,24,69.95
2025-12-29,9:43:59.235214099,T,KO,F I,3,69.95
2025-12-29,9:43:59.913897877,T,KO,I,32,69.95
2025-12-29,9:43:59.913903927,T,KO,,100,69.95
2025-12-29,9:43:59.913903927,T,KO,I,26,69.95
2025-12-29,9:43:59.942116686,T,KO,F I,24,69.935
2025-12-29,9:43:59.944964509,T,KO,,100,69.935
2025-12-29,9:44:01.115291775,T,KO,F I,35,69.94
2025-12-29,9:44:06.748169273,T,KO,I,50,69.96
2025-12-29,9:44:06.752923768,T,KO,I,47,69.96
2025-12-29,9:44:06.752926631,T,KO,I,8,69.96
2025-12-29,9:44:15.024555908,T,KO,F I,8,69.96
2025-12-29,9:44:15.024558860,T,KO,F I,47,69.96
2025-12-29,9:44:15.024558860,T,KO,F I,25,69.96
2025-12-29,9:44:15.033917224,T,KO,I,2,69.955
2025-12-29,9:44:16.050873185,T,KO,F I,1,69.95
2025-12-29,9:44:16.050877023,T,KO,F I,18,69.95
2025-12-29,9:44:16.050877023,T,KO,F I,90,69.95
2025-12-29,9:44:16.050880098,T,KO,F I,25,69.95
2025-12-29,9:44:16.050882614,T,KO,F I,50,69.95
2025-12-29,9:44:16.050882614,T,KO,F I,80,69.95
2025-12-29,9:44:24.369991621,T,KO,F I,9,69.95
2025-12-29,9:44:24.370009734,T,KO,F I,91,69.95
2025-12-29,9:44:27.495738151,T,KO,I,1,69.945
2025-12-29,9:44:32.428792084,T,KO,I,5,69.94
2025-12-29,9:44:32.428795124,T,KO,F I,95,69.94
2025-12-29,9:44:47.739580261,T,KO,I,2,69.935
2025-12-29,9:44:58.886179683,T,KO,I,2,69.945
2025-12-29,9:45:00.085008902,T,KO,F,100,69.94
2025-12-29,9:45:00.085011895,T,KO,F,100,69.94
2025-12-29,9:45:00.088220562,T,KO,,100,69.94
2025-12-29,9:45:00.195886044,T,KO,F,100,69.935
2025-12-29,9:45:00.195889127,T,KO,F,100,69.935
2025-12-29,9:45:00.195889127,T,KO,F I,21,69.93
2025-12-29,9:45:00.195891981,T,KO,F I,25,69.93
2025-12-29,9:45:00.195895010,T,KO,F I,54,69.93
2025-12-29,9:45:00.195910054,T,KO,I,45,69.93
2025-12-29,9:45:00.196575230,T,KO,I,39,69.93
2025-12-29,9:45:00.196577795,T,KO,I,8,69.93
2025-12-29,9:45:01.461017215,T,KO,F,100,69.94
2025-12-29,9:45:01.461035266,T,KO,I,1,69.94
2025-12-29,9:45:01.461474292,T,KO,I,38,69.94
2025-12-29,9:45:01.461474292,T,KO,I,8,69.94
2025-12-29,9:45:02.238094912,T,KO,I,10,69.935
2025-12-29,9:45:06.075702721,T,KO,F I,3,69.95
2025-12-29,9:45:06.115259308,T,KO,I,3,69.955
2025-12-29,9:45:06.115259308,T,KO,,200,69.955
2025-12-29,9:45:06.115343719,T,KO,I,50,69.96
2025-12-29,9:45:06.115343719,T,KO,I,6,69.96
2025-12-29,9:45:06.115346381,T,KO,I,25,69.96
2025-12-29,9:45:06.115349152,T,KO,,100,69.96
2025-12-29,9:45:07.768307915,T,KO,I,50,69.97
2025-12-29,9:45:07.768307915,T,KO,I,10,69.97
2025-12-29,9:45:07.768338558,T,KO,F I,2,69.97
2025-12-29,9:45:07.768341264,T,KO,F,100,69.97
2025-12-29,9:45:07.768343949,T,KO,F I,25,69.97
2025-12-29,9:45:07.768984625,T,KO,I,37,69.97
2025-12-29,9:45:07.768987872,T,KO,,100,69.97
2025-12-29,9:45:07.768990600,T,KO,,100,69.97
2025-12-29,9:45:07.768990600,T,KO,I,25,69.97
2025-12-29,9:45:07.769071794,T,KO,I,75,69.97
2025-12-29,9:45:07.769098758,T,KO,F,100,69.97
2025-12-29,9:45:07.769102302,T,KO,F,100,69.97
2025-12-29,9:45:07.769104791,T,KO,F I,37,69.97
2025-12-29,9:45:07.769108371,T,KO,F,100,69.97
2025-12-29,9:45:07.769108371,T,KO,F I,37,69.97
2025-12-29,9:45:10.958413661,T,KO,I,1,69.975
2025-12-29,9:45:11.862502003,T,KO,F,200,69.98
2025-12-29,9:45:11.863548829,T,KO,I,37,69.99
2025-12-29,9:45:11.865015864,T,KO,,100,69.985
2025-12-29,9:45:11.865088103,T,KO,,100,69.99
2025-12-29,9:45:18.839899697,T,KO,,100,69.985
2025-12-29,9:45:20.853733251,T,KO,F,100,69.98
2025-12-29,9:45:20.853736057,T,KO,F I,5,69.98
2025-12-29,9:45:20.874184938,T,KO,F I,38,69.98
2025-12-29,9:45:20.874187937,T,KO,F I,25,69.98
2025-12-29,9:45:23.034863732,T,KO,I,60,69.99
2025-12-29,9:45:23.034884728,T,KO,F I,40,69.99
2025-12-29,9:45:25.190103015,T,KO,I,7,70.0
2025-12-29,9:45:25.190103015,T,KO,I,6,70.0
2025-12-29,9:45:25.190108735,T,KO,I,30,70.0
2025-12-29,9:45:25.190112093,T,KO,F I,70,70.0
2025-12-29,9:45:25.190599784,T,KO,F I,39,70.0
2025-12-29,9:45:25.190604957,T,KO,F,100,70.0
2025-12-29,9:45:25.190608513,T,KO,F I,38,70.0
2025-12-29,9:45:25.190608513,T,KO,F,100,70.0
2025-12-29,9:45:25.190610991,T,KO,F I,23,70.0
2025-12-29,9:45:25.190626073,T,KO,,100,70.0
2025-12-29,9:45:25.190644244,T,KO,I,77,70.0
2025-12-29,9:45:25.190806640,T,KO,F I,23,69.995
2025-12-29,9:45:25.190809558,T,KO,F I,1,70.0
2025-12-29,9:45:25.190812497,T,KO,F I,20,70.0
2025-12-29,9:45:28.263474477,T,KO,I,2,69.995
2025-12-29,9:45:29.430808765,T,KO,F I,25,69.99
2025-12-29,9:45:29.432808676,T,KO,F,100,69.98
2025-12-29,9:45:29.432808676,T,KO,F,200,69.98
2025-12-29,9:45:33.415194132,T,KO,,100,69.97
2025-12-29,9:45:33.415194132,T,KO,I,25,69.97
2025-12-29,9:45:33.491663056,T,KO,I,38,69.97
2025-12-29,9:45:33.491663056,T,KO,I,18,69.97
2025-12-29,9:45:35.368489259,T,KO,,100,69.975
2025-12-29,9:45:40.735636022,T,KO,F I,28,69.98
2025-12-29,9:45:41.080280816,T,KO,F I,72,69.98
2025-12-29,9:45:41.086665543,T,KO,F,100,69.98
2025-12-29,9:45:41.086665543,T,KO,F I,35,69.98
2025-12-29,9:45:41.086668064,T,KO,F,100,69.975
2025-12-29,9:45:41.086670986,T,KO,F I,75,69.975
2025-12-29,9:45:46.993242406,T,KO,I,25,69.975
2025-12-29,9:45:50.449449021,T,KO,I,3,69.97
2025-12-29,9:45:50.449452006,T,KO,,100,69.97
2025-12-29,9:45:50.451983990,T,KO,I,1,69.975
2025-12-29,9:45:53.459363039,T,KO,F I,61,69.975
2025-12-29,9:45:53.607206666,T,KO,I,2,69.975
2025-12-29,9:45:54.089675734,T,KO,,100,69.975
2025-12-29,9:45:54.091928044,T,KO,I,25,69.975
2025-12-29,9:45:54.092370112,T,KO,F I,29,69.975
2025-12-29,9:45:54.339656070,T,KO,I,50,69.99
2025-12-29,9:45:54.339661042,T,KO,I,25,69.99
2025-12-29,9:45:54.346180669,T,KO,F,100,69.995
2025-12-29,9:45:54.346184578,T,KO,F I,34,69.99
2025-12-29,9:45:54.346187521,T,KO,F I,9,69.99
2025-12-29,9:45:54.346187521,T,KO,F I,25,69.99
2025-12-29,9:45:54.351870128,T,KO,,100,69.985
2025-12-29,9:45:54.353924012,T,KO,,100,69.985
2025-12-29,9:45:59.186382432,T,KO,I,2,69.985
2025-12-29,9:46:01.131697337,T,KO,I,34,69.99
2025-12-29,9:46:01.215167193,T,KO,I,2,69.995
2025-12-29,9:46:03.129090549,T,KO,,100,69.995
2025-12-29,9:46:03.474713601,T,KO,,100,69.99
2025-12-29,9:46:03.474716282,T,KO,I,9,69.99
2025-12-29,9:46:03.474718809,T,KO,,100,69.99
2025-12-29,9:46:03.474718809,T,KO,I,25,69.99
2025-12-29,9:46:03.474721734,T,KO,I,3,69.99
2025-12-29,9:46:03.474731454,T,KO,I,1,69.99
2025-12-29,9:46:06.498708841,T,KO,I,2,69.985
2025-12-29,9:46:09.278637583,T,KO,I,9,69.99
2025-12-29,9:46:09.278637583,T,KO,I,20,69.99
2025-12-29,9:46:09.278658692,T,KO,I,53,69.99
2025-12-29,9:46:09.278661774,T,KO,I,8,69.99
2025-12-29,9:46:11.296365132,T,KO,I,4,70.0
2025-12-29,9:46:11.834499751,T,KO,I,1,70.01
2025-12-29,9:46:11.834502851,T,KO,I,24,70.01
2025-12-29,9:46:11.946125616,T,KO,I,50,70.02
2025-12-29,9:46:11.946128680,T,KO,I,25,70.02
2025-12-29,9:46:11.946128680,T,KO,I,25,70.02
2025-12-29,9:46:11.946144023,T,KO,I,75,70.02
2025-12-29,9:46:11.946438430,T,KO,,100,70.02
2025-12-29,9:46:14.317248797,T,KO,F I,5,70.03
2025-12-29,9:46:25.095296456,T,KO,,100,70.045
2025-12-29,9:46:28.844167327,T,KO,F,100,70.05
2025-12-29,9:46:28.844167327,T,KO,F,100,70.045
2025-12-29,9:46:28.844172448,T,KO,F,100,70.045
2025-12-29,9:46:28.844172448,T,KO,F,100,70.04
2025-12-29,9:46:28.844176050,T,KO,F I,25,70.04
2025-12-29,9:46:28.844178785,T,KO,F I,12,70.04
2025-12-29,9:46:28.844181829,T,KO,F,120,70.04
2025-12-29,9:46:28.844181829,T,KO,F I,1,70.04
2025-12-29,9:46:28.844187147,T,KO,I,1,70.04
2025-12-29,9:46:28.844193163,T,KO,F I,48,70.04
2025-12-29,9:46:28.844196164,T,KO,F I,51,70.04
2025-12-29,9:46:28.844214773,T,KO,I,75,70.045
2025-12-29,9:46:28.844214773,T,KO,F I,25,70.045
2025-12-29,9:46:28.844241307,T,KO,F I,50,70.04
2025-12-29,9:46:28.844656412,T,KO,F I,27,70.04
2025-12-29,9:46:28.844716470,T,KO,F I,73,70.04
2025-12-29,9:46:28.844719423,T,KO,F I,69,70.04
2025-12-29,9:46:28.844737464,T,KO,F I,31,70.04
2025-12-29,9:46:28.844740486,T,KO,F I,27,70.04
2025-12-29,9:46:32.312028422,T,KO,I,6,70.06
2025-12-29,9:46:32.312422870,T,KO,I,25,70.07
2025-12-29,9:46:32.347723817,T,KO,F,200,70.065
2025-12-29,9:46:32.347726806,T,KO,F,100,70.06
2025-12-29,9:46:32.347729446,T,KO,F I,35,70.06
2025-12-29,9:46:32.347732482,T,KO,F I,25,70.06
2025-12-29,9:46:32.347741854,T,KO,I,1,70.06
2025-12-29,9:46:32.379100254,T,KO,,100,70.065
2025-12-29,9:46:33.611910275,T,KO,F I,35,70.07
2025-12-29,9:46:34.171507052,T,KO,I,38,70.065
2025-12-29,9:46:45.540618616,T,KO,F I,50,70.06
2025-12-29,9:46:45.540621662,T,KO,F,400,70.06
2025-12-29,9:46:46.497801778,T,KO,I,25,70.03
2025-12-29,9:46:46.497804266,T,KO,I,42,70.03
2025-12-29,9:46:46.946214173,T,KO,F,100,70.02
2025-12-29,9:46:46.946217161,T,KO,F I,30,70.02
2025-12-29,9:46:46.946232292,T,KO,F I,19,70.02
2025-12-29,9:46:46.946235620,T,KO,I,1,70.02
2025-12-29,9:46:46.946238540,T,KO,I,19,70.02
2025-12-29,9:46:47.248235575,T,KO,F,200,70.005
2025-12-29,9:46:47.248238422,T,KO,F I,50,70.005
2025-12-29,9:46:47.658562701,T,KO,,100,70.005
2025-12-29,9:46:47.726088511,T,KO,I,1,70.005
2025-12-29,9:46:48.800316081,T,KO,,100,70.005
2025-12-29,9:46:49.453490191,T,KO,,100,70.0
2025-12-29,9:46:49.453490191,T,KO,,100,70.0
2025-12-29,9:46:49.839374688,T,KO,I,31,69.995
2025-12-29,9:46:53.029318239,T,KO,I,50,70.01
2025-12-29,9:46:53.029318239,T,KO,I,25,70.01
2025-12-29,9:46:53.092285134,T,KO,,100,70.01
2025-12-29,9:46:53.092285134,T,KO,I,37,70.01
2025-12-29,9:46:53.092288284,T,KO,I,25,70.01
2025-12-29,9:46:55.403364320,T,KO,I,37,70.0
2025-12-29,9:47:18.282237507,T,KO,F,100,70.035
2025-12-29,9:47:21.803221138,T,KO,,300,70.04
2025-12-29,9:47:21.803483216,T,KO,,100,70.04
2025-12-29,9:47:23.125332020,T,KO,F,200,70.04
2025-12-29,9:47:23.125614673,T,KO,I,96,70.04
2025-12-29,9:47:23.125632640,T,KO,I,1,70.04
2025-12-29,9:47:23.125635706,T,KO,I,3,70.04
2025-12-29,9:47:23.125635706,T,KO,I,97,70.04
2025-12-29,9:47:24.821747289,T,KO,I,32,70.04
2025-12-29,9:47:35.535471710,T,KO,I,14,70.05
2025-12-29,9:47:35.535474775,T,KO,I,46,70.05
2025-12-29,9:47:36.830731567,T,KO,I,54,70.05
2025-12-29,9:47:36.830734631,T,KO,I,1,70.05
2025-12-29,9:47:42.911772539,T,KO,F,100,70.04
2025-12-29,9:47:42.911775568,T,KO,F I,7,70.04
2025-12-29,9:47:42.911782115,T,KO,F I,12,70.04
2025-12-29,9:47:42.911784764,T,KO,F I,12,70.04
2025-12-29,9:47:42.911784764,T,KO,F I,21,70.04
2025-12-29,9:47:42.911853691,T,KO,F I,3,70.04
2025-12-29,9:47:51.081294013,T,KO,F,200,70.03
2025-12-29,9:47:51.081296791,T,KO,F I,19,70.03
2025-12-29,9:47:51.081296791,T,KO,F,100,70.03
2025-12-29,9:48:03.535825152,T,KO,,100,70.04
2025-12-29,9:48:03.535834119,T,KO,I,1,70.04
2025-12-29,9:48:03.535840113,T,KO,I,2,70.04
2025-12-29,9:48:03.535840113,T,KO,,100,70.04
2025-12-29,9:48:06.805253845,T,KO,I,1,70.03
2025-12-29,9:48:06.805274823,T,KO,F I,99,70.03
2025-12-29,9:48:12.846040794,T,KO,I,3,70.03
2025-12-29,9:48:17.847465429,T,KO,,100,70.045
2025-12-29,9:48:18.875160110,T,KO,I,50,70.05
2025-12-29,9:48:19.567102043,T,KO,I,29,70.045
2025-12-29,9:48:20.019634814,T,KO,F I,40,70.05
2025-12-29,9:48:25.821656290,T,KO,I,20,70.055
2025-12-29,9:48:28.669751370,T,KO,I,20,70.055
2025-12-29,9:48:30.439228691,T,KO,F I,20,70.06
2025-12-29,9:48:35.460001390,T,KO,,100,70.055
2025-12-29,9:48:35.577233351,T,KO,F I,3,70.05
2025-12-29,9:48:35.577239085,T,KO,F,300,70.05
2025-12-29,9:48:35.577239085,T,KO,F I,1,70.05
2025-12-29,9:48:35.577241580,T,KO,F,100,70.05
2025-12-29,9:48:35.577241580,T,KO,F,100,70.05
2025-12-29,9:48:35.577244565,T,KO,F I,31,70.05
2025-12-29,9:48:37.772677375,T,KO,I,10,70.05
2025-12-29,9:48:37.811499804,T,KO,,100,70.045
2025-12-29,9:48:43.835281301,T,KO,I,30,70.05
2025-12-29,9:48:46.412085689,T,KO,I,9,70.05
2025-12-29,9:48:46.412085689,T,KO,,100,70.05
2025-12-29,9:48:46.412669023,T,KO,,100,70.05
2025-12-29,9:48:46.412669023,T,KO,I,39,70.05
2025-12-29,9:48:46.412671846,T,KO,I,1,70.05
2025-12-29,9:48:46.412693159,T,KO,I,8,70.05
2025-12-29,9:48:46.412693159,T,KO,I,92,70.05
2025-12-29,9:48:46.412696212,T,KO,I,1,70.05
2025-12-29,9:48:46.413441827,T,KO,F I,1,70.05
2025-12-29,9:48:46.413444772,T,KO,F I,9,70.05
2025-12-29,9:48:46.413444772,T,KO,F I,39,70.05
2025-12-29,9:48:47.459609224,T,KO,I,16,70.05
2025-12-29,9:48:49.040417524,T,KO,,200,70.05
2025-12-29,9:48:50.038470301,T,KO,F I,50,70.055
2025-12-29,9:48:50.038491315,T,KO,F I,50,70.055
2025-12-29,9:48:50.039547041,T,KO,,100,70.06
2025-12-29,9:48:50.039547041,T,KO,,100,70.06
2025-12-29,9:48:50.039549755,T,KO,I,10,70.06
2025-12-29,9:48:50.827747936,T,KO,I,8,70.06
2025-12-29,9:48:56.348374201,T,KO,,100,70.055
2025-12-29,9:49:07.231131152,T,KO,,100,70.065
2025-12-29,9:49:08.879413744,T,KO,F,100,70.07
2025-12-29,9:49:08.888567574,T,KO,F I,82,70.075
2025-12-29,9:49:08.889036718,T,KO,I,50,70.08
2025-12-29,9:49:08.889036718,T,KO,I,6,70.08
2025-12-29,9:49:08.889039710,T,KO,I,1,70.08
2025-12-29,9:49:08.900139087,T,KO,,200,70.075
2025-12-29,9:49:09.592300550,T,KO,,100,70.075
2025-12-29,9:49:10.053728513,T,KO,,100,70.075
2025-12-29,9:49:13.072164520,T,KO,,100,70.075
2025-12-29,9:49:16.289121183,T,KO,I,51,70.075
2025-12-29,9:49:16.766935150,T,KO,,100,70.075
2025-12-29,9:49:18.051281995,T,KO,,100,70.075
2025-12-29,9:49:18.902113539,T,KO,F I,9,70.07
2025-12-29,9:49:18.902116323,T,KO,F I,25,70.07
2025-12-29,9:49:18.902119343,T,KO,F I,9,70.07
2025-12-29,9:49:18.902119343,T,KO,F,100,70.07
2025-12-29,9:49:18.902182545,T,KO,I,51,70.07
2025-12-29,9:49:18.902248875,T,KO,F,100,70.07
2025-12-29,9:49:18.903295224,T,KO,,100,70.07
2025-12-29,9:49:18.903319259,T,KO,I,42,70.07
2025-12-29,9:49:18.903319259,T,KO,I,18,70.07
2025-12-29,9:49:18.903322282,T,KO,I,14,70.07
2025-12-29,9:49:18.903326845,T,KO,I,9,70.07
2025-12-29,9:49:18.903326845,T,KO,I,17,70.07
2025-12-29,9:49:18.903328326,T,KO,I,1,70.07
2025-12-29,9:49:22.452723662,T,KO,F I,7,70.075
2025-12-29,9:49:31.586494545,T,KO,I,20,70.08
2025-12-29,9:49:31.586888138,T,KO,I,4,70.08
2025-12-29,9:49:35.942305292,T,KO,,100,70.085
2025-12-29,9:49:41.110016960,T,KO,I,5,70.095
2025-12-29,9:49:42.467552194,T,KO,I,38,70.09
2025-12-29,9:49:42.467555829,T,KO,I,51,70.09
2025-12-29,9:49:42.467558151,T,KO,I,10,70.09
2025-12-29,9:49:42.467729585,T,KO,,100,70.09
2025-12-29,9:49:42.467750917,T,KO,I,49,70.09
2025-12-29,9:49:42.467750917,T,KO,I,22,70.09
2025-12-29,9:49:42.467753684,T,KO,I,23,70.09
2025-12-29,9:49:42.467756792,T,KO,I,6,70.09
2025-12-29,9:49:42.467756792,T,KO,I,1,70.09
2025-12-29,9:49:42.741137736,T,KO,I,6,70.09
2025-12-29,9:49:47.854161698,T,KO,F,100,70.08
2025-12-29,9:49:47.854161698,T,KO,F I,49,70.08
2025-12-29,9:49:48.929441148,T,KO,,200,70.075
2025-12-29,9:49:55.108320218,T,KO,,100,70.075
2025-12-29,9:49:56.972526089,T,KO,F,100,70.07
2025-12-29,9:49:56.972529091,T,KO,F I,12,70.07
2025-12-29,9:49:56.972544140,T,KO,F I,12,70.07
2025-12-29,9:49:56.972547334,T,KO,I,1,70.07
2025-12-29,9:49:56.972559145,T,KO,F I,12,70.07
2025-12-29,9:49:56.973566485,T,KO,I,75,70.07
2025-12-29,9:49:56.973566485,T,KO,I,25,70.07
2025-12-29,9:49:56.973747133,T,KO,I,75,70.07
2025-12-29,9:49:56.973747133,T,KO,I,25,70.07
2025-12-29,9:49:56.974345527,T,KO,,100,70.07
2025-12-29,9:49:56.974348443,T,KO,I,49,70.07
2025-12-29,9:49:56.974351425,T,KO,I,9,70.07
2025-12-29,9:49:56.974354447,T,KO,I,14,70.07
2025-12-29,9:49:56.974354447,T,KO,I,25,70.07
2025-12-29,9:50:03.999668659,T,KO,F I,9,70.07
2025-12-29,9:50:03.999668659,T,KO,F I,49,70.07
2025-12-29,9:50:03.999671383,T,KO,F I,2,70.07
2025-12-29,9:50:03.999692409,T,KO,F I,7,70.07
2025-12-29,9:50:03.999710404,T,KO,F I,66,70.07
2025-12-29,9:50:03.999710404,T,KO,F I,9,70.07
2025-12-29,9:50:03.999713747,T,KO,F,100,70.07
2025-12-29,9:50:03.999713747,T,KO,F I,25,70.07
2025-12-29,9:50:03.999713747,T,KO,F,100,70.07
2025-12-29,9:50:04.000074299,T,KO,F I,1,70.07
2025-12-29,9:50:04.000155534,T,KO,I,15,70.07
2025-12-29,9:50:16.791912745,T,KO,,200,70.055
2025-12-29,9:50:23.632914678,T,KO,I,20,70.07
2025-12-29,9:50:33.372054449,T,KO,F I,9,70.07
2025-12-29,9:50:33.372057084,T,KO,F,100,70.07
2025-12-29,9:50:33.372060205,T,KO,F I,24,70.07
2025-12-29,9:50:33.372060205,T,KO,F I,1,70.07
2025-12-29,9:50:33.372063466,T,KO,F,100,70.07
2025-12-29,9:50:33.372078373,T,KO,I,1,70.07
2025-12-29,9:50:33.372132341,T,KO,F I,8,70.07
2025-12-29,9:50:33.372195490,T,KO,I,91,70.07
2025-12-29,9:50:33.372195490,T,KO,,100,70.07
2025-12-29,9:50:38.607422109,T,KO,F I,20,70.06
2025-12-29,9:50:38.607424345,T,KO,F I,50,70.06
2025-12-29,9:50:38.607424345,T,KO,F I,24,70.06
2025-12-29,9:50:38.607532339,T,KO,F I,2,70.06
2025-12-29,9:50:40.082335180,T,KO,F I,20,70.05
2025-12-29,9:50:40.082335180,T,KO,F,100,70.05
2025-12-29,9:50:40.082352871,T,KO,F,100,70.05
2025-12-29,9:50:40.082356121,T,KO,F I,26,70.05
2025-12-29,9:50:40.082359090,T,KO,I,1,70.05
2025-12-29,9:50:40.082410021,T,KO,F I,4,70.05
2025-12-29,9:50:40.082440030,T,KO,F I,69,70.05
2025-12-29,9:50:40.093431286,T,KO,I,25,70.045
2025-12-29,9:50:52.140997501,T,KO,,100,70.045
2025-12-29,9:50:53.327515265,T,KO,F I,9,70.05
2025-12-29,9:50:53.327561001,T,KO,,100,70.06
2025-12-29,9:50:53.327561001,T,KO,I,25,70.06
2025-12-29,9:50:53.327563445,T,KO,I,36,70.06
2025-12-29,9:50:53.327578408,T,KO,I,1,70.06
2025-12-29,9:50:54.428344195,T,KO,F I,25,70.07
2025-12-29,9:50:54.428344195,T,KO,F I,50,70.07
2025-12-29,9:50:54.523099811,T,KO,F I,23,70.08
2025-12-29,9:50:54.523102704,T,KO,F,200,70.08
2025-12-29,9:50:54.523105660,T,KO,F I,20,70.08
2025-12-29,9:50:54.523105660,T,KO,F I,6,70.08
2025-12-29,9:50:55.033466249,T,KO,I,24,70.09
2025-12-29,9:51:01.344077869,T,KO,I,4,70.1
2025-12-29,9:51:01.344077869,T,KO,,600,70.1
2025-12-29,9:51:01.344083053,T,KO,,100,70.1
2025-12-29,9:51:01.344083053,T,KO,,251,70.1
2025-12-29,9:51:01.344100989,T,KO,I,1,70.1
2025-12-29,9:51:01.344103956,T,KO,,294,70.1
2025-12-29,9:51:01.344118992,T,KO,,105,70.1
2025-12-29,9:51:01.344792651,T,KO,F I,57,70.1
2025-12-29,9:51:01.344795697,T,KO,F,100,70.1
2025-12-29,9:51:02.348679678,T,KO,F,300,70.09
2025-12-29,9:51:02.348679678,T,KO,F I,12,70.09
2025-12-29,9:51:02.348685634,T,KO,F I,9,70.09
2025-12-29,9:51:02.348685634,T,KO,F,200,70.09
2025-12-29,9:51:02.348688891,T,KO,F,100,70.09
2025-12-29,9:51:02.348688891,T,KO,F I,25,70.09
2025-12-29,9:51:02.348700597,T,KO,F I,75,70.09
2025-12-29,9:51:07.383056710,T,KO,I,57,70.085
2025-12-29,9:51:08.443192663,T,KO,,100,70.085
2025-12-29,9:51:14.593620914,T,KO,,100,70.085
2025-12-29,9:51:17.155455526,T,KO,F I,57,70.09
2025-12-29,9:51:17.156116859,T,KO,I,57,70.09
2025-12-29,9:51:23.144107150,T,KO,,100,70.095
2025-12-29,9:51:23.524835365,T,KO,I,9,70.09
2025-12-29,9:51:23.524835365,T,KO,I,25,70.09
2025-12-29,9:51:23.524838279,T,KO,,100,70.09
2025-12-29,9:51:23.524841420,T,KO,I,41,70.09
2025-12-29,9:51:23.524841420,T,KO,I,24,70.09
2025-12-29,9:51:23.524844071,T,KO,,100,70.09
2025-12-29,9:51:23.525460838,T,KO,,100,70.09
2025-12-29,9:51:23.525460838,T,KO,I,57,70.09
2025-12-29,9:51:23.525463484,T,KO,,100,70.09
2025-12-29,9:51:25.360316420,T,KO,F,247,70.1
2025-12-29,9:51:25.360334442,T,KO,I,1,70.1
2025-12-29,9:51:25.360337466,T,KO,,100,70.1
2025-12-29,9:51:25.360341262,T,KO,F,245,70.1
2025-12-29,9:51:25.360341262,T,KO,I,7,70.1
2025-12-29,9:51:25.360343505,T,KO,I,12,70.1
2025-12-29,9:51:25.360385592,T,KO,I,3,70.1
2025-12-29,9:51:25.360392203,T,KO,I,7,70.1
2025-12-29,9:51:25.360418653,T,KO,F I,30,70.1
2025-12-29,9:51:25.360457782,T,KO,F I,48,70.1
2025-12-29,9:51:28.005626693,T,KO,I,7,70.105
2025-12-29,9:51:31.134533574,T,KO,F,100,70.105
2025-12-29,9:51:31.134605722,T,KO,F I,32,70.11
2025-12-29,9:51:31.134608856,T,KO,F I,20,70.11
2025-12-29,9:51:31.134608856,T,KO,F I,21,70.11
2025-12-29,9:51:31.134641784,T,KO,I,41,70.11
2025-12-29,9:51:32.314219917,T,KO,F I,72,70.11
2025-12-29,9:51:32.314219917,T,KO,F,100,70.11
2025-12-29,9:51:32.314222306,T,KO,F,100,70.11
2025-12-29,9:51:32.314225223,T,KO,F I,34,70.11
2025-12-29,9:51:34.537363247,T,KO,F,100,70.1
2025-12-29,9:51:34.537366112,T,KO,F,200,70.1
2025-12-29,9:51:34.537369053,T,KO,F I,72,70.1
2025-12-29,9:51:34.537369053,T,KO,F I,25,70.1
2025-12-29,9:51:34.537371969,T,KO,F I,3,70.1
2025-12-29,9:51:34.537381015,T,KO,I,1,70.1
2025-12-29,9:51:37.346695848,T,KO,I,50,70.11
2025-12-29,9:51:37.657861831,T,KO,F I,13,70.11
2025-12-29,9:51:38.546375992,T,KO,I,25,70.105
2025-12-29,9:51:40.409496430,T,KO,I,23,70.11
2025-12-29,9:51:41.352019161,T,KO,F I,52,70.11
2025-12-29,9:51:43.664487783,T,KO,F,100,70.1
2025-12-29,9:51:43.664490815,T,KO,F,100,70.1
2025-12-29,9:51:43.664493703,T,KO,F I,9,70.1
2025-12-29,9:51:43.664493703,T,KO,F I,52,70.1
2025-12-29,9:51:43.664517682,T,KO,I,1,70.1
2025-12-29,9:51:43.664839488,T,KO,F,199,70.1
2025-12-29,9:51:43.664839488,T,KO,F I,62,70.1
2025-12-29,9:51:43.665567154,T,KO,I,56,70.1
2025-12-29,9:51:43.668363890,T,KO,I,38,70.1
2025-12-29,9:51:46.366585106,T,KO,,200,70.105
2025-12-29,9:51:46.799014946,T,KO,I,25,70.11
2025-12-29,9:51:47.243290051,T,KO,F I,56,70.11
2025-12-29,9:51:47.243293098,T,KO,F,244,70.11
2025-12-29,9:51:47.243311067,T,KO,I,1,70.11
2025-12-29,9:51:53.687791645,T,KO,I,40,70.12
2025-12-29,9:51:53.687791645,T,KO,,100,70.12
2025-12-29,9:51:53.687809658,T,KO,,100,70.12
2025-12-29,9:51:53.687815701,T,KO,I,1,70.12
2025-12-29,9:51:53.687830767,T,KO,I,67,70.12
2025-12-29,9:51:53.747688271,T,KO,I,52,70.12
2025-12-29,9:51:53.747694585,T,KO,I,19,70.12
2025-12-29,9:51:53.747697368,T,KO,,120,70.12
2025-12-29,9:51:53.747697368,T,KO,,100,70.12
2025-12-29,9:51:56.160511790,T,KO,I,62,70.115
2025-12-29,9:51:58.872884738,T,KO,,100,70.12
2025-12-29,9:51:58.872884738,T,KO,I,19,70.12
2025-12-29,9:51:58.872887688,T,KO,I,52,70.12
2025-12-29,9:51:58.872900106,T,KO,F,106,70.12
2025-12-29,9:51:58.872905742,T,KO,I,26,70.12
2025-12-29,9:51:59.457047033,T,KO,I,1,70.125
2025-12-29,9:52:02.210287589,T,KO,F I,30,70.13
2025-12-29,9:52:02.210287589,T,KO,F I,24,70.13
2025-12-29,9:52:02.210290702,T,KO,F I,6,70.13
2025-12-29,9:52:02.210293243,T,KO,F I,20,70.13
2025-12-29,9:52:02.761073018,T,KO,F I,10,70.13
2025-12-29,9:52:02.761957368,T,KO,,100,70.135
2025-12-29,9:52:02.761960473,T,KO,,100,70.13
2025-12-29,9:52:02.761963734,T,KO,I,51,70.13
2025-12-29,9:52:02.761969219,T,KO,,100,70.13
2025-12-29,9:52:02.761969219,T,KO,I,48,70.13
2025-12-29,9:52:02.761972196,T,KO,,100,70.13
2025-12-29,9:52:02.761975218,T,KO,,100,70.13
2025-12-29,9:52:02.761975218,T,KO,,100,70.13
2025-12-29,9:52:02.761978985,T,KO,I,73,70.13
2025-12-29,9:52:02.761981268,T,KO,I,1,70.13
2025-12-29,9:52:02.762751071,T,KO,F,100,70.13
2025-12-29,9:52:02.762757065,T,KO,F I,51,70.13
2025-12-29,9:52:02.762757065,T,KO,F I,50,70.13
2025-12-29,9:52:02.762760024,T,KO,F,300,70.135
2025-12-29,9:52:02.762763308,T,KO,F,100,70.135
2025-12-29,9:52:02.762766628,T,KO,F,100,70.135
2025-12-29,9:52:02.762766628,T,KO,F I,50,70.14
2025-12-29,9:52:02.762769979,T,KO,F,100,70.14
2025-12-29,9:52:02.762772413,T,KO,F,300,70.14
2025-12-29,9:52:02.762772413,T,KO,F I,14,70.14
2025-12-29,9:52:02.764798932,T,KO,I,50,70.14
2025-12-29,9:52:02.766116090,T,KO,F,100,70.15
2025-12-29,9:52:02.766119269,T,KO,F,100,70.15
2025-12-29,9:52:02.766119269,T,KO,F I,25,70.15
2025-12-29,9:52:02.766122151,T,KO,F,500,70.15
2025-12-29,9:52:04.298346337,T,KO,I,2,70.16
2025-12-29,9:52:05.970562939,T,KO,I,25,70.16
2025-12-29,9:52:05.970562939,T,KO,,100,70.16
2025-12-29,9:52:13.056110306,T,KO,,100,70.155
2025-12-29,9:52:16.206719951,T,KO,F I,7,70.15
2025-12-29,9:52:16.206719951,T,KO,F,100,70.15
2025-12-29,9:52:16.206723958,T,KO,F I,12,70.15
2025-12-29,9:52:16.207273713,T,KO,I,47,70.15
2025-12-29,9:52:16.207273713,T,KO,I,20,70.15
2025-12-29,9:52:16.207276454,T,KO,I,48,70.15
2025-12-29,9:52:16.207276454,T,KO,I,5,70.15
2025-12-29,9:52:16.207294468,T,KO,I,1,70.15
2025-12-29,9:52:16.207294468,T,KO,I,74,70.15
2025-12-29,9:52:16.394213961,T,KO,I,40,70.15
2025-12-29,9:52:16.394213961,T,KO,I,47,70.15
2025-12-29,9:52:16.394216613,T,KO,I,17,70.15
2025-12-29,9:52:16.394219556,T,KO,,100,70.15
2025-12-29,9:52:19.103895155,T,KO,F,100,70.14
2025-12-29,9:52:19.103898090,T,KO,F I,5,70.14
2025-12-29,9:52:19.103901127,T,KO,F,200,70.14
2025-12-29,9:52:25.916987541,T,KO,F,100,70.13
2025-12-29,9:52:25.916987541,T,KO,F I,1,70.13
2025-12-29,9:52:25.917038755,T,KO,I,20,70.135
2025-12-29,9:52:25.917243243,T,KO,F I,4,70.13
2025-12-29,9:52:25.917579973,T,KO,I,44,70.13
2025-12-29,9:52:25.917579973,T,KO,I,76,70.13
2025-12-29,9:52:25.918834204,T,KO,F,100,70.13
2025-12-29,9:52:25.918837531,T,KO,F I,44,70.13
2025-12-29,9:52:25.918840441,T,KO,F,100,70.13
2025-12-29,9:52:25.918842959,T,KO,F I,20,70.13
2025-12-29,9:52:25.918842959,T,KO,F I,44,70.13
2025-12-29,9:52:25.918846513,T,KO,F,100,70.13
2025-12-29,9:52:26.428484785,T,KO,F,100,70.12
2025-12-29,9:52:26.571211438,T,KO,F I,15,70.11
2025-12-29,9:52:26.571211438,T,KO,F I,40,70.11
2025-12-29,9:52:26.571583635,T,KO,F I,7,70.11
2025-12-29,9:52:27.188148012,T,KO,I,44,70.11
2025-12-29,9:52:27.188151022,T,KO,I,20,70.11
2025-12-29,9:52:29.887202274,T,KO,F,100,70.11
2025-12-29,9:52:29.887202274,T,KO,F I,14,70.11
2025-12-29,9:52:29.887220402,T,KO,I,1,70.11
2025-12-29,9:52:29.887235371,T,KO,I,22,70.12
2025-12-29,9:52:31.474226058,T,KO,I,50,70.125
2025-12-29,9:52:33.985843803,T,KO,I,29,70.125
2025-12-29,9:52:33.985988153,T,KO,I,1,70.125
2025-12-29,9:52:33.986012184,T,KO,I,50,70.125
2025-12-29,9:52:33.986105406,T,KO,I,20,70.125
2025-12-29,9:52:33.986109041,T,KO,,200,70.125
2025-12-29,9:52:33.986109041,T,KO,I,29,70.125
2025-12-29,9:52:33.986111389,T,KO,I,1,70.125
2025-12-29,9:52:34.766286609,T,KO,,100,70.135
2025-12-29,9:52:39.475273739,T,KO,F,100,70.13
2025-12-29,9:52:39.475273739,T,KO,F I,8,70.13
2025-12-29,9:52:39.700299688,T,KO,I,39,70.13
2025-12-29,9:52:40.874846006,T,KO,I,75,70.115
2025-12-29,9:52:41.838879146,T,KO,I,2,70.11
2025-12-29,9:52:42.101106698,T,KO,I,5,70.115
2025-12-29,9:52:46.167788237,T,KO,F I,12,70.115
2025-12-29,9:52:50.074133555,T,KO,F I,14,70.11
2025-12-29,9:52:54.693841782,T,KO,F,100,70.11
2025-12-29,9:52:54.693856195,T,KO,F I,12,70.11
2025-12-29,9:52:57.036769282,T,KO,F,100,70.11
2025-12-29,9:52:57.036769282,T,KO,F,100,70.11
2025-12-29,9:52:57.189866856,T,KO,I,39,70.105
2025-12-29,9:53:00.374746208,T,KO,I,41,70.105
2025-12-29,9:53:00.755804706,T,KO,I,32,70.1
2025-12-29,9:53:00.755807740,T,KO,I,86,70.1
2025-12-29,9:53:00.755810745,T,KO,,100,70.1
2025-12-29,9:53:15.038098374,T,KO,F I,20,70.08
2025-12-29,9:53:15.038101722,T,KO,F I,24,70.08
2025-12-29,9:53:15.038104324,T,KO,F,100,70.08
2025-12-29,9:53:15.038104324,T,KO,F I,9,70.08
2025-12-29,9:53:25.268340438,T,KO,F,100,70.07
2025-12-29,9:53:32.218201599,T,KO,,100,70.065
2025-12-29,9:53:34.730035978,T,KO,F I,1,70.065
2025-12-29,9:53:34.730035978,T,KO,F I,5,70.065
2025-12-29,9:53:34.730078084,T,KO,I,94,70.065
2025-12-29,9:53:34.730105066,T,KO,F I,4,70.07
2025-12-29,9:53:39.756017825,T,KO,,200,70.09
2025-12-29,9:53:39.758633398,T,KO,,200,70.095
2025-12-29,9:53:39.758801756,T,KO,,100,70.1
2025-12-29,9:53:39.758816794,T,KO,I,1,70.1
2025-12-29,9:53:41.084428124,T,KO,,100,70.105
2025-12-29,9:53:41.665862841,T,KO,,100,70.105
2025-12-29,9:53:45.327506634,T,KO,,100,70.105
2025-12-29,9:53:46.382088186,T,KO,I,40,70.105
2025-12-29,9:53:49.701444784,T,KO,I,7,70.11
2025-12-29,9:53:49.702091284,T,KO,I,33,70.11
2025-12-29,9:53:54.401242281,T,KO,F,100,70.11
2025-12-29,9:53:54.401245460,T,KO,F I,20,70.11
2025-12-29,9:53:54.401248778,T,KO,F,100,70.11
2025-12-29,9:53:54.401248778,T,KO,F,100,70.11
2025-12-29,9:53:54.401254384,T,KO,F,180,70.11
2025-12-29,9:53:54.401254384,T,KO,F I,12,70.11
2025-12-29,9:53:54.401254384,T,KO,F,100,70.11
2025-12-29,9:53:56.671923120,T,KO,F I,7,70.1
2025-12-29,9:54:01.454658162,T,KO,I,20,70.1
2025-12-29,9:54:01.454658162,T,KO,I,60,70.1
2025-12-29,9:54:09.175513448,T,KO,F,100,70.11
2025-12-29,9:54:09.791199959,T,KO,I,40,70.12
2025-12-29,9:54:09.791202799,T,KO,I,20,70.12
2025-12-29,9:54:09.791205735,T,KO,I,42,70.12
2025-12-29,9:54:16.607040836,T,KO,I,4,70.13
2025-12-29,9:54:17.806161866,T,KO,F I,48,70.15
2025-12-29,9:54:23.149825528,T,KO,I,23,70.16
2025-12-29,9:54:29.057625103,T,KO,F,100,70.18
2025-12-29,9:54:29.057625103,T,KO,F,100,70.18
2025-12-29,9:54:29.057630526,T,KO,F,100,70.18
2025-12-29,9:54:29.057630526,T,KO,F I,20,70.18
2025-12-29,9:54:29.057630526,T,KO,F I,60,70.18
2025-12-29,9:54:29.694177232,T,KO,,200,70.175
2025-12-29,9:54:31.602269596,T,KO,F,120,70.175
2025-12-29,9:54:31.789400267,T,KO,F I,80,70.175
2025-12-29,9:54:31.789400267,T,KO,F I,10,70.18
2025-12-29,9:54:32.574313688,T,KO,F I,10,70.18
2025-12-29,9:54:36.083554664,T,KO,F I,20,70.18
2025-12-29,9:54:36.083557943,T,KO,F,200,70.18
2025-12-29,9:54:36.083575729,T,KO,F,100,70.18
2025-12-29,9:54:40.025093000,T,KO,F I,7,70.18
2025-12-29,9:54:42.173749395,T,KO,,100,70.175
2025-12-29,9:55:01.988541657,T,KO,,100,70.17
2025-12-29,9:55:01.988541657,T,KO,I,5,70.17
2025-12-29,9:55:01.988550643,T,KO,F,100,70.17
2025-12-29,9:55:01.988553691,T,KO,F I,15,70.17
2025-12-29,9:55:01.988559959,T,KO,F I,21,70.17
2025-12-29,9:55:01.988559959,T,KO,I,1,70.17
2025-12-29,9:55:01.988571732,T,KO,F I,33,70.17
2025-12-29,9:55:01.988638233,T,KO,F I,33,70.17
2025-12-29,9:55:01.988641099,T,KO,F I,17,70.17
2025-12-29,9:55:08.989055531,T,KO,,100,70.175
2025-12-29,9:55:17.624256898,T,KO,F I,7,70.17
2025-12-29,9:55:17.624256898,T,KO,F I,63,70.17
2025-12-29,9:55:20.498691672,T,KO,I,40,70.18
2025-12-29,9:55:29.594743409,T,KO,,100,70.175
2025-12-29,9:55:31.267366152,T,KO,F I,20,70.17
2025-12-29,9:55:31.267366152,T,KO,F I,2,70.17
2025-12-29,9:55:31.267369154,T,KO,F,100,70.17
2025-12-29,9:55:31.267372536,T,KO,F I,13,70.17
2025-12-29,9:55:31.267372536,T,KO,F I,87,70.17
2025-12-29,9:55:31.267375229,T,KO,F I,35,70.17
2025-12-29,9:55:31.267378174,T,KO,I,65,70.17
2025-12-29,9:55:31.268451667,T,KO,F,240,70.16
2025-12-29,9:55:31.268451667,T,KO,F I,50,70.16
2025-12-29,9:55:34.107152636,T,KO,I,50,70.15
2025-12-29,9:55:36.972535999,T,KO,,100,70.145
2025-12-29,9:55:38.880402792,T,KO,I,6,70.145
2025-12-29,9:55:40.882021252,T,KO,F I,32,70.14
2025-12-29,9:55:40.882024419,T,KO,F I,90,70.14
2025-12-29,9:55:43.800709333,T,KO,I,11,70.135
2025-12-29,9:55:44.437247376,T,KO,I,5,70.135
2025-12-29,9:55:49.767745839,T,KO,I,7,70.14
2025-12-29,9:55:51.430237399,T,KO,F I,25,70.13
2025-12-29,9:55:51.430243686,T,KO,F I,80,70.13
2025-12-29,9:55:51.430243686,T,KO,F I,6,70.13
2025-12-29,9:55:51.430246622,T,KO,F I,40,70.13
2025-12-29,9:55:51.430249509,T,KO,F,100,70.13
2025-12-29,9:55:51.430249509,T,KO,F I,20,70.13
2025-12-29,9:55:51.430252679,T,KO,F I,27,70.13
2025-12-29,9:55:51.430258519,T,KO,I,1,70.13
2025-12-29,9:55:51.430261543,T,KO,F I,99,70.13
2025-12-29,9:55:51.430265698,T,KO,F,172,70.13
2025-12-29,9:55:51.430273585,T,KO,I,36,70.13
2025-12-29,9:55:51.430282507,T,KO,F I,64,70.13
2025-12-29,9:55:51.430282507,T,KO,F,101,70.13
2025-12-29,9:56:04.559955067,T,KO,,100,70.145
2025-12-29,9:56:07.300334615,T,KO,F,100,70.14
2025-12-29,9:56:07.300334615,T,KO,F I,25,70.14
2025-12-29,9:56:07.300336797,T,KO,F,100,70.14
2025-12-29,9:56:12.105865961,T,KO,,100,70.145
2025-12-29,9:56:14.089657658,T,KO,,100,70.145
2025-12-29,9:56:15.978816976,T,KO,F I,2,70.16
2025-12-29,9:56:24.005509985,T,KO,,100,70.15
2025-12-29,9:56:24.005513882,T,KO,I,24,70.15
2025-12-29,9:56:24.005513882,T,KO,I,15,70.15
2025-12-29,9:56:24.005529070,T,KO,F I,71,70.15
2025-12-29,9:56:24.005529070,T,KO,I,1,70.15
2025-12-29,9:56:24.005552520,T,KO,F I,28,70.15
2025-12-29,9:56:24.005555699,T,KO,F I,72,70.15
2025-12-29,9:56:24.005555699,T,KO,I,28,70.15
2025-12-29,9:56:24.005561161,T,KO,,100,70.15
2025-12-29,9:56:24.005561161,T,KO,I,11,70.15
2025-12-29,9:56:24.005582528,T,KO,F I,89,70.15
2025-12-29,9:56:24.006836208,T,KO,,100,70.145
2025-12-29,9:56:26.035251111,T,KO,F,100,70.14
2025-12-29,9:56:26.035254184,T,KO,F I,25,70.14
2025-12-29,9:56:28.000019890,T,KO,F,100,70.13
2025-12-29,9:56:28.000019890,T,KO,F I,50,70.13
2025-12-29,9:56:28.000025616,T,KO,F I,69,70.13
2025-12-29,9:56:35.564400557,T,KO,,100,70.135
2025-12-29,9:56:40.740800018,T,KO,,200,70.135
2025-12-29,9:56:40.761272803,T,KO,,100,70.145
2025-12-29,9:56:45.496900462,T,KO,I,9,70.155
2025-12-29,9:56:46.442975342,T,KO,F I,20,70.16
2025-12-29,9:56:46.453653207,T,KO,,100,70.165
2025-12-29,9:56:52.310086238,T,KO,,100,70.165
2025-12-29,9:56:53.499436907,T,KO,,100,70.165
2025-12-29,9:56:54.099982287,T,KO,,100,70.165
2025-12-29,9:57:00.427658668,T,KO,I,66,70.17
2025-12-29,9:57:00.428919553,T,KO,F I,39,70.17
2025-12-29,9:57:00.428924782,T,KO,F I,50,70.17
2025-12-29,9:57:00.428924782,T,KO,F I,39,70.17
2025-12-29,9:57:00.428927696,T,KO,F I,8,70.17
2025-12-29,9:57:00.429399866,T,KO,I,25,70.17
2025-12-29,9:57:00.429604391,T,KO,I,75,70.17
2025-12-29,9:57:00.819771540,T,KO,,100,70.165
2025-12-29,9:57:07.272741495,T,KO,,100,70.165
2025-12-29,9:57:07.329664037,T,KO,,100,70.165
2025-12-29,9:57:07.347255917,T,KO,F I,39,70.165
2025-12-29,9:57:07.348891887,T,KO,,100,70.165
2025-12-29,9:57:09.005756922,T,KO,I,5,70.165
2025-12-29,9:57:09.221773444,T,KO,,100,70.165
2025-12-29,9:57:09.221884704,T,KO,I,61,70.165
2025-12-29,9:57:15.809740886,T,KO,F,100,70.16
2025-12-29,9:57:15.809743922,T,KO,F,200,70.16
2025-12-29,9:57:15.809746894,T,KO,F,100,70.16
2025-12-29,9:57:15.809746894,T,KO,F I,7,70.16
2025-12-29,9:57:15.809749940,T,KO,F I,19,70.16
2025-12-29,9:57:15.809753698,T,KO,F I,48,70.16
2025-12-29,9:57:15.809753698,T,KO,F,100,70.16
2025-12-29,9:57:15.809755955,T,KO,F I,6,70.16
2025-12-29,9:57:15.809761942,T,KO,I,1,70.16
2025-12-29,9:57:15.809765166,T,KO,F I,74,70.16
2025-12-29,9:57:15.809771864,T,KO,F I,19,70.16
2025-12-29,9:57:15.809771864,T,KO,F I,55,70.16
2025-12-29,9:57:15.809771864,T,KO,F I,45,70.16
2025-12-29,9:57:15.809984667,T,KO,I,3,70.16
2025-12-29,9:57:15.958033055,T,KO,I,39,70.15
2025-12-29,9:57:16.536463634,T,KO,,200,70.155
2025-12-29,9:57:23.013680342,T,KO,F,100,70.15
2025-12-29,9:57:23.013683823,T,KO,F,100,70.15
2025-12-29,9:57:23.013683823,T,KO,F I,24,70.15
2025-12-29,9:57:23.013686284,T,KO,F I,65,70.15
2025-12-29,9:57:23.013704320,T,KO,I,1,70.15
2025-12-29,9:57:29.329424419,T,KO,I,43,70.145
2025-12-29,9:57:29.355403372,T,KO,I,57,70.145
2025-12-29,9:57:49.662023642,T,KO,F I,60,70.14
2025-12-29,9:57:49.662023642,T,KO,F I,40,70.14
2025-12-29,9:57:49.662026483,T,KO,F,100,70.14
2025-12-29,9:57:49.662026483,T,KO,F I,19,70.14
2025-12-29,9:57:49.662032927,T,KO,F I,8,70.14
2025-12-29,9:57:49.662032927,T,KO,F I,11,70.14
2025-12-29,9:57:49.662032927,T,KO,F I,68,70.14
2025-12-29,9:57:49.662038165,T,KO,F I,32,70.14
2025-12-29,9:57:50.095358137,T,KO,I,1,70.14
2025-12-29,9:57:50.095379219,T,KO,F I,24,70.14
2025-12-29,9:57:52.417070908,T,KO,F I,1,70.14
2025-12-29,9:57:52.417070908,T,KO,F I,69,70.14
2025-12-29,9:58:02.279630179,T,KO,I,69,70.14
2025-12-29,9:58:02.279636140,T,KO,F I,87,70.14
2025-12-29,9:58:02.279648198,T,KO,I,66,70.14
2025-12-29,9:58:07.423684627,T,KO,I,11,70.145
2025-12-29,9:58:14.310852565,T,KO,I,40,70.15
2025-12-29,9:58:15.218173552,T,KO,F I,50,70.16
2025-12-29,9:58:25.529437716,T,KO,F I,19,70.16
2025-12-29,9:58:25.529441312,T,KO,F I,8,70.16
2025-12-29,9:58:25.529441312,T,KO,F I,20,70.16
2025-12-29,9:58:25.529446865,T,KO,F,120,70.16
2025-12-29,9:58:25.529446865,T,KO,F I,63,70.16
2025-12-29,9:58:25.529449931,T,KO,F I,1,70.16
2025-12-29,9:58:25.529449931,T,KO,F,100,70.16
2025-12-29,9:58:25.529452795,T,KO,F I,49,70.16
2025-12-29,9:58:25.529494817,T,KO,F I,52,70.16
2025-12-29,9:58:25.529494817,T,KO,F I,51,70.16
2025-12-29,9:58:34.469502190,T,KO,I,20,70.165
2025-12-29,9:58:35.180984674,T,KO,F I,3,70.17
2025-12-29,9:58:35.180987774,T,KO,F,100,70.17
2025-12-29,9:58:36.171567892,T,KO,I,2,70.17
2025-12-29,9:58:36.171874627,T,KO,I,7,70.17
2025-12-29,9:58:36.171901744,T,KO,I,20,70.17
2025-12-29,9:58:36.171904830,T,KO,I,40,70.17
2025-12-29,9:58:36.196990472,T,KO,I,35,70.17
2025-12-29,9:58:36.196994928,T,KO,,100,70.17
2025-12-29,9:58:36.196999475,T,KO,I,22,70.17
2025-12-29,9:58:36.196999475,T,KO,I,40,70.17
2025-12-29,9:58:37.259959253,T,KO,,100,70.175
2025-12-29,9:58:44.869892479,T,KO,F I,50,70.18
2025-12-29,9:58:45.048538941,T,KO,,100,70.185
2025-12-29,9:58:45.070482149,T,KO,I,35,70.18
2025-12-29,9:58:45.070482149,T,KO,I,30,70.18
2025-12-29,9:58:45.070485249,T,KO,I,5,70.18
2025-12-29,9:58:45.931838666,T,KO,,100,70.18
2025-12-29,9:58:55.820758978,T,KO,,100,70.18
2025-12-29,9:59:01.547285726,T,KO,F,100,70.185
2025-12-29,9:59:01.547285726,T,KO,F I,18,70.19
2025-12-29,9:59:01.547288712,T,KO,F I,25,70.19
2025-12-29,9:59:02.022886434,T,KO,I,15,70.185
2025-12-29,9:59:02.494201921,T,KO,I,3,70.185
2025-12-29,9:59:15.979182825,T,KO,F I,75,70.19
2025-12-29,9:59:15.979185838,T,KO,F I,3,70.19
2025-12-29,9:59:34.335393400,T,KO,,100,70.195
2025-12-29,9:59:34.344354788,T,KO,,100,70.195
2025-12-29,9:59:36.054552434,T,KO,F,100,70.195
2025-12-29,9:59:36.054552434,T,KO,F I,4,70.2
2025-12-29,9:59:36.054558052,T,KO,F I,1,70.2
2025-12-29,9:59:36.054558052,T,KO,F,1500,70.2
2025-12-29,9:59:36.054561002,T,KO,F I,10,70.2
2025-12-29,9:59:36.054563978,T,KO,F,387,70.2
2025-12-29,9:59:36.054576873,T,KO,I,13,70.2
2025-12-29,9:59:36.054576873,T,KO,I,20,70.2
2025-12-29,9:59:36.054581992,T,KO,I,67,70.2
2025-12-29,9:59:36.054581992,T,KO,I,1,70.2
2025-12-29,9:59:36.054765480,T,KO,,399,70.2
2025-12-29,9:59:36.055228523,T,KO,,100,70.2
2025-12-29,9:59:36.055268536,T,KO,I,35,70.2
2025-12-29,9:59:36.055312924,T,KO,I,1,70.19
2025-12-29,9:59:36.055339788,T,KO,F I,99,70.19
2025-12-29,9:59:36.055343037,T,KO,F,180,70.19
2025-12-29,9:59:36.055346170,T,KO,F,100,70.19
2025-12-29,9:59:36.055346170,T,KO,F I,1,70.19
2025-12-29,9:59:36.055346170,T,KO,F I,50,70.19
2025-12-29,9:59:36.055348776,T,KO,F,100,70.19
2025-12-29,9:59:36.057793941,T,KO,F,100,70.18
2025-12-29,9:59:36.057793941,T,KO,F I,80,70.18
2025-12-29,9:59:41.404410555,T,KO,F,100,70.175
2025-12-29,9:59:41.404410555,T,KO,F I,93,70.17
2025-12-29,9:59:41.404431851,T,KO,F I,7,70.17
2025-12-29,9:59:41.404431851,T,KO,F I,8,70.17
2025-12-29,9:59:41.404437630,T,KO,F I,85,70.17
2025-12-29,9:59:44.334393850,T,KO,F I,23,70.16
2025-12-29,9:59:46.149568775,T,KO,F I,12,70.16
2025-12-29,9:59:52.830748488,T,KO,,100,70.165
2025-12-29,9:59:55.066384075,T,KO,I,29,70.165
2025-12-29,9:59:55.331218847,T,KO,,100,70.165
2025-12-29,10:00:07.128153352,T,KO,F I,97,70.17
2025-12-29,10:00:07.380562475,T,KO,F I,6,70.17
2025-12-29,10:00:13.752651859,T,KO,F I,3,70.17
2025-12-29,10:00:14.149374659,T,KO,F,100,70.175
2025-12-29,10:00:14.149377671,T,KO,F I,25,70.18
2025-12-29,10:00:14.149377671,T,KO,F I,50,70.18
2025-12-29,10:00:16.273600898,T,KO,,100,70.175
2025-12-29,10:00:27.101718066,T,KO,,100,70.175
2025-12-29,10:00:35.819117108,T,KO,,100,70.17
2025-12-29,10:00:36.784530476,T,KO,,100,70.16
2025-12-29,10:00:47.198300364,T,KO,F I,25,70.17
2025-12-29,10:00:47.198300364,T,KO,F I,5,70.17
2025-12-29,10:00:47.198973392,T,KO,F I,19,70.17
2025-12-29,10:00:47.199153696,T,KO,F I,30,70.17
2025-12-29,10:00:47.199156708,T,KO,F I,27,70.17
2025-12-29,10:00:48.373970779,T,KO,F I,50,70.18
2025-12-29,10:00:48.373970779,T,KO,F I,37,70.18
2025-12-29,10:00:58.956180263,T,KO,F I,30,70.18
2025-12-29,10:00:58.956180263,T,KO,F I,1,70.18
2025-12-29,10:00:58.956183762,T,KO,F,100,70.18
2025-12-29,10:00:58.956198283,T,KO,F I,16,70.18
2025-12-29,10:00:58.956261584,T,KO,F I,16,70.18
2025-12-29,10:01:00.570770617,T,KO,F I,11,70.17
2025-12-29,10:01:07.284987757,T,KO,I,6,70.175
2025-12-29,10:01:14.214514618,T,KO,,100,70.185
2025-12-29,10:01:21.809289371,T,KO,F I,25,70.18
2025-12-29,10:01:21.809292073,T,KO,F I,60,70.18
2025-12-29,10:01:21.809295068,T,KO,F I,60,70.18
2025-12-29,10:01:21.809295068,T,KO,F,100,70.18
2025-12-29,10:01:21.809298046,T,KO,F,100,70.18
2025-12-29,10:01:21.809301020,T,KO,F I,2,70.18
2025-12-29,10:01:21.809301020,T,KO,F I,98,70.18
2025-12-29,10:01:21.809307108,T,KO,I,1,70.18
2025-12-29,10:01:21.809316480,T,KO,I,1,70.18
2025-12-29,10:01:29.683804583,T,KO,I,89,70.17
2025-12-29,10:01:29.683810776,T,KO,I,40,70.17
2025-12-29,10:01:29.683817407,T,KO,,100,70.17
2025-12-29,10:01:29.683820257,T,KO,I,9,70.17
2025-12-29,10:01:29.683820257,T,KO,I,1,70.17
2025-12-29,10:01:34.978253292,T,KO,I,2,70.18
2025-12-29,10:01:34.989409839,T,KO,I,4,70.18
2025-12-29,10:01:37.073421331,T,KO,F I,20,70.19
2025-12-29,10:01:43.078303061,T,KO,F I,48,70.2
2025-12-29,10:01:43.078345527,T,KO,I,41,70.2
2025-12-29,10:01:43.078348397,T,KO,I,11,70.2
2025-12-29,10:01:43.078351181,T,KO,I,60,70.2
2025-12-29,10:01:43.078354351,T,KO,I,42,70.2
2025-12-29,10:01:43.078357241,T,KO,,100,70.2
2025-12-29,10:01:43.078357241,T,KO,I,87,70.2
2025-12-29,10:01:43.078369262,T,KO,I,1,70.2
