DATE,TIME_M,EX,SYM_ROOT,TR_SCOND,SIZE,PRICE
2025-12-30,9:30:01.191134449,T,KO,F I,50,70.03
2025-12-30,9:30:01.191146615,T,KO,Q,50,70.03
2025-12-30,9:30:01.191234201,T,KO,I,50,70.02
2025-12-30,9:30:01.191525422,T,KO,I,50,70.01
2025-12-30,9:30:01.304278987,T,KO,I,7,70.01
2025-12-30,9:30:01.870323018,T,KO,I,2,70.01
2025-12-30,9:30:02.058598434,T,KO,I,43,70.02
2025-12-30,9:30:02.430394923,T,KO,I,1,70.015
2025-12-30,9:30:03.097612020,T,KO,I,24,70.0
2025-12-30,9:30:03.097615222,T,KO,I,1,70.0
2025-12-30,9:30:03.097621103,T,KO,I,1,70.0
2025-12-30,9:30:03.097621103,T,KO,I,1,70.0
2025-12-30,9:30:03.097624086,T,KO,I,8,70.0
2025-12-30,9:30:03.299777507,T,KO,I,50,69.97
2025-12-30,9:30:03.299783356,T,KO,,187,69.97
2025-12-30,9:30:03.299783356,T,KO,I,1,69.97
2025-12-30,9:30:05.030014715,T,KO,F I,7,69.99
2025-12-30,9:30:05.534008454,T,KO,I,93,69.99
2025-12-30,9:30:05.534012149,T,KO,,100,69.99
2025-12-30,9:30:05.534026509,T,KO,I,1,69.99
2025-12-30,9:30:05.534053912,T,KO,F I,99,69.99
2025-12-30,9:30:05.534053912,T,KO,I,1,69.99
2025-12-30,9:30:05.534582903,T,KO,F I,1,70.0
2025-12-30,9:30:05.936087077,T,KO,F I,11,70.0
2025-12-30,9:30:05.936090072,T,KO,F I,50,70.0
2025-12-30,9:30:05.936592774,T,KO,F I,50,69.99
2025-12-30,9:30:09.670344714,T,KO,I,8,70.0
2025-12-30,9:30:09.676070329,T,KO,I,11,70.0
2025-12-30,9:30:17.567763105,T,KO,,400,70.02
2025-12-30,9:30:19.293795281,T,KO,I,50,70.0
2025-12-30,9:30:19.385282253,T,KO,,100,69.99
2025-12-30,9:30:21.182434397,T,KO,F I,44,69.98
2025-12-30,9:30:21.589207157,T,KO,I,50,69.96
2025-12-30,9:30:21.589670367,T,KO,F,300,69.96
2025-12-30,9:30:21.589670367,T,KO,F I,28,69.96
2025-12-30,9:30:21.593693885,T,KO,I,50,69.96
2025-12-30,9:30:21.593693885,T,KO,I,28,69.96
2025-12-30,9:30:21.593958486,T,KO,I,50,69.96
2025-12-30,9:30:23.832763505,T,KO,F I,50,69.95
2025-12-30,9:30:23.832940972,T,KO,,100,69.96
2025-12-30,9:30:23.832959629,T,KO,F I,50,69.96
2025-12-30,9:30:23.833238628,T,KO,F I,50,69.96
2025-12-30,9:30:23.833343949,T,KO,F I,50,69.96
2025-12-30,9:30:23.833407028,T,KO,F I,50,69.96
2025-12-30,9:30:23.836865281,T,KO,F I,39,69.96
2025-12-30,9:30:23.842353309,T,KO,,100,69.97
2025-12-30,9:30:23.842356866,T,KO,I,50,69.97
2025-12-30,9:30:23.842363046,T,KO,,100,69.97
2025-12-30,9:30:25.035047900,T,KO,,100,69.97
2025-12-30,9:30:25.035065969,T,KO,I,1,69.97
2025-12-30,9:30:25.035075003,T,KO,I,49,69.97
2025-12-30,9:30:27.517715752,T,KO,,100,69.965
2025-12-30,9:30:27.517718784,T,KO,,100,69.965
2025-12-30,9:30:27.526589905,T,KO,,100,69.965
2025-12-30,9:30:30.225129875,T,KO,I,21,69.99
2025-12-30,9:30:30.225956882,T,KO,,100,69.99
2025-12-30,9:30:30.225995926,T,KO,,120,69.995
2025-12-30,9:30:30.226386885,T,KO,F I,8,69.99
2025-12-30,9:30:30.362163271,T,KO,I,50,70.01
2025-12-30,9:30:30.362214403,T,KO,I,50,70.01
2025-12-30,9:30:30.362461039,T,KO,,100,70.0
2025-12-30,9:30:30.362461039,T,KO,I,50,70.0
2025-12-30,9:30:30.362484958,T,KO,I,1,70.0
2025-12-30,9:30:30.362493982,T,KO,F I,9,70.0
2025-12-30,9:30:30.362554150,T,KO,,100,70.0
2025-12-30,9:30:30.362572254,T,KO,I,1,70.0
2025-12-30,9:30:30.362593226,T,KO,,100,69.99
2025-12-30,9:30:30.362593226,T,KO,I,50,69.99
2025-12-30,9:30:30.362918062,T,KO,,200,69.99
2025-12-30,9:30:30.363008766,T,KO,I,50,70.0
2025-12-30,9:30:30.363011333,T,KO,,100,70.0
2025-12-30,9:30:30.363011333,T,KO,,699,70.0
2025-12-30,9:30:30.363059433,T,KO,F I,36,70.0
2025-12-30,9:30:30.363098431,T,KO,I,15,70.0
2025-12-30,9:30:30.363122492,T,KO,I,50,69.99
2025-12-30,9:30:30.627581363,T,KO,I,50,70.0
2025-12-30,9:30:30.631057602,T,KO,,100,70.0
2025-12-30,9:30:54.359760809,T,KO,F I,29,69.99
2025-12-30,9:30:54.359763898,T,KO,F,138,69.99
2025-12-30,9:30:55.686983826,T,KO,F I,6,69.99
2025-12-30,9:30:55.686986811,T,KO,F I,8,69.99
2025-12-30,9:30:55.687004841,T,KO,F I,14,69.99
2025-12-30,9:31:11.652172740,T,KO,F I,1,70.0
2025-12-30,9:31:11.652175449,T,KO,F I,1,70.0
2025-12-30,9:31:11.652229377,T,KO,I,20,69.99
2025-12-30,9:31:15.467103729,T,KO,I,71,69.95
2025-12-30,9:31:15.467103729,T,KO,I,20,69.95
2025-12-30,9:31:15.467106080,T,KO,I,27,69.95
2025-12-30,9:31:16.083526192,T,KO,I,50,69.94
2025-12-30,9:31:29.026333287,T,KO,I,8,69.94
2025-12-30,9:31:29.026336246,T,KO,,100,69.94
2025-12-30,9:31:30.161672176,T,KO,I,13,69.935
2025-12-30,9:31:30.161675257,T,KO,,100,69.935
2025-12-30,9:31:30.161681276,T,KO,F I,13,69.935
2025-12-30,9:31:30.161732360,T,KO,F I,13,69.94
2025-12-30,9:31:37.942090345,T,KO,,100,69.945
2025-12-30,9:31:37.942090345,T,KO,I,50,69.95
2025-12-30,9:31:37.942439188,T,KO,I,50,69.95
2025-12-30,9:31:37.942634618,T,KO,I,50,69.95
2025-12-30,9:31:37.942698610,T,KO,I,50,69.95
2025-12-30,9:31:37.943016527,T,KO,I,50,69.95
2025-12-30,9:31:37.943392418,T,KO,F I,50,69.95
2025-12-30,9:31:37.943416507,T,KO,,100,69.95
2025-12-30,9:31:39.084261577,T,KO,,100,69.94
2025-12-30,9:31:39.863862352,T,KO,,100,69.94
2025-12-30,9:31:39.871527536,T,KO,I,22,69.94
2025-12-30,9:31:39.885020710,T,KO,,200,69.94
2025-12-30,9:31:39.892682942,T,KO,,100,69.94
2025-12-30,9:31:39.892749097,T,KO,I,50,69.94
2025-12-30,9:31:44.976281288,T,KO,F I,50,69.93
2025-12-30,9:31:55.017937882,T,KO,F I,8,69.93
2025-12-30,9:31:55.017940910,T,KO,F,100,69.93
2025-12-30,9:32:01.181961490,T,KO,I,3,69.89
2025-12-30,9:32:01.182469629,T,KO,I,32,69.89
2025-12-30,9:32:01.279631033,T,KO,,100,69.89
2025-12-30,9:32:01.280160255,T,KO,F I,50,69.895
2025-12-30,9:32:01.280430996,T,KO,I,50,69.89
2025-12-30,9:32:01.856982051,T,KO,,100,69.885
2025-12-30,9:32:01.859411870,T,KO,,100,69.885
2025-12-30,9:32:02.121846819,T,KO,,100,69.89
2025-12-30,9:32:02.122042387,T,KO,,100,69.89
2025-12-30,9:32:02.122066439,T,KO,I,1,69.89
2025-12-30,9:32:02.122409151,T,KO,I,54,69.895
2025-12-30,9:32:03.908396162,T,KO,I,25,69.89
2025-12-30,9:32:03.908413763,T,KO,F I,75,69.89
2025-12-30,9:32:03.908997462,T,KO,,100,69.89
2025-12-30,9:32:06.169727485,T,KO,I,12,69.92
2025-12-30,9:32:06.169781565,T,KO,,100,69.91
2025-12-30,9:32:06.169781565,T,KO,I,25,69.91
2025-12-30,9:32:06.169799547,T,KO,I,1,69.91
2025-12-30,9:32:07.689766572,T,KO,I,1,69.92
2025-12-30,9:32:07.689769659,T,KO,I,25,69.92
2025-12-30,9:32:07.689769659,T,KO,I,9,69.92
2025-12-30,9:32:07.689796732,T,KO,I,91,69.92
2025-12-30,9:32:07.689800153,T,KO,I,91,69.92
2025-12-30,9:32:07.689811754,T,KO,I,9,69.92
2025-12-30,9:32:07.690355973,T,KO,F,100,69.92
2025-12-30,9:32:07.690359361,T,KO,F,100,69.92
2025-12-30,9:32:07.690377035,T,KO,I,1,69.92
2025-12-30,9:32:13.354153540,T,KO,F I,25,69.89
2025-12-30,9:32:13.354156127,T,KO,F I,50,69.89
2025-12-30,9:32:13.354156127,T,KO,F I,10,69.89
2025-12-30,9:32:23.856988168,T,KO,F I,5,69.88
2025-12-30,9:32:23.856988168,T,KO,F I,8,69.88
2025-12-30,9:32:28.311025120,T,KO,,100,69.87
2025-12-30,9:32:28.311031143,T,KO,I,1,69.87
2025-12-30,9:32:28.311031143,T,KO,I,1,69.87
2025-12-30,9:32:28.311031143,T,KO,I,50,69.87
2025-12-30,9:32:28.384202117,T,KO,I,23,69.88
2025-12-30,9:32:28.384204454,T,KO,I,43,69.88
2025-12-30,9:32:28.384222427,T,KO,F I,57,69.88
2025-12-30,9:32:28.384583360,T,KO,,100,69.88
2025-12-30,9:32:28.384601406,T,KO,I,1,69.88
2025-12-30,9:32:34.786933582,T,KO,F I,1,69.89
2025-12-30,9:32:34.786996710,T,KO,I,29,69.89
2025-12-30,9:32:35.286032271,T,KO,F,100,69.88
2025-12-30,9:32:35.286032271,T,KO,F I,29,69.88
2025-12-30,9:32:44.453333315,T,KO,I,30,69.87
2025-12-30,9:32:44.453348060,T,KO,F I,30,69.87
2025-12-30,9:32:44.453429050,T,KO,F I,60,69.87
2025-12-30,9:32:44.453459024,T,KO,I,1,69.87
2025-12-30,9:32:44.453546010,T,KO,F I,1,69.87
2025-12-30,9:32:44.453549751,T,KO,F I,50,69.87
2025-12-30,9:32:44.453552016,T,KO,F I,89,69.87
2025-12-30,9:32:44.505191417,T,KO,I,6,69.87
2025-12-30,9:32:44.505191417,T,KO,I,50,69.87
2025-12-30,9:32:44.603771822,T,KO,I,50,69.86
2025-12-30,9:32:44.603774956,T,KO,I,30,69.86
2025-12-30,9:32:44.603774956,T,KO,I,10,69.86
2025-12-30,9:32:47.443925006,T,KO,,100,69.875
2025-12-30,9:32:47.443928044,T,KO,,100,69.875
2025-12-30,9:32:54.276548866,T,KO,I,6,69.895
2025-12-30,9:33:02.470710547,T,KO,I,4,69.9
2025-12-30,9:33:02.471045027,T,KO,I,8,69.89
2025-12-30,9:33:02.471047311,T,KO,I,28,69.89
2025-12-30,9:33:20.540154116,T,KO,I,4,69.9
2025-12-30,9:33:22.325118275,T,KO,I,7,69.89
2025-12-30,9:33:25.632948283,T,KO,I,1,69.88
2025-12-30,9:33:25.632951193,T,KO,,100,69.88
2025-12-30,9:33:25.632954264,T,KO,,100,69.88
2025-12-30,9:33:36.819450210,T,KO,I,30,69.88
2025-12-30,9:33:36.819455552,T,KO,,100,69.88
2025-12-30,9:33:39.672289933,T,KO,I,50,69.87
2025-12-30,9:33:39.672295937,T,KO,,100,69.87
2025-12-30,9:33:39.672295937,T,KO,,100,69.87
2025-12-30,9:33:43.453435465,T,KO,I,5,69.86
2025-12-30,9:33:53.266688882,T,KO,F I,3,69.85
2025-12-30,9:33:53.266691902,T,KO,F,100,69.85
2025-12-30,9:33:53.640244894,T,KO,F I,50,69.85
2025-12-30,9:33:53.640247577,T,KO,F I,50,69.85
2025-12-30,9:33:53.640289700,T,KO,I,50,69.85
2025-12-30,9:33:54.588318574,T,KO,F I,1,69.85
2025-12-30,9:33:54.588324860,T,KO,F,1050,69.85
2025-12-30,9:33:54.588328014,T,KO,F I,11,69.85
2025-12-30,9:33:54.589334946,T,KO,,100,69.85
2025-12-30,9:34:00.938650843,T,KO,I,4,69.86
2025-12-30,9:34:04.661291692,T,KO,,100,69.86
2025-12-30,9:34:04.787923414,T,KO,,100,69.86
2025-12-30,9:34:04.797338838,T,KO,,200,69.86
2025-12-30,9:34:05.062892188,T,KO,F,100,69.87
2025-12-30,9:34:05.062910202,T,KO,F,100,69.87
2025-12-30,9:34:24.108220361,T,KO,I,8,69.86
2025-12-30,9:34:25.305990972,T,KO,I,5,69.86
2025-12-30,9:34:34.354384977,T,KO,,100,69.855
2025-12-30,9:34:34.996296738,T,KO,F I,4,69.86
2025-12-30,9:34:34.996300270,T,KO,F,100,69.86
2025-12-30,9:34:34.996308735,T,KO,,100,69.86
2025-12-30,9:34:49.268065150,T,KO,,100,69.84
2025-12-30,9:34:50.946846392,T,KO,,100,69.84
2025-12-30,9:34:51.834398280,T,KO,F I,37,69.85
2025-12-30,9:34:51.834398280,T,KO,F,100,69.85
2025-12-30,9:34:51.837606933,T,KO,I,5,69.855
2025-12-30,9:34:58.772510438,T,KO,F I,2,69.86
2025-12-30,9:34:58.773987069,T,KO,,100,69.87
2025-12-30,9:34:59.765953328,T,KO,I,8,69.87
2025-12-30,9:35:05.666314893,T,KO,,100,69.86
2025-12-30,9:35:05.666314893,T,KO,,100,69.86
2025-12-30,9:35:05.666333365,T,KO,I,1,69.86
2025-12-30,9:35:05.666378028,T,KO,F I,2,69.86
2025-12-30,9:35:05.666387109,T,KO,F I,98,69.86
2025-12-30,9:35:05.666390814,T,KO,F I,1,69.86
2025-12-30,9:35:05.666390814,T,KO,F I,2,69.86
2025-12-30,9:35:05.666417093,T,KO,I,1,69.86
2025-12-30,9:35:05.666420126,T,KO,F I,47,69.86
2025-12-30,9:35:05.666994824,T,KO,F I,50,69.87
2025-12-30,9:35:05.666994824,T,KO,F I,25,69.87
2025-12-30,9:35:05.666997519,T,KO,F,100,69.87
2025-12-30,9:35:05.667000498,T,KO,F,100,69.87
2025-12-30,9:35:05.667935730,T,KO,F I,1,69.87
2025-12-30,9:35:06.002452447,T,KO,,100,69.86
2025-12-30,9:35:06.492959723,T,KO,I,4,69.855
2025-12-30,9:35:10.021205666,T,KO,I,10,69.845
2025-12-30,9:35:11.542456781,T,KO,F I,26,69.83
2025-12-30,9:35:11.542456781,T,KO,F I,74,69.83
2025-12-30,9:35:11.542471758,T,KO,I,1,69.83
2025-12-30,9:35:11.542986047,T,KO,F I,25,69.83
2025-12-30,9:35:11.544469264,T,KO,I,28,69.83
2025-12-30,9:35:11.544471468,T,KO,,100,69.83
2025-12-30,9:35:11.544474563,T,KO,,100,69.83
2025-12-30,9:35:13.264096157,T,KO,I,1,69.83
2025-12-30,9:35:13.264096157,T,KO,I,28,69.83
2025-12-30,9:35:14.333268394,T,KO,F I,10,69.82
2025-12-30,9:35:14.333268394,T,KO,F I,50,69.82
2025-12-30,9:35:16.569541405,T,KO,,100,69.815
2025-12-30,9:35:16.684400011,T,KO,,100,69.815
2025-12-30,9:35:16.693198992,T,KO,,100,69.815
2025-12-30,9:35:17.294486997,T,KO,,100,69.815
2025-12-30,9:35:17.302164308,T,KO,,100,69.815
2025-12-30,9:35:17.310127295,T,KO,,100,69.815
2025-12-30,9:35:17.318231568,T,KO,,100,69.815
2025-12-30,9:35:17.377277143,T,KO,,100,69.815
2025-12-30,9:35:17.395518610,T,KO,,100,69.815
2025-12-30,9:35:17.407890084,T,KO,,100,69.815
2025-12-30,9:35:17.516135904,T,KO,I,1,69.82
2025-12-30,9:35:17.516135904,T,KO,I,40,69.82
2025-12-30,9:35:17.516138880,T,KO,I,60,69.82
2025-12-30,9:35:20.398924684,T,KO,,100,69.82
2025-12-30,9:35:20.411828408,T,KO,,100,69.82
2025-12-30,9:35:20.469114871,T,KO,,100,69.82
2025-12-30,9:35:20.471652927,T,KO,,300,69.82
2025-12-30,9:35:20.646528403,T,KO,,100,69.84
2025-12-30,9:35:20.646546480,T,KO,I,1,69.84
2025-12-30,9:35:20.646591869,T,KO,,100,69.84
2025-12-30,9:35:20.646594813,T,KO,I,28,69.84
2025-12-30,9:35:20.646594813,T,KO,I,1,69.84
2025-12-30,9:35:20.767623842,T,KO,F I,3,69.85
2025-12-30,9:35:20.767623842,T,KO,F I,37,69.85
2025-12-30,9:35:21.544545178,T,KO,I,4,69.855
2025-12-30,9:35:22.173138680,T,KO,I,28,69.85
2025-12-30,9:35:22.173141531,T,KO,I,2,69.85
2025-12-30,9:35:22.173144630,T,KO,I,1,69.85
2025-12-30,9:35:22.173144630,T,KO,,100,69.85
2025-12-30,9:35:22.173147317,T,KO,I,10,69.85
2025-12-30,9:35:22.173147317,T,KO,,130,69.85
2025-12-30,9:35:28.804883753,T,KO,F I,1,69.86
2025-12-30,9:35:28.804886943,T,KO,F,100,69.86
2025-12-30,9:35:28.804889782,T,KO,I,12,69.86
2025-12-30,9:35:28.804892514,T,KO,F I,88,69.86
2025-12-30,9:35:28.816425430,T,KO,I,50,69.86
2025-12-30,9:35:28.816425430,T,KO,I,10,69.86
2025-12-30,9:35:29.187286697,T,KO,F,100,69.85
2025-12-30,9:35:29.187343350,T,KO,I,87,69.85
2025-12-30,9:35:29.187367492,T,KO,F I,30,69.85
2025-12-30,9:35:29.187370529,T,KO,F,100,69.85
2025-12-30,9:35:29.187373772,T,KO,F,100,69.85
2025-12-30,9:35:29.187373772,T,KO,F I,13,69.85
2025-12-30,9:35:29.187376531,T,KO,I,1,69.85
2025-12-30,9:35:29.187379544,T,KO,I,73,69.85
2025-12-30,9:35:29.187394535,T,KO,F,513,69.85
2025-12-30,9:35:29.187397525,T,KO,F,100,69.85
2025-12-30,9:35:31.819247866,T,KO,F I,2,69.85
2025-12-30,9:35:31.819250914,T,KO,F I,30,69.85
2025-12-30,9:35:31.819253669,T,KO,F I,50,69.85
2025-12-30,9:35:31.819253669,T,KO,F,100,69.85
2025-12-30,9:35:31.819256688,T,KO,F I,10,69.85
2025-12-30,9:35:33.171709692,T,KO,,153,69.845
2025-12-30,9:35:33.944664549,T,KO,F I,2,69.85
2025-12-30,9:35:33.944844943,T,KO,F I,58,69.86
2025-12-30,9:35:33.944863454,T,KO,F I,42,69.86
2025-12-30,9:35:33.944863454,T,KO,F,133,69.86
2025-12-30,9:35:33.945362198,T,KO,,100,69.86
2025-12-30,9:35:33.945380556,T,KO,I,1,69.86
2025-12-30,9:35:33.945383302,T,KO,I,11,69.86
2025-12-30,9:35:33.945777236,T,KO,F I,76,69.86
2025-12-30,9:35:33.945813349,T,KO,F I,24,69.86
2025-12-30,9:35:33.958199845,T,KO,I,30,69.86
2025-12-30,9:35:33.958199845,T,KO,I,50,69.86
2025-12-30,9:35:33.958250892,T,KO,I,10,69.86
2025-12-30,9:35:35.124169754,T,KO,,100,69.855
2025-12-30,9:35:41.533373047,T,KO,,100,69.855
2025-12-30,9:35:42.525676383,T,KO,I,5,69.855
2025-12-30,9:35:42.582150868,T,KO,I,99,69.85
2025-12-30,9:35:42.582171917,T,KO,I,1,69.85
2025-12-30,9:35:42.582199021,T,KO,F I,8,69.85
2025-12-30,9:35:42.582199021,T,KO,F,189,69.85
2025-12-30,9:35:49.510610198,T,KO,I,10,69.84
2025-12-30,9:35:49.510610198,T,KO,I,29,69.84
2025-12-30,9:35:51.166694175,T,KO,I,2,69.84
2025-12-30,9:35:51.166697042,T,KO,I,30,69.84
2025-12-30,9:35:51.166699168,T,KO,,100,69.84
2025-12-30,9:35:51.167141217,T,KO,,100,69.84
2025-12-30,9:35:56.110596694,T,KO,F,176,69.85
2025-12-30,9:35:56.149894393,T,KO,F I,4,69.87
2025-12-30,9:35:56.149894393,T,KO,F I,10,69.87
2025-12-30,9:35:56.150216133,T,KO,,130,69.865
2025-12-30,9:35:56.150555932,T,KO,F I,10,69.87
2025-12-30,9:35:56.269236609,T,KO,I,90,69.87
2025-12-30,9:35:56.269239556,T,KO,,117,69.87
2025-12-30,9:35:56.269239556,T,KO,,100,69.87
2025-12-30,9:35:56.269630886,T,KO,F,100,69.88
2025-12-30,9:35:56.269630886,T,KO,F I,25,69.88
2025-12-30,9:35:56.269877091,T,KO,F I,28,69.88
2025-12-30,9:35:56.270087632,T,KO,F I,72,69.88
2025-12-30,9:35:56.270670918,T,KO,,100,69.88
2025-12-30,9:35:56.377311003,T,KO,F,100,69.89
2025-12-30,9:35:56.378340299,T,KO,F,100,69.9
2025-12-30,9:35:56.378345390,T,KO,F,100,69.9
2025-12-30,9:35:56.378345390,T,KO,F,100,69.9
2025-12-30,9:35:56.379154320,T,KO,F,100,69.91
2025-12-30,9:36:01.374444348,T,KO,I,4,69.925
2025-12-30,9:36:03.768295789,T,KO,F,100,69.92
2025-12-30,9:36:03.768298712,T,KO,F,600,69.92
2025-12-30,9:36:03.768298712,T,KO,F I,60,69.92
2025-12-30,9:36:15.642727249,T,KO,,100,69.93
2025-12-30,9:36:15.642730257,T,KO,F,112,69.93
2025-12-30,9:36:15.642748210,T,KO,I,1,69.93
2025-12-30,9:36:16.583352465,T,KO,F I,40,69.94
2025-12-30,9:36:16.763969195,T,KO,I,1,69.94
2025-12-30,9:36:16.763969195,T,KO,I,50,69.94
2025-12-30,9:36:16.763971628,T,KO,I,25,69.94
2025-12-30,9:36:16.779266048,T,KO,,100,69.945
2025-12-30,9:36:16.797615767,T,KO,,100,69.945
2025-12-30,9:36:18.883299091,T,KO,F I,61,69.94
2025-12-30,9:36:18.883302037,T,KO,F I,38,69.94
2025-12-30,9:36:20.942660724,T,KO,F,300,69.94
2025-12-30,9:36:21.844728835,T,KO,F,100,69.95
2025-12-30,9:36:21.844728835,T,KO,F,100,69.95
2025-12-30,9:36:21.844746179,T,KO,I,1,69.95
2025-12-30,9:36:21.844746179,T,KO,F I,29,69.95
2025-12-30,9:36:21.844791178,T,KO,,100,69.95
2025-12-30,9:36:22.578875548,T,KO,I,8,69.95
2025-12-30,9:36:29.306396030,T,KO,,100,69.95
2025-12-30,9:36:30.091238599,T,KO,F I,20,69.96
2025-12-30,9:36:30.091238599,T,KO,F I,25,69.96
2025-12-30,9:36:30.091241261,T,KO,F I,50,69.96
2025-12-30,9:36:30.091256367,T,KO,I,1,69.96
2025-12-30,9:36:33.586673188,T,KO,F,100,69.96
2025-12-30,9:36:40.348788046,T,KO,F I,20,69.98
2025-12-30,9:36:40.348791011,T,KO,F I,74,69.98
2025-12-30,9:36:40.348848160,T,KO,I,47,69.98
2025-12-30,9:36:40.348848160,T,KO,I,2,69.98
2025-12-30,9:36:40.349164759,T,KO,I,2,69.98
2025-12-30,9:36:40.349164759,T,KO,I,18,69.98
2025-12-30,9:36:42.865884804,T,KO,I,6,69.975
2025-12-30,9:36:42.873090092,T,KO,F,100,69.97
2025-12-30,9:36:47.682561384,T,KO,F I,10,69.96
2025-12-30,9:36:47.682579453,T,KO,I,1,69.96
2025-12-30,9:36:47.682588427,T,KO,F I,96,69.96
2025-12-30,9:36:56.674971163,T,KO,F I,29,69.95
2025-12-30,9:36:56.674989704,T,KO,F I,5,69.95
2025-12-30,9:37:03.303471920,T,KO,F I,8,69.97
2025-12-30,9:37:08.203425735,T,KO,F,200,69.96
2025-12-30,9:37:08.636021298,T,KO,I,10,69.95
2025-12-30,9:37:08.636021298,T,KO,I,10,69.95
2025-12-30,9:37:08.765470358,T,KO,F I,30,69.95
2025-12-30,9:37:08.768979768,T,KO,I,11,69.95
2025-12-30,9:37:12.409549198,T,KO,I,2,69.95
2025-12-30,9:37:12.409555954,T,KO,I,30,69.95
2025-12-30,9:37:12.409555954,T,KO,I,11,69.95
2025-12-30,9:37:12.409558289,T,KO,I,10,69.95
2025-12-30,9:37:12.411013880,T,KO,F I,2,69.95
2025-12-30,9:37:12.411013880,T,KO,F I,80,69.95
2025-12-30,9:37:12.411455760,T,KO,F I,20,69.95
2025-12-30,9:37:14.684713843,T,KO,I,10,69.94
2025-12-30,9:37:19.074860385,T,KO,F I,28,69.94
2025-12-30,9:37:19.908734458,T,KO,I,6,69.95
2025-12-30,9:37:21.928801600,T,KO,I,90,69.945
2025-12-30,9:37:26.610508227,T,KO,F I,1,69.93
2025-12-30,9:37:26.610510642,T,KO,F I,10,69.93
2025-12-30,9:37:26.610513671,T,KO,F,100,69.93
2025-12-30,9:37:31.536437644,T,KO,F I,10,69.93
2025-12-30,9:37:33.769853696,T,KO,F,100,69.92
2025-12-30,9:37:33.769871950,T,KO,I,1,69.92
2025-12-30,9:37:40.644084694,T,KO,F I,1,69.93
2025-12-30,9:37:40.644087709,T,KO,F I,50,69.93
2025-12-30,9:37:42.285304211,T,KO,,100,69.915
2025-12-30,9:37:43.296058731,T,KO,,100,69.915
2025-12-30,9:37:47.981511860,T,KO,I,8,69.92
2025-12-30,9:37:54.004646734,T,KO,I,10,69.93
2025-12-30,9:37:57.490377474,T,KO,I,7,69.925
2025-12-30,9:38:07.732687216,T,KO,I,20,69.94
2025-12-30,9:38:13.833887876,T,KO,I,75,69.945
2025-12-30,9:38:14.579011471,T,KO,F I,28,69.95
2025-12-30,9:38:18.594056890,T,KO,,100,69.955
2025-12-30,9:38:18.594135689,T,KO,F,100,69.96
2025-12-30,9:38:18.625307242,T,KO,I,37,69.96
2025-12-30,9:38:18.625307242,T,KO,I,2,69.96
2025-12-30,9:38:18.625310271,T,KO,,100,69.96
2025-12-30,9:38:23.272707794,T,KO,I,2,69.96
2025-12-30,9:38:23.272710803,T,KO,I,37,69.96
2025-12-30,9:38:23.272710803,T,KO,,100,69.96
2025-12-30,9:38:26.480769074,T,KO,F I,33,69.975
2025-12-30,9:38:26.481169178,T,KO,I,40,69.975
2025-12-30,9:38:26.481990030,T,KO,I,40,69.98
2025-12-30,9:38:27.323544338,T,KO,I,5,69.98
2025-12-30,9:38:27.323547396,T,KO,,200,69.98
2025-12-30,9:38:27.323547396,T,KO,I,30,69.98
2025-12-30,9:38:27.415470500,T,KO,,100,69.97
2025-12-30,9:38:27.415473252,T,KO,I,22,69.97
2025-12-30,9:38:27.415494542,T,KO,I,1,69.97
2025-12-30,9:38:27.417692708,T,KO,I,37,69.97
2025-12-30,9:38:27.417692708,T,KO,I,8,69.97
2025-12-30,9:38:28.027370544,T,KO,F I,3,69.97
2025-12-30,9:38:28.027370544,T,KO,F I,37,69.97
2025-12-30,9:38:28.045906757,T,KO,F I,37,69.97
2025-12-30,9:38:28.045906757,T,KO,F,100,69.97
2025-12-30,9:38:36.551932137,T,KO,F I,20,69.99
2025-12-30,9:38:36.551932137,T,KO,F,100,69.99
2025-12-30,9:38:36.551935063,T,KO,F,100,69.99
2025-12-30,9:38:36.551944139,T,KO,,200,69.99
2025-12-30,9:38:36.552335905,T,KO,F I,40,69.99
2025-12-30,9:38:36.552338003,T,KO,F I,37,69.99
2025-12-30,9:38:36.552395160,T,KO,F I,24,69.99
2025-12-30,9:38:36.553493083,T,KO,I,41,69.99
2025-12-30,9:38:36.553493083,T,KO,,100,69.99
2025-12-30,9:38:36.553496315,T,KO,I,3,69.99
2025-12-30,9:38:36.553499009,T,KO,I,50,69.99
2025-12-30,9:38:36.553501855,T,KO,I,24,69.99
2025-12-30,9:38:36.553501855,T,KO,,100,69.99
2025-12-30,9:38:36.553504810,T,KO,I,40,69.99
2025-12-30,9:38:36.553504810,T,KO,I,25,69.99
2025-12-30,9:38:36.553760393,T,KO,F,100,69.99
2025-12-30,9:38:36.554229619,T,KO,I,50,69.99
2025-12-30,9:38:36.554229619,T,KO,,100,69.99
2025-12-30,9:38:36.554740730,T,KO,F,100,69.99
2025-12-30,9:38:36.927950619,T,KO,I,3,69.99
2025-12-30,9:38:36.927953670,T,KO,I,41,69.99
2025-12-30,9:38:36.927953670,T,KO,I,56,69.99
2025-12-30,9:38:36.927959635,T,KO,I,1,69.99
2025-12-30,9:38:38.028403496,T,KO,,143,69.99
2025-12-30,9:38:40.262980484,T,KO,F I,25,69.98
2025-12-30,9:38:40.262980484,T,KO,F,100,69.98
2025-12-30,9:38:42.470986061,T,KO,I,7,69.975
2025-12-30,9:38:44.170285324,T,KO,,100,69.97
2025-12-30,9:38:44.170285324,T,KO,I,96,69.97
2025-12-30,9:38:44.170303520,T,KO,I,1,69.97
2025-12-30,9:38:44.195391935,T,KO,I,1,69.975
2025-12-30,9:38:50.312777309,T,KO,,200,69.97
2025-12-30,9:38:57.895218854,T,KO,F,100,69.98
2025-12-30,9:39:00.059085434,T,KO,F,100,69.97
2025-12-30,9:39:06.360635336,T,KO,I,8,69.96
2025-12-30,9:39:07.400969050,T,KO,F I,3,69.96
2025-12-30,9:39:07.400969050,T,KO,F I,77,69.96
2025-12-30,9:39:10.810329885,T,KO,,100,69.97
2025-12-30,9:39:10.810332874,T,KO,,180,69.97
2025-12-30,9:39:10.824677072,T,KO,I,6,69.975
2025-12-30,9:39:10.871243337,T,KO,F I,40,69.97
2025-12-30,9:39:10.871243337,T,KO,F I,3,69.97
2025-12-30,9:39:17.393130720,T,KO,F I,3,69.97
2025-12-30,9:39:17.393133755,T,KO,F I,40,69.97
2025-12-30,9:39:24.218501242,T,KO,F I,10,69.99
2025-12-30,9:39:24.218501242,T,KO,F I,3,69.99
2025-12-30,9:39:24.581029697,T,KO,,100,69.995
2025-12-30,9:39:26.246820628,T,KO,F I,20,70.0
2025-12-30,9:39:26.246826272,T,KO,F,100,70.0
2025-12-30,9:39:26.246826272,T,KO,F I,25,70.0
2025-12-30,9:39:35.636929845,T,KO,,100,70.01
2025-12-30,9:39:35.638210891,T,KO,F I,34,70.01
2025-12-30,9:39:39.818935977,T,KO,I,50,70.015
2025-12-30,9:39:42.312307024,T,KO,F I,28,70.01
2025-12-30,9:39:42.312309441,T,KO,F I,25,70.01
2025-12-30,9:39:42.312312319,T,KO,F I,8,70.01
2025-12-30,9:39:42.312312319,T,KO,F I,7,70.01
2025-12-30,9:39:43.385532442,T,KO,,100,70.005
2025-12-30,9:39:43.385532442,T,KO,I,25,70.0
2025-12-30,9:39:43.385664702,T,KO,I,75,70.0
2025-12-30,9:39:43.386281152,T,KO,F I,35,70.0
2025-12-30,9:39:43.386284222,T,KO,F I,3,70.0
2025-12-30,9:39:43.386287253,T,KO,F I,34,70.0
2025-12-30,9:39:46.681688756,T,KO,F,100,70.01
2025-12-30,9:39:46.743413777,T,KO,F I,34,70.01
2025-12-30,9:39:46.743416823,T,KO,F I,35,70.01
2025-12-30,9:39:48.017713666,T,KO,I,34,70.0
2025-12-30,9:39:59.486722810,T,KO,,100,70.005
2025-12-30,9:40:02.035298572,T,KO,F I,1,70.0
2025-12-30,9:40:04.132415104,T,KO,I,3,70.0
2025-12-30,9:40:04.132418107,T,KO,I,11,70.0
2025-12-30,9:40:04.132421064,T,KO,,100,70.0
2025-12-30,9:40:04.157368545,T,KO,,100,69.995
2025-12-30,9:40:05.632276153,T,KO,I,32,69.99
2025-12-30,9:40:05.632276153,T,KO,I,44,69.99
2025-12-30,9:40:05.635722309,T,KO,,100,69.985
2025-12-30,9:40:05.643968059,T,KO,,100,69.985
2025-12-30,9:40:05.651747518,T,KO,,100,69.985
2025-12-30,9:40:05.652057282,T,KO,I,3,69.99
2025-12-30,9:40:05.652782082,T,KO,,100,69.99
2025-12-30,9:40:05.652782082,T,KO,I,33,69.99
2025-12-30,9:40:05.652785043,T,KO,,100,69.99
2025-12-30,9:40:05.652803016,T,KO,I,1,69.99
2025-12-30,9:40:07.034121856,T,KO,F I,1,69.98
2025-12-30,9:40:07.034121856,T,KO,F I,10,69.98
2025-12-30,9:40:07.765619950,T,KO,I,6,69.98
2025-12-30,9:40:10.444063067,T,KO,I,14,69.97
2025-12-30,9:40:10.449921031,T,KO,I,33,69.96
2025-12-30,9:40:10.484683952,T,KO,F I,50,69.96
2025-12-30,9:40:10.484686804,T,KO,F I,13,69.96
2025-12-30,9:40:22.609780211,T,KO,F I,5,69.99
2025-12-30,9:40:22.799829849,T,KO,I,60,70.0
2025-12-30,9:40:34.655590299,T,KO,F I,1,70.02
2025-12-30,9:40:34.655590299,T,KO,F I,15,70.02
2025-12-30,9:40:34.655662587,T,KO,I,35,70.02
2025-12-30,9:40:34.655665222,T,KO,I,16,70.02
2025-12-30,9:40:34.862073801,T,KO,,100,70.02
2025-12-30,9:40:49.995782178,T,KO,I,3,70.02
2025-12-30,9:40:49.995782178,T,KO,I,10,70.02
2025-12-30,9:40:49.995785244,T,KO,I,8,70.02
2025-12-30,9:40:49.995785244,T,KO,I,4,70.02
2025-12-30,9:40:50.141866714,T,KO,,200,70.01
2025-12-30,9:40:51.339402942,T,KO,,100,70.0
2025-12-30,9:40:51.339402942,T,KO,I,10,70.0
2025-12-30,9:40:53.781552278,T,KO,F I,3,70.0
2025-12-30,9:40:53.781555520,T,KO,F I,25,70.0
2025-12-30,9:40:53.781555520,T,KO,F I,50,70.0
2025-12-30,9:40:59.016705431,T,KO,F I,3,70.0
2025-12-30,9:41:11.756655532,T,KO,F I,10,70.0
2025-12-30,9:41:11.756658488,T,KO,F,100,70.0
2025-12-30,9:41:11.756661582,T,KO,F I,10,70.0
2025-12-30,9:41:14.224991222,T,KO,I,3,69.99
2025-12-30,9:41:16.147051923,T,KO,I,90,69.99
2025-12-30,9:41:16.160975027,T,KO,I,5,69.99
2025-12-30,9:41:16.160975027,T,KO,I,27,69.99
2025-12-30,9:41:35.922133809,T,KO,F I,28,69.99
2025-12-30,9:41:36.138604416,T,KO,F I,8,69.99
2025-12-30,9:41:36.454127896,T,KO,F I,66,69.98
2025-12-30,9:41:39.552202423,T,KO,I,1,69.975
2025-12-30,9:41:39.552202423,T,KO,I,1,69.975
2025-12-30,9:41:48.614381953,T,KO,I,5,69.975
2025-12-30,9:41:55.550301183,T,KO,I,81,69.95
2025-12-30,9:42:04.621657766,T,KO,F,123,69.95
2025-12-30,9:42:04.621657766,T,KO,F I,10,69.95
2025-12-30,9:42:04.621661516,T,KO,F I,25,69.95
2025-12-30,9:42:04.621661516,T,KO,F I,19,69.95
2025-12-30,9:42:06.175139682,T,KO,F I,3,69.95
2025-12-30,9:42:08.998675228,T,KO,I,4,69.955
2025-12-30,9:42:13.412792626,T,KO,F I,13,69.95
2025-12-30,9:42:13.412795155,T,KO,F I,8,69.95
2025-12-30,9:42:13.690187725,T,KO,F,390,69.94
2025-12-30,9:42:13.690187725,T,KO,F I,10,69.94
2025-12-30,9:42:13.690190692,T,KO,F I,43,69.94
2025-12-30,9:42:13.690205782,T,KO,I,1,69.94
2025-12-30,9:42:13.690229868,T,KO,F I,10,69.94
2025-12-30,9:42:23.005599672,T,KO,I,4,69.935
2025-12-30,9:42:24.301587190,T,KO,I,2,69.93
2025-12-30,9:42:30.880743433,T,KO,I,12,69.94
2025-12-30,9:42:30.882397327,T,KO,F I,26,69.94
2025-12-30,9:42:30.882400733,T,KO,F,100,69.94
2025-12-30,9:42:30.882403815,T,KO,F I,25,69.94
2025-12-30,9:42:30.882403815,T,KO,F I,75,69.94
2025-12-30,9:42:30.882406492,T,KO,F I,5,69.94
2025-12-30,9:42:30.882409401,T,KO,F I,50,69.94
2025-12-30,9:42:30.882562757,T,KO,F I,20,69.94
2025-12-30,9:42:43.958884773,T,KO,I,5,69.935
2025-12-30,9:42:45.552536382,T,KO,I,5,69.94
2025-12-30,9:42:45.552539389,T,KO,I,26,69.94
2025-12-30,9:42:45.552539389,T,KO,I,49,69.94
2025-12-30,9:42:45.552653539,T,KO,F I,26,69.94
2025-12-30,9:42:45.552984271,T,KO,F I,1,69.94
2025-12-30,9:42:45.552987277,T,KO,F,100,69.94
2025-12-30,9:42:52.934099398,T,KO,,100,69.935
2025-12-30,9:42:53.386584131,T,KO,F I,15,69.94
2025-12-30,9:42:53.386611135,T,KO,I,11,69.94
2025-12-30,9:42:53.386614219,T,KO,I,1,69.94
2025-12-30,9:42:54.496563774,T,KO,,100,69.935
2025-12-30,9:43:12.664787034,T,KO,I,45,69.95
2025-12-30,9:43:18.814240821,T,KO,F I,10,69.94
2025-12-30,9:43:18.814243735,T,KO,F I,8,69.94
2025-12-30,9:43:24.661519809,T,KO,I,6,69.945
2025-12-30,9:43:24.661522801,T,KO,I,1,69.945
2025-12-30,9:43:25.280562147,T,KO,,100,69.94
2025-12-30,9:43:39.230001604,T,KO,I,4,69.945
2025-12-30,9:43:39.778635248,T,KO,F I,22,69.94
2025-12-30,9:43:41.250666980,T,KO,,100,69.92
2025-12-30,9:43:48.071920729,T,KO,I,10,69.91
2025-12-30,9:43:51.523538339,T,KO,F I,5,69.9
2025-12-30,9:43:51.523541247,T,KO,F I,8,69.9
2025-12-30,9:43:51.523556275,T,KO,F I,11,69.9
2025-12-30,9:43:51.524820641,T,KO,F,100,69.9
2025-12-30,9:44:07.733684073,T,KO,I,5,69.91
2025-12-30,9:44:11.328921817,T,KO,F I,19,69.91
2025-12-30,9:44:11.328923572,T,KO,F I,7,69.91
2025-12-30,9:44:11.329991102,T,KO,F I,20,69.92
2025-12-30,9:44:13.122725834,T,KO,,180,69.92
2025-12-30,9:44:13.122740946,T,KO,I,1,69.92
2025-12-30,9:44:13.122747302,T,KO,I,24,69.92
2025-12-30,9:44:13.122750096,T,KO,,175,69.92
2025-12-30,9:44:13.648440811,T,KO,I,1,69.93
2025-12-30,9:44:19.128127503,T,KO,I,25,69.93
2025-12-30,9:44:19.345052137,T,KO,I,25,69.93
2025-12-30,9:44:19.467428554,T,KO,I,25,69.93
2025-12-30,9:44:30.329011984,T,KO,F I,2,69.93
2025-12-30,9:44:31.577501312,T,KO,,100,69.915
2025-12-30,9:44:34.735258949,T,KO,,100,69.91
2025-12-30,9:44:35.664508092,T,KO,I,5,69.91
2025-12-30,9:44:36.006389456,T,KO,,100,69.91
2025-12-30,9:44:57.679023551,T,KO,I,46,69.91
2025-12-30,9:45:00.109348753,T,KO,I,6,69.91
2025-12-30,9:45:01.807959239,T,KO,F I,1,69.9
2025-12-30,9:45:01.807959239,T,KO,F I,8,69.9
2025-12-30,9:45:01.810725730,T,KO,,100,69.895
2025-12-30,9:45:01.828386838,T,KO,,100,69.89
2025-12-30,9:45:01.836521159,T,KO,,200,69.89
2025-12-30,9:45:01.844646567,T,KO,,200,69.89
2025-12-30,9:45:01.853662072,T,KO,,200,69.89
2025-12-30,9:45:01.856200074,T,KO,,300,69.89
2025-12-30,9:45:01.858759140,T,KO,,297,69.89
2025-12-30,9:45:01.862003921,T,KO,,113,69.89
2025-12-30,9:45:08.485046619,T,KO,F I,13,69.9
2025-12-30,9:45:08.625646511,T,KO,I,5,69.9
2025-12-30,9:45:08.625646511,T,KO,I,26,69.9
2025-12-30,9:45:08.625692608,T,KO,I,50,69.91
2025-12-30,9:45:08.625692608,T,KO,I,24,69.91
2025-12-30,9:45:08.625694584,T,KO,,100,69.91
2025-12-30,9:45:08.625697527,T,KO,I,20,69.91
2025-12-30,9:45:08.626106580,T,KO,I,26,69.91
2025-12-30,9:45:11.908975177,T,KO,I,50,69.91
2025-12-30,9:45:11.908975177,T,KO,I,20,69.91
2025-12-30,9:45:11.908977214,T,KO,I,25,69.91
2025-12-30,9:45:15.863010199,T,KO,I,1,69.93
2025-12-30,9:45:15.896774611,T,KO,I,3,69.93
2025-12-30,9:45:16.000539755,T,KO,I,9,69.93
2025-12-30,9:45:17.076661659,T,KO,I,4,69.925
2025-12-30,9:45:22.983885463,T,KO,F I,20,69.94
2025-12-30,9:45:33.209352624,T,KO,F,100,69.95
2025-12-30,9:45:33.209352624,T,KO,F I,5,69.95
2025-12-30,9:45:33.209357812,T,KO,F I,20,69.95
2025-12-30,9:45:35.220024530,T,KO,F I,8,69.95
2025-12-30,9:45:36.992000785,T,KO,I,5,69.95
2025-12-30,9:45:54.227747887,T,KO,F I,28,69.96
2025-12-30,9:45:54.413208624,T,KO,F I,9,69.97
2025-12-30,9:45:54.413247678,T,KO,I,31,69.97
2025-12-30,9:45:54.413247678,T,KO,I,20,69.97
2025-12-30,9:45:54.425375910,T,KO,I,5,69.97
2025-12-30,9:45:54.425375910,T,KO,I,27,69.97
2025-12-30,9:45:54.425426675,T,KO,I,10,69.97
2025-12-30,9:45:56.480809817,T,KO,I,5,69.97
2025-12-30,9:45:57.651131092,T,KO,I,1,69.96
2025-12-30,9:45:57.651131092,T,KO,I,50,69.96
2025-12-30,9:45:58.882587935,T,KO,F I,27,69.96
2025-12-30,9:45:58.882587935,T,KO,F I,5,69.96
2025-12-30,9:45:58.950489656,T,KO,F I,33,69.96
2025-12-30,9:46:07.833095696,T,KO,,100,69.97
2025-12-30,9:46:08.858041807,T,KO,F I,3,69.96
2025-12-30,9:46:11.804371828,T,KO,,160,69.95
2025-12-30,9:46:11.804389916,T,KO,I,1,69.95
2025-12-30,9:46:11.804404952,T,KO,F,125,69.95
2025-12-30,9:46:15.614716705,T,KO,I,4,69.95
2025-12-30,9:46:22.890412729,T,KO,I,36,69.955
2025-12-30,9:46:23.095843987,T,KO,,100,69.955
2025-12-30,9:46:30.197978964,T,KO,,100,69.96
2025-12-30,9:46:30.197978964,T,KO,I,1,69.96
2025-12-30,9:46:36.822675583,T,KO,F I,8,69.95
2025-12-30,9:46:36.836273650,T,KO,,100,69.94
2025-12-30,9:46:36.842580047,T,KO,I,26,69.95
2025-12-30,9:46:36.842580047,T,KO,I,5,69.95
2025-12-30,9:46:36.842580047,T,KO,I,3,69.95
2025-12-30,9:46:36.842583829,T,KO,I,50,69.95
2025-12-30,9:46:39.610606043,T,KO,,100,69.95
2025-12-30,9:46:43.851095450,T,KO,I,6,69.955
2025-12-30,9:46:45.840074534,T,KO,I,5,69.95
2025-12-30,9:46:45.840074534,T,KO,I,12,69.95
2025-12-30,9:46:45.840429203,T,KO,I,14,69.95
2025-12-30,9:46:50.381108446,T,KO,F I,6,69.94
2025-12-30,9:46:51.995241823,T,KO,F I,3,69.93
2025-12-30,9:46:54.141116542,T,KO,F I,50,69.93
2025-12-30,9:46:54.142289271,T,KO,F I,50,69.94
2025-12-30,9:46:54.142292448,T,KO,F I,25,69.94
2025-12-30,9:46:54.142292448,T,KO,F I,75,69.94
2025-12-30,9:46:54.143913206,T,KO,I,1,69.94
2025-12-30,9:46:54.144550676,T,KO,I,99,69.94
2025-12-30,9:46:54.145696401,T,KO,F I,50,69.94
2025-12-30,9:46:54.150745402,T,KO,F I,50,69.94
2025-12-30,9:46:54.153704663,T,KO,F,100,69.94
2025-12-30,9:46:54.155000615,T,KO,F I,30,69.94
2025-12-30,9:46:54.155791397,T,KO,I,1,69.94
2025-12-30,9:46:54.156570498,T,KO,F I,28,69.94
2025-12-30,9:46:54.165143809,T,KO,F I,41,69.94
2025-12-30,9:46:54.167122468,T,KO,F,150,69.94
2025-12-30,9:46:54.167122468,T,KO,F,100,69.94
2025-12-30,9:46:54.169904061,T,KO,,100,69.94
2025-12-30,9:46:54.174751615,T,KO,,200,69.94
2025-12-30,9:46:54.179349604,T,KO,F,100,69.94
2025-12-30,9:46:54.181265104,T,KO,F I,12,69.94
2025-12-30,9:46:54.181265104,T,KO,F I,88,69.94
2025-12-30,9:46:54.235225654,T,KO,F I,91,69.94
2025-12-30,9:46:54.235258757,T,KO,F I,9,69.94
2025-12-30,9:46:54.235262228,T,KO,F I,8,69.94
2025-12-30,9:46:54.433981050,T,KO,F I,25,69.93
2025-12-30,9:46:54.649534338,T,KO,,100,69.925
2025-12-30,9:47:01.064736968,T,KO,I,3,69.93
2025-12-30,9:47:01.064740233,T,KO,I,3,69.93
2025-12-30,9:47:01.064743473,T,KO,I,68,69.93
2025-12-30,9:47:01.064746047,T,KO,,100,69.93
2025-12-30,9:47:02.011448693,T,KO,,100,69.945
2025-12-30,9:47:02.011448693,T,KO,,100,69.945
2025-12-30,9:47:02.011451712,T,KO,,172,69.945
2025-12-30,9:47:18.608161838,T,KO,I,4,69.94
2025-12-30,9:47:18.608161838,T,KO,I,3,69.94
2025-12-30,9:47:19.034757846,T,KO,,100,69.94
2025-12-30,9:47:24.865413955,T,KO,I,25,69.93
2025-12-30,9:47:24.865416415,T,KO,I,80,69.93
2025-12-30,9:47:24.865419225,T,KO,I,8,69.93
2025-12-30,9:47:24.865419225,T,KO,I,3,69.93
2025-12-30,9:47:24.924840715,T,KO,I,20,69.92
2025-12-30,9:47:25.016962371,T,KO,F I,34,69.92
2025-12-30,9:47:25.016965582,T,KO,F I,6,69.92
2025-12-30,9:47:25.016968261,T,KO,F I,20,69.92
2025-12-30,9:47:25.016968261,T,KO,F,100,69.92
2025-12-30,9:47:31.498818617,T,KO,I,6,69.92
2025-12-30,9:47:31.498821533,T,KO,I,13,69.92
2025-12-30,9:47:31.498849134,T,KO,I,21,69.92
2025-12-30,9:47:31.498851690,T,KO,I,1,69.92
2025-12-30,9:47:33.726863862,T,KO,I,4,69.925
2025-12-30,9:47:37.938635357,T,KO,I,20,69.91
2025-12-30,9:47:37.938637763,T,KO,I,20,69.91
2025-12-30,9:47:40.206398740,T,KO,F I,60,69.91
2025-12-30,9:48:01.197486735,T,KO,,100,69.91
2025-12-30,9:48:07.968078765,T,KO,I,14,69.91
2025-12-30,9:48:10.978232727,T,KO,I,5,69.915
2025-12-30,9:48:15.908733327,T,KO,I,10,69.915
2025-12-30,9:48:17.368888007,T,KO,I,24,69.915
2025-12-30,9:48:23.833636741,T,KO,F I,61,69.92
2025-12-30,9:48:23.833672637,T,KO,,139,69.92
2025-12-30,9:48:23.833676268,T,KO,I,94,69.92
2025-12-30,9:48:23.833703055,T,KO,F I,6,69.92
2025-12-30,9:48:23.833703055,T,KO,F,100,69.92
2025-12-30,9:48:23.833705678,T,KO,F,100,69.92
2025-12-30,9:48:23.833708668,T,KO,F I,37,69.92
2025-12-30,9:48:23.833708668,T,KO,I,1,69.92
2025-12-30,9:48:23.833832671,T,KO,I,62,69.92
2025-12-30,9:48:23.833832671,T,KO,I,24,69.92
2025-12-30,9:48:26.696902749,T,KO,I,20,69.93
2025-12-30,9:48:26.696905924,T,KO,,100,69.93
2025-12-30,9:48:26.696905924,T,KO,I,25,69.93
2025-12-30,9:48:26.696920817,T,KO,I,1,69.93
2025-12-30,9:48:30.271841571,T,KO,F I,5,69.93
2025-12-30,9:48:30.271843985,T,KO,F,200,69.93
2025-12-30,9:48:30.271846966,T,KO,F I,8,69.93
2025-12-30,9:48:31.328590676,T,KO,I,19,69.92
2025-12-30,9:48:31.329006058,T,KO,F,200,69.92
2025-12-30,9:48:31.329011770,T,KO,F I,69,69.92
2025-12-30,9:48:31.329011770,T,KO,F I,6,69.92
2025-12-30,9:48:31.329026705,T,KO,I,1,69.92
2025-12-30,9:48:31.335955217,T,KO,I,69,69.92
2025-12-30,9:48:36.306240648,T,KO,I,7,69.915
2025-12-30,9:48:47.680256205,T,KO,,641,69.9
2025-12-30,9:48:47.680274280,T,KO,I,1,69.9
2025-12-30,9:48:47.680286341,T,KO,I,72,69.9
2025-12-30,9:48:47.680316374,T,KO,F I,86,69.9
2025-12-30,9:48:47.680316374,T,KO,F I,40,69.9
2025-12-30,9:48:47.680322476,T,KO,F I,4,69.9
2025-12-30,9:48:47.680322476,T,KO,F I,13,69.9
2025-12-30,9:48:47.680641242,T,KO,I,67,69.9
2025-12-30,9:48:47.680816443,T,KO,,200,69.9
2025-12-30,9:48:47.680818602,T,KO,I,67,69.9
2025-12-30,9:48:47.680822029,T,KO,I,6,69.9
2025-12-30,9:48:47.680825156,T,KO,I,27,69.9
2025-12-30,9:48:47.680864032,T,KO,,173,69.9
2025-12-30,9:48:47.680864032,T,KO,I,50,69.9
2025-12-30,9:48:47.680870076,T,KO,I,25,69.9
2025-12-30,9:48:47.680870076,T,KO,,100,69.9
2025-12-30,9:48:47.680870076,T,KO,,100,69.9
2025-12-30,9:48:47.680881742,T,KO,I,1,69.9
2025-12-30,9:48:47.680896761,T,KO,F I,2,69.9
2025-12-30,9:48:47.681862068,T,KO,F I,67,69.9
2025-12-30,9:48:47.681862068,T,KO,F I,6,69.9
2025-12-30,9:48:47.681865096,T,KO,F I,70,69.9
2025-12-30,9:48:47.681868045,T,KO,F I,25,69.9
2025-12-30,9:48:47.681868045,T,KO,F I,50,69.9
2025-12-30,9:48:47.682622863,T,KO,F I,50,69.9
2025-12-30,9:48:47.693184021,T,KO,,100,69.895
2025-12-30,9:48:47.755002239,T,KO,,100,69.895
2025-12-30,9:48:47.757588429,T,KO,,120,69.895
2025-12-30,9:48:47.861116235,T,KO,F I,6,69.9
2025-12-30,9:48:47.861116235,T,KO,F I,67,69.9
2025-12-30,9:48:47.861122273,T,KO,F I,20,69.9
2025-12-30,9:48:47.861122273,T,KO,F I,80,69.9
2025-12-30,9:48:47.861122273,T,KO,F,100,69.9
2025-12-30,9:48:47.905928719,T,KO,F I,50,69.91
2025-12-30,9:48:47.905931769,T,KO,F I,66,69.91
2025-12-30,9:48:47.906055084,T,KO,F I,34,69.91
2025-12-30,9:48:47.906427964,T,KO,,100,69.91
2025-12-30,9:48:47.906431651,T,KO,I,66,69.91
2025-12-30,9:48:47.906431651,T,KO,I,34,69.91
2025-12-30,9:48:47.906563357,T,KO,I,17,69.91
2025-12-30,9:48:47.937516004,T,KO,F I,33,69.91
2025-12-30,9:48:47.937519392,T,KO,F,100,69.91
2025-12-30,9:48:47.937522245,T,KO,F,100,69.91
2025-12-30,9:48:47.937522245,T,KO,F I,50,69.91
2025-12-30,9:48:47.937525020,T,KO,F I,3,69.91
2025-12-30,9:48:47.937527936,T,KO,F I,97,69.91
2025-12-30,9:48:47.944459676,T,KO,,100,69.915
2025-12-30,9:48:47.944459676,T,KO,,200,69.915
2025-12-30,9:48:47.944462521,T,KO,,100,69.91
2025-12-30,9:48:49.154427185,T,KO,,100,69.925
2025-12-30,9:48:51.462619441,T,KO,I,4,69.925
2025-12-30,9:48:51.843756202,T,KO,F I,41,69.92
2025-12-30,9:48:51.843831382,T,KO,I,68,69.92
2025-12-30,9:48:53.319668203,T,KO,F,100,69.92
2025-12-30,9:49:01.427545573,T,KO,F I,41,69.92
2025-12-30,9:49:01.427545573,T,KO,F,100,69.92
2025-12-30,9:49:01.427548175,T,KO,F I,8,69.92
2025-12-30,9:49:06.199757804,T,KO,,100,69.91
2025-12-30,9:49:06.199757804,T,KO,I,11,69.91
2025-12-30,9:49:06.199775903,T,KO,I,1,69.91
2025-12-30,9:49:10.714879186,T,KO,F I,80,69.91
2025-12-30,9:49:10.714882171,T,KO,F I,10,69.91
2025-12-30,9:49:12.450369944,T,KO,F I,7,69.91
2025-12-30,9:49:12.450372531,T,KO,F,100,69.91
2025-12-30,9:49:12.450376554,T,KO,F I,50,69.91
2025-12-30,9:49:12.450376554,T,KO,F,100,69.91
2025-12-30,9:49:12.450378461,T,KO,F I,20,69.91
2025-12-30,9:49:12.450381466,T,KO,F I,53,69.91
2025-12-30,9:49:12.450381466,T,KO,F,147,69.91
2025-12-30,9:49:12.924523851,T,KO,F I,20,69.92
2025-12-30,9:49:12.924526755,T,KO,F,100,69.92
2025-12-30,9:49:12.924529751,T,KO,F I,83,69.92
2025-12-30,9:49:12.924542093,T,KO,I,1,69.92
2025-12-30,9:49:12.924839705,T,KO,F I,58,69.92
2025-12-30,9:49:12.924842440,T,KO,F,100,69.92
2025-12-30,9:49:12.924845511,T,KO,F I,14,69.92
2025-12-30,9:49:12.924860670,T,KO,I,1,69.92
2025-12-30,9:49:12.924866552,T,KO,I,32,69.92
2025-12-30,9:49:12.925007865,T,KO,F I,32,69.92
2025-12-30,9:49:18.094966473,T,KO,F I,8,69.92
2025-12-30,9:49:18.094969103,T,KO,F I,58,69.92
2025-12-30,9:49:18.094971760,T,KO,F I,32,69.92
2025-12-30,9:49:18.094974799,T,KO,F I,2,69.92
2025-12-30,9:49:18.094986793,T,KO,I,1,69.92
2025-12-30,9:49:18.094995819,T,KO,I,29,69.92
2025-12-30,9:49:18.094999698,T,KO,,100,69.92
2025-12-30,9:49:18.094999698,T,KO,,100,69.92
2025-12-30,9:49:18.095001854,T,KO,I,1,69.92
2025-12-30,9:49:18.095004908,T,KO,F I,99,69.92
2025-12-30,9:49:18.152444620,T,KO,F I,7,69.92
2025-12-30,9:49:18.152447694,T,KO,F I,59,69.92
2025-12-30,9:49:18.152447694,T,KO,F I,25,69.92
2025-12-30,9:49:18.152451192,T,KO,F I,13,69.92
2025-12-30,9:49:18.153163364,T,KO,I,59,69.92
2025-12-30,9:49:18.153167030,T,KO,I,7,69.92
2025-12-30,9:49:18.153167030,T,KO,I,59,69.92
2025-12-30,9:49:18.153170325,T,KO,I,19,69.92
2025-12-30,9:49:18.153172571,T,KO,,100,69.92
2025-12-30,9:49:18.153172571,T,KO,,100,69.92
2025-12-30,9:49:18.153392058,T,KO,F I,59,69.92
2025-12-30,9:49:18.153394975,T,KO,F,100,69.92
2025-12-30,9:49:18.153397887,T,KO,F,100,69.92
2025-12-30,9:49:18.153403889,T,KO,F I,59,69.92
2025-12-30,9:49:18.153416510,T,KO,F I,50,69.92
2025-12-30,9:49:18.262287296,T,KO,F,100,69.92
2025-12-30,9:49:18.262290416,T,KO,F I,7,69.92
2025-12-30,9:49:18.262290416,T,KO,F I,59,69.92
2025-12-30,9:49:18.262293372,T,KO,F I,59,69.92
2025-12-30,9:49:18.262296301,T,KO,F I,50,69.92
2025-12-30,9:49:18.262296301,T,KO,F I,25,69.92
2025-12-30,9:49:19.275800117,T,KO,F I,75,69.92
2025-12-30,9:49:19.275803121,T,KO,F,100,69.92
2025-12-30,9:49:19.392123108,T,KO,I,3,69.925
2025-12-30,9:49:19.923708217,T,KO,F I,7,69.92
2025-12-30,9:49:19.923708217,T,KO,F I,59,69.92
2025-12-30,9:49:20.103043245,T,KO,F I,42,69.92
2025-12-30,9:49:20.574421887,T,KO,I,50,69.92
2025-12-30,9:49:20.574455003,T,KO,I,58,69.92
2025-12-30,9:49:20.574455003,T,KO,I,7,69.92
2025-12-30,9:49:22.043357680,T,KO,F,100,69.92
2025-12-30,9:49:22.043361039,T,KO,F I,58,69.92
2025-12-30,9:49:22.043363836,T,KO,F I,50,69.92
2025-12-30,9:49:22.043363836,T,KO,F I,20,69.92
2025-12-30,9:49:22.043366344,T,KO,F I,94,69.92
2025-12-30,9:49:22.043375353,T,KO,I,1,69.92
2025-12-30,9:49:22.043543750,T,KO,F I,35,69.92
2025-12-30,9:49:22.043868586,T,KO,I,58,69.92
2025-12-30,9:49:22.043868586,T,KO,I,7,69.92
2025-12-30,9:49:22.043982825,T,KO,,100,69.92
2025-12-30,9:49:22.043985909,T,KO,I,58,69.92
2025-12-30,9:49:22.043989546,T,KO,I,58,69.92
2025-12-30,9:49:22.044065429,T,KO,F I,58,69.92
2025-12-30,9:49:22.044065429,T,KO,F I,58,69.92
2025-12-30,9:49:22.044070724,T,KO,F,100,69.92
2025-12-30,9:49:22.206724574,T,KO,,100,69.915
2025-12-30,9:49:22.206727480,T,KO,I,69,69.91
2025-12-30,9:49:22.211184035,T,KO,I,58,69.91
2025-12-30,9:49:26.939443986,T,KO,F,100,69.92
2025-12-30,9:49:28.257377836,T,KO,F I,36,69.92
2025-12-30,9:49:32.664163110,T,KO,I,6,69.92
2025-12-30,9:49:32.664166209,T,KO,,100,69.92
2025-12-30,9:49:32.664166209,T,KO,I,19,69.92
2025-12-30,9:49:32.664181252,T,KO,I,1,69.92
2025-12-30,9:49:32.664376653,T,KO,I,55,69.92
2025-12-30,9:49:32.664563085,T,KO,I,55,69.92
2025-12-30,9:49:32.664635266,T,KO,,100,69.92
2025-12-30,9:49:32.664638241,T,KO,I,19,69.92
2025-12-30,9:49:32.664662315,T,KO,I,1,69.92
2025-12-30,9:49:33.300836515,T,KO,,100,69.915
2025-12-30,9:49:37.720212735,T,KO,,100,69.92
2025-12-30,9:49:37.720230896,T,KO,F I,1,69.92
2025-12-30,9:49:37.720234059,T,KO,F I,16,69.92
2025-12-30,9:49:37.720234059,T,KO,I,1,69.92
2025-12-30,9:49:37.720245854,T,KO,F I,13,69.92
2025-12-30,9:49:38.252766042,T,KO,F I,64,69.925
2025-12-30,9:49:38.252769022,T,KO,I,6,69.925
2025-12-30,9:49:43.637089540,T,KO,,100,69.935
2025-12-30,9:49:44.952858212,T,KO,I,7,69.935
2025-12-30,9:49:46.697367117,T,KO,F I,50,69.94
2025-12-30,9:49:46.697369949,T,KO,F,100,69.94
2025-12-30,9:49:49.994819211,T,KO,I,7,69.945
2025-12-30,9:49:50.933360657,T,KO,F I,1,69.94
2025-12-30,9:49:50.933718399,T,KO,I,99,69.94
2025-12-30,9:49:50.933739388,T,KO,I,1,69.94
2025-12-30,9:49:52.877779364,T,KO,I,35,69.935
2025-12-30,9:49:53.736757129,T,KO,I,91,69.935
2025-12-30,9:50:06.816008006,T,KO,F I,20,69.93
2025-12-30,9:50:06.816010945,T,KO,F I,8,69.93
2025-12-30,9:50:06.816014361,T,KO,F I,32,69.93
2025-12-30,9:50:06.816026845,T,KO,F,208,69.93
2025-12-30,9:50:06.816030058,T,KO,F I,1,69.93
2025-12-30,9:50:06.816030058,T,KO,F I,24,69.93
2025-12-30,9:50:06.816489123,T,KO,F I,49,69.93
2025-12-30,9:50:09.393077113,T,KO,I,20,69.92
2025-12-30,9:50:10.830972214,T,KO,I,89,69.925
2025-12-30,9:50:15.205490924,T,KO,F,200,69.93
2025-12-30,9:50:15.205490924,T,KO,F I,10,69.93
2025-12-30,9:50:15.205505598,T,KO,F I,42,69.93
2025-12-30,9:50:15.205508607,T,KO,I,1,69.93
2025-12-30,9:50:15.205631834,T,KO,F I,57,69.93
2025-12-30,9:50:19.435650128,T,KO,I,1,69.935
2025-12-30,9:50:21.462002757,T,KO,F I,50,69.93
2025-12-30,9:50:21.462002757,T,KO,F I,10,69.93
2025-12-30,9:50:23.765127359,T,KO,,100,69.93
2025-12-30,9:50:30.363339789,T,KO,F I,99,69.94
2025-12-30,9:50:35.414418585,T,KO,,100,69.95
2025-12-30,9:50:38.869948451,T,KO,F,100,69.96
2025-12-30,9:50:38.869951768,T,KO,F I,30,69.96
2025-12-30,9:50:38.869963568,T,KO,F I,20,69.96
2025-12-30,9:50:47.326334587,T,KO,F I,80,69.97
2025-12-30,9:51:04.694766545,T,KO,F,100,69.96
2025-12-30,9:51:04.694769999,T,KO,F I,6,69.96
2025-12-30,9:51:04.694769999,T,KO,F I,8,69.96
2025-12-30,9:51:04.694772677,T,KO,F I,1,69.96
2025-12-30,9:51:04.694775576,T,KO,F I,5,69.96
2025-12-30,9:51:04.694784592,T,KO,I,1,69.96
2025-12-30,9:51:04.694788595,T,KO,F I,17,69.96
2025-12-30,9:51:04.924378352,T,KO,F I,6,69.94
2025-12-30,9:51:04.924381628,T,KO,F I,6,69.94
2025-12-30,9:51:04.924384385,T,KO,F I,6,69.94
2025-12-30,9:51:04.924390400,T,KO,F I,2,69.94
2025-12-30,9:51:04.924393440,T,KO,F I,4,69.94
2025-12-30,9:51:14.164559985,T,KO,I,64,69.945
2025-12-30,9:51:15.211443268,T,KO,F I,60,69.94
2025-12-30,9:51:15.211446328,T,KO,F I,28,69.94
2025-12-30,9:51:15.211446328,T,KO,F I,1,69.94
2025-12-30,9:51:15.211500490,T,KO,F I,8,69.94
2025-12-30,9:51:15.211906336,T,KO,F I,12,69.94
2025-12-30,9:51:16.793195367,T,KO,F,100,69.93
2025-12-30,9:51:16.793198423,T,KO,F I,25,69.93
2025-12-30,9:51:27.030534019,T,KO,I,22,69.92
2025-12-30,9:51:27.140989913,T,KO,I,40,69.91
2025-12-30,9:51:27.140993007,T,KO,I,3,69.91
2025-12-30,9:51:27.141008056,T,KO,F I,10,69.91
2025-12-30,9:51:31.900503314,T,KO,I,4,69.905
2025-12-30,9:51:32.425923643,T,KO,,100,69.905
2025-12-30,9:51:34.676104821,T,KO,,100,69.905
2025-12-30,9:51:34.676107746,T,KO,I,5,69.905
2025-12-30,9:51:34.771347550,T,KO,I,7,69.91
2025-12-30,9:51:34.771380615,T,KO,,118,69.905
2025-12-30,9:51:34.771876783,T,KO,I,20,69.91
2025-12-30,9:51:35.230847911,T,KO,I,25,69.9
2025-12-30,9:51:35.230850967,T,KO,I,12,69.9
2025-12-30,9:51:35.231326035,T,KO,F I,28,69.9
2025-12-30,9:51:35.231326035,T,KO,F I,23,69.9
2025-12-30,9:51:35.234474544,T,KO,,100,69.895
2025-12-30,9:51:51.006668990,T,KO,F I,10,69.89
2025-12-30,9:51:51.006672634,T,KO,F I,24,69.89
2025-12-30,9:51:51.006672634,T,KO,F I,3,69.89
2025-12-30,9:51:51.006675005,T,KO,F I,8,69.89
2025-12-30,9:51:51.007005800,T,KO,I,93,69.89
2025-12-30,9:51:51.007026818,T,KO,I,1,69.89
2025-12-30,9:51:51.238127181,T,KO,F I,50,69.89
2025-12-30,9:51:51.238484997,T,KO,F I,40,69.89
2025-12-30,9:51:51.240337466,T,KO,,100,69.89
2025-12-30,9:51:51.240341302,T,KO,I,35,69.89
2025-12-30,9:51:51.240341302,T,KO,,100,69.89
2025-12-30,9:51:51.240343616,T,KO,I,11,69.89
2025-12-30,9:51:51.240346695,T,KO,,100,69.885
2025-12-30,9:51:51.240346695,T,KO,I,54,69.885
2025-12-30,9:52:01.102733960,T,KO,I,1,69.885
2025-12-30,9:52:04.002919231,T,KO,I,7,69.885
2025-12-30,9:52:06.597793093,T,KO,I,10,69.885
2025-12-30,9:52:08.139457400,T,KO,F I,11,69.89
2025-12-30,9:52:08.139460232,T,KO,F I,35,69.89
2025-12-30,9:52:08.139460232,T,KO,F I,25,69.89
2025-12-30,9:52:08.139462702,T,KO,F,100,69.89
2025-12-30,9:52:08.139465780,T,KO,F I,18,69.89
2025-12-30,9:52:28.005634563,T,KO,I,3,69.895
2025-12-30,9:52:35.706194617,T,KO,,100,69.895
2025-12-30,9:52:40.051666653,T,KO,I,60,69.9
2025-12-30,9:52:40.051669715,T,KO,I,40,69.9
2025-12-30,9:52:40.051678779,T,KO,I,1,69.9
2025-12-30,9:52:42.957090393,T,KO,I,10,69.895
2025-12-30,9:52:48.896166134,T,KO,F,100,69.89
2025-12-30,9:52:48.896166134,T,KO,F,100,69.89
2025-12-30,9:52:48.896172407,T,KO,F I,1,69.89
2025-12-30,9:52:48.896172407,T,KO,F,100,69.89
2025-12-30,9:52:48.896174973,T,KO,F,125,69.89
2025-12-30,9:53:03.035712104,T,KO,F I,5,69.89
2025-12-30,9:53:03.035715255,T,KO,F,100,69.89
2025-12-30,9:53:03.035730223,T,KO,F,100,69.89
2025-12-30,9:53:03.039281592,T,KO,F,100,69.89
2025-12-30,9:53:03.039284600,T,KO,F I,16,69.89
2025-12-30,9:53:03.039311716,T,KO,F I,26,69.89
2025-12-30,9:53:03.039314657,T,KO,F,100,69.89
2025-12-30,9:53:03.039317739,T,KO,F I,25,69.89
2025-12-30,9:53:03.039356719,T,KO,F I,8,69.89
2025-12-30,9:53:03.156492053,T,KO,F I,2,69.88
2025-12-30,9:53:04.407934798,T,KO,I,1,69.87
2025-12-30,9:53:04.407934798,T,KO,I,2,69.87
2025-12-30,9:53:04.408917578,T,KO,,100,69.87
2025-12-30,9:53:04.408917578,T,KO,I,38,69.87
2025-12-30,9:53:04.408923524,T,KO,I,27,69.87
2025-12-30,9:53:04.408923524,T,KO,I,16,69.87
2025-12-30,9:53:04.408926576,T,KO,,100,69.87
2025-12-30,9:53:04.408926576,T,KO,I,15,69.87
2025-12-30,9:53:04.408938612,T,KO,I,1,69.87
2025-12-30,9:53:04.408959699,T,KO,I,10,69.87
2025-12-30,9:53:04.412108237,T,KO,F I,20,69.87
2025-12-30,9:53:04.412108237,T,KO,F I,18,69.87
2025-12-30,9:53:04.412111226,T,KO,F I,38,69.87
2025-12-30,9:53:04.412114265,T,KO,F,100,69.87
2025-12-30,9:53:04.412117132,T,KO,F,100,69.87
2025-12-30,9:53:04.412117132,T,KO,F,100,69.87
2025-12-30,9:53:04.696450738,T,KO,F,100,69.87
2025-12-30,9:53:04.696450738,T,KO,F,100,69.87
2025-12-30,9:53:04.696453353,T,KO,F,100,69.87
2025-12-30,9:53:04.696456372,T,KO,F,100,69.87
2025-12-30,9:53:04.706981606,T,KO,,200,69.87
2025-12-30,9:53:04.706984519,T,KO,,100,69.87
2025-12-30,9:53:04.706990518,T,KO,I,38,69.87
2025-12-30,9:53:04.706990518,T,KO,I,11,69.87
2025-12-30,9:53:04.706994129,T,KO,,100,69.87
2025-12-30,9:53:04.706994129,T,KO,,100,69.87
2025-12-30,9:53:04.706996529,T,KO,,100,69.87
2025-12-30,9:53:04.706999495,T,KO,,100,69.87
2025-12-30,9:53:04.706999495,T,KO,I,50,69.87
2025-12-30,9:53:04.707002953,T,KO,I,25,69.87
2025-12-30,9:53:04.707002953,T,KO,I,13,69.87
2025-12-30,9:53:04.707005450,T,KO,,200,69.87
2025-12-30,9:53:04.759269951,T,KO,F,100,69.86
2025-12-30,9:53:04.759273479,T,KO,F,100,69.86
2025-12-30,9:53:04.882668885,T,KO,,100,69.855
2025-12-30,9:53:05.269492135,T,KO,I,24,69.86
2025-12-30,9:53:05.269516644,T,KO,F I,76,69.86
2025-12-30,9:53:05.269516644,T,KO,F I,48,69.86
2025-12-30,9:53:05.269519182,T,KO,F I,37,69.86
2025-12-30,9:53:05.269522411,T,KO,F I,1,69.86
2025-12-30,9:53:05.269522411,T,KO,F I,33,69.86
2025-12-30,9:53:05.269525189,T,KO,F I,11,69.86
2025-12-30,9:53:05.269721811,T,KO,F I,48,69.86
2025-12-30,9:53:05.269723648,T,KO,F I,1,69.86
2025-12-30,9:53:05.269759827,T,KO,I,1,69.86
2025-12-30,9:53:05.269759827,T,KO,I,2,69.86
2025-12-30,9:53:05.269795900,T,KO,F I,1,69.86
2025-12-30,9:53:05.269910139,T,KO,F I,17,69.86
2025-12-30,9:53:05.269994586,T,KO,I,19,69.86
2025-12-30,9:53:11.555236360,T,KO,I,85,69.855
2025-12-30,9:53:13.864451986,T,KO,F I,94,69.85
2025-12-30,9:53:13.864451986,T,KO,F I,4,69.85
2025-12-30,9:53:13.877411888,T,KO,,100,69.845
2025-12-30,9:53:18.712676009,T,KO,I,2,69.84
2025-12-30,9:53:18.712678655,T,KO,I,2,69.84
2025-12-30,9:53:25.689534926,T,KO,I,28,69.835
2025-12-30,9:53:27.818575370,T,KO,I,36,69.835
2025-12-30,9:53:29.401428064,T,KO,,100,69.83
2025-12-30,9:53:29.401431118,T,KO,,100,69.83
2025-12-30,9:53:29.401446161,T,KO,F,126,69.83
2025-12-30,9:53:29.401449345,T,KO,I,1,69.83
2025-12-30,9:53:29.403247467,T,KO,F I,20,69.83
2025-12-30,9:53:29.403545192,T,KO,F I,20,69.83
2025-12-30,9:53:29.478522687,T,KO,,100,69.835
2025-12-30,9:53:29.486193950,T,KO,,100,69.835
2025-12-30,9:53:29.510873726,T,KO,,100,69.835
2025-12-30,9:53:29.581563160,T,KO,,100,69.835
2025-12-30,9:53:29.585322131,T,KO,,100,69.835
2025-12-30,9:53:33.508246019,T,KO,I,21,69.85
2025-12-30,9:53:34.778483376,T,KO,I,51,69.85
2025-12-30,9:53:35.648122188,T,KO,,100,69.845
2025-12-30,9:53:35.648124478,T,KO,I,80,69.85
2025-12-30,9:53:35.648127447,T,KO,I,25,69.85
2025-12-30,9:53:35.648142414,T,KO,I,1,69.85
2025-12-30,9:53:49.880541006,T,KO,F I,20,69.86
2025-12-30,9:53:54.788069400,T,KO,I,2,69.86
2025-12-30,9:53:55.759839953,T,KO,F I,70,69.85
2025-12-30,9:53:55.767971190,T,KO,,100,69.85
2025-12-30,9:54:06.168707537,T,KO,I,4,69.84
2025-12-30,9:54:06.168707537,T,KO,I,3,69.84
2025-12-30,9:54:06.197304978,T,KO,F I,3,69.83
2025-12-30,9:54:06.219988390,T,KO,I,10,69.825
2025-12-30,9:54:06.219991038,T,KO,,100,69.82
2025-12-30,9:54:06.219991038,T,KO,I,15,69.82
2025-12-30,9:54:06.220009063,T,KO,I,1,69.82
2025-12-30,9:54:06.321269247,T,KO,F I,33,69.83
2025-12-30,9:54:06.321269247,T,KO,F,100,69.83
2025-12-30,9:54:06.322102645,T,KO,F I,33,69.83
2025-12-30,9:54:06.322102645,T,KO,F I,12,69.83
2025-12-30,9:54:06.322108246,T,KO,F I,33,69.83
2025-12-30,9:54:06.322108246,T,KO,F,100,69.83
2025-12-30,9:54:06.322111327,T,KO,F,100,69.83
2025-12-30,9:54:09.027047414,T,KO,F I,32,69.83
2025-12-30,9:54:12.365649702,T,KO,I,1,69.83
2025-12-30,9:54:18.677796830,T,KO,F I,39,69.83
2025-12-30,9:54:24.026632711,T,KO,F I,70,69.84
2025-12-30,9:54:24.026743972,T,KO,F I,30,69.84
2025-12-30,9:54:24.026743972,T,KO,F I,1,69.84
2025-12-30,9:54:24.032824528,T,KO,,100,69.83
2025-12-30,9:54:24.032827564,T,KO,I,25,69.83
2025-12-30,9:54:24.032827564,T,KO,I,50,69.83
2025-12-30,9:54:24.042405338,T,KO,,100,69.83
2025-12-30,9:54:24.042426547,T,KO,I,1,69.83
2025-12-30,9:54:25.043997735,T,KO,F I,1,69.83
2025-12-30,9:54:25.044773709,T,KO,I,35,69.83
2025-12-30,9:54:25.044773709,T,KO,I,55,69.83
2025-12-30,9:54:25.044794675,T,KO,I,1,69.83
2025-12-30,9:54:26.734368524,T,KO,F I,62,69.83
2025-12-30,9:54:41.984053701,T,KO,F I,35,69.83
2025-12-30,9:55:00.183298342,T,KO,F,100,69.83
2025-12-30,9:55:00.217384543,T,KO,I,5,69.825
2025-12-30,9:55:00.302454128,T,KO,F I,16,69.83
2025-12-30,9:55:04.314032193,T,KO,F I,60,69.83
2025-12-30,9:55:13.113324695,T,KO,F I,97,69.85
2025-12-30,9:55:13.113342832,T,KO,I,1,69.85
2025-12-30,9:55:13.113351806,T,KO,F I,2,69.85
2025-12-30,9:55:13.113354830,T,KO,F I,1,69.85
2025-12-30,9:55:15.486309551,T,KO,I,27,69.85
2025-12-30,9:55:15.486309551,T,KO,I,57,69.85
2025-12-30,9:55:34.696567841,T,KO,I,65,69.845
2025-12-30,9:55:39.431091776,T,KO,I,16,69.84
2025-12-30,9:55:39.505206244,T,KO,I,40,69.83
2025-12-30,9:55:39.505209661,T,KO,I,2,69.83
2025-12-30,9:55:39.505212727,T,KO,,100,69.83
2025-12-30,9:55:39.505215296,T,KO,I,1,69.83
2025-12-30,9:55:39.612510810,T,KO,I,32,69.83
2025-12-30,9:55:39.612510810,T,KO,I,25,69.83
2025-12-30,9:55:57.406597876,T,KO,F,100,69.84
2025-12-30,9:55:57.406600819,T,KO,F I,32,69.84
2025-12-30,9:55:57.406600819,T,KO,F,100,69.84
2025-12-30,9:56:09.300392173,T,KO,F,200,69.83
2025-12-30,9:56:09.300395227,T,KO,F I,3,69.83
2025-12-30,9:56:09.300398088,T,KO,F I,1,69.83
2025-12-30,9:56:09.300443280,T,KO,I,1,69.83
2025-12-30,9:56:25.362534491,T,KO,,100,69.825
2025-12-30,9:56:25.362537099,T,KO,I,31,69.83
2025-12-30,9:56:25.362540044,T,KO,I,25,69.83
2025-12-30,9:56:25.362540044,T,KO,,200,69.83
2025-12-30,9:56:25.464245258,T,KO,,100,69.825
2025-12-30,9:56:38.943469856,T,KO,I,84,69.825
2025-12-30,9:56:50.522892645,T,KO,I,6,69.82
2025-12-30,9:56:50.522892645,T,KO,,100,69.82
2025-12-30,9:56:58.150330187,T,KO,I,10,69.815
2025-12-30,9:56:58.265326990,T,KO,I,10,69.815
2025-12-30,9:57:05.794238097,T,KO,,100,69.815
2025-12-30,9:57:15.005135767,T,KO,I,5,69.815
2025-12-30,9:57:15.415168306,T,KO,F I,39,69.82
2025-12-30,9:57:15.416230968,T,KO,F,100,69.82
2025-12-30,9:57:15.416230968,T,KO,F,100,69.82
2025-12-30,9:57:15.416235830,T,KO,F I,49,69.82
2025-12-30,9:57:15.416235830,T,KO,F,100,69.82
2025-12-30,9:57:15.416238909,T,KO,F I,11,69.82
2025-12-30,9:57:15.416238909,T,KO,F I,25,69.82
2025-12-30,9:57:15.416241857,T,KO,F I,75,69.82
2025-12-30,9:57:15.416262980,T,KO,I,1,69.82
2025-12-30,9:57:15.416921491,T,KO,I,99,69.82
2025-12-30,9:57:15.539126535,T,KO,F I,50,69.82
2025-12-30,9:57:15.539126535,T,KO,F I,49,69.82
2025-12-30,9:57:29.257432277,T,KO,I,87,69.825
2025-12-30,9:57:32.351128259,T,KO,F I,1,69.82
2025-12-30,9:57:32.351131480,T,KO,F I,1,69.82
2025-12-30,9:57:32.351131480,T,KO,F I,49,69.82
2025-12-30,9:57:34.171179925,T,KO,F,120,69.82
2025-12-30,9:57:34.171182933,T,KO,F I,40,69.82
2025-12-30,9:57:40.900297354,T,KO,F I,10,69.82
2025-12-30,9:57:40.900301168,T,KO,F,100,69.82
2025-12-30,9:57:40.900301168,T,KO,F I,2,69.82
2025-12-30,9:57:42.979268689,T,KO,,100,69.815
2025-12-30,9:57:58.286839235,T,KO,F,612,69.81
2025-12-30,9:57:58.286839235,T,KO,F I,1,69.81
2025-12-30,9:57:58.286844401,T,KO,F I,6,69.81
2025-12-30,9:57:58.287322538,T,KO,F I,1,69.81
2025-12-30,9:58:05.665908506,T,KO,,100,69.805
2025-12-30,9:58:11.886938627,T,KO,,100,69.805
2025-12-30,9:58:14.920729080,T,KO,F I,2,69.81
2025-12-30,9:58:14.920729080,T,KO,F I,10,69.81
2025-12-30,9:58:14.922452717,T,KO,F,200,69.81
2025-12-30,9:58:14.922452717,T,KO,F I,59,69.81
2025-12-30,9:58:14.922456282,T,KO,F,100,69.81
2025-12-30,9:58:14.922456282,T,KO,F I,1,69.81
2025-12-30,9:58:14.922458155,T,KO,F I,50,69.81
2025-12-30,9:58:14.922461514,T,KO,F,100,69.81
2025-12-30,9:58:14.922464248,T,KO,F I,20,69.81
2025-12-30,9:58:14.922473220,T,KO,I,1,69.81
2025-12-30,9:58:14.922509230,T,KO,I,99,69.81
2025-12-30,9:58:15.023137994,T,KO,,100,69.805
2025-12-30,9:58:18.216346962,T,KO,,100,69.805
2025-12-30,9:58:19.705695025,T,KO,F I,20,69.805
2025-12-30,9:58:50.676323212,T,KO,F I,1,69.81
2025-12-30,9:58:50.676323212,T,KO,F I,12,69.81
2025-12-30,9:58:50.676326221,T,KO,F I,59,69.81
2025-12-30,9:58:50.676329276,T,KO,F,100,69.81
2025-12-30,9:58:51.511733964,T,KO,F,120,69.82
2025-12-30,9:59:14.692306227,T,KO,,100,69.825
2025-12-30,9:59:22.728898877,T,KO,I,1,69.82
2025-12-30,9:59:22.728901378,T,KO,,100,69.82
2025-12-30,9:59:22.728904898,T,KO,I,2,69.82
2025-12-30,9:59:23.105178495,T,KO,I,80,69.815
2025-12-30,9:59:26.362833899,T,KO,I,1,69.81
2025-12-30,9:59:26.542331733,T,KO,F I,92,69.81
2025-12-30,9:59:26.542334422,T,KO,F,100,69.81
2025-12-30,9:59:26.542355716,T,KO,I,1,69.81
2025-12-30,9:59:26.542965969,T,KO,,100,69.81
2025-12-30,9:59:26.542986949,T,KO,I,1,69.81
2025-12-30,9:59:32.109845145,T,KO,I,10,69.815
2025-12-30,9:59:34.463734159,T,KO,,100,69.815
2025-12-30,9:59:34.752045906,T,KO,I,52,69.815
2025-12-30,9:59:44.901057911,T,KO,,100,69.815
2025-12-30,9:59:53.105798456,T,KO,,1500,69.815
2025-12-30,10:00:00.061731452,T,KO,F,100,69.82
2025-12-30,10:00:00.061731452,T,KO,F,100,69.82
2025-12-30,10:00:00.369854070,T,KO,F I,90,69.82
2025-12-30,10:00:00.369854070,T,KO,F I,12,69.82
2025-12-30,10:00:00.369856679,T,KO,F,100,69.82
2025-12-30,10:00:00.369856679,T,KO,F I,10,69.82
2025-12-30,10:00:00.380886908,T,KO,F I,25,69.82
2025-12-30,10:00:00.380886908,T,KO,F,100,69.82
2025-12-30,10:00:00.380890959,T,KO,F I,72,69.82
2025-12-30,10:00:00.380893080,T,KO,F I,4,69.82
2025-12-30,10:00:00.380895973,T,KO,F I,47,69.82
2025-12-30,10:00:01.176979094,T,KO,,100,69.825
2025-12-30,10:00:01.176979094,T,KO,,100,69.825
2025-12-30,10:00:01.444670620,T,KO,I,71,69.825
2025-12-30,10:00:10.584403710,T,KO,I,1,69.83
2025-12-30,10:00:17.647700799,T,KO,I,99,69.83
2025-12-30,10:00:17.647703824,T,KO,,100,69.83
2025-12-30,10:00:17.647706899,T,KO,I,1,69.83
2025-12-30,10:00:17.656659186,T,KO,I,32,69.835
2025-12-30,10:00:20.196929202,T,KO,F I,74,69.83
2025-12-30,10:00:21.064444187,T,KO,,100,69.83
2025-12-30,10:00:21.064444187,T,KO,I,13,69.83
2025-12-30,10:00:21.064462271,T,KO,I,1,69.83
2025-12-30,10:00:30.560279705,T,KO,I,20,69.84
2025-12-30,10:00:30.560279705,T,KO,I,80,69.84
2025-12-30,10:00:30.560294716,T,KO,I,1,69.84
2025-12-30,10:00:30.560727893,T,KO,I,20,69.84
2025-12-30,10:00:30.568035236,T,KO,,100,69.845
2025-12-30,10:00:30.568035236,T,KO,,100,69.845
2025-12-30,10:00:30.823310198,T,KO,F I,9,69.84
2025-12-30,10:00:39.992288198,T,KO,F I,1,69.84
2025-12-30,10:00:42.009399131,T,KO,I,4,69.84
2025-12-30,10:00:43.033632610,T,KO,I,12,69.84
2025-12-30,10:00:43.033632610,T,KO,,100,69.84
2025-12-30,10:00:44.857990613,T,KO,,100,69.84
2025-12-30,10:00:44.858008643,T,KO,F I,12,69.84
2025-12-30,10:00:44.858011452,T,KO,F I,40,69.84
2025-12-30,10:00:44.858014521,T,KO,F,100,69.84
2025-12-30,10:01:26.293193241,T,KO,I,1,69.845
2025-12-30,10:01:29.962875019,T,KO,I,1,69.845
2025-12-30,10:01:41.846806943,T,KO,F I,30,69.85
2025-12-30,10:01:41.846806943,T,KO,F I,21,69.85
2025-12-30,10:01:41.846815960,T,KO,I,48,69.85
2025-12-30,10:01:41.846821066,T,KO,,100,69.85
2025-12-30,10:01:41.846821066,T,KO,,100,69.85
2025-12-30,10:01:41.847795588,T,KO,F I,40,69.86
2025-12-30,10:01:41.847795588,T,KO,F,100,69.86
2025-12-30,10:01:41.847798523,T,KO,F,100,69.86
2025-12-30,10:01:41.847801408,T,KO,F I,77,69.86
2025-12-30,10:01:41.855944871,T,KO,I,2,69.85
2025-12-30,10:01:41.899079648,T,KO,F I,4,69.85
2025-12-30,10:01:41.899083296,T,KO,F I,50,69.85
2025-12-30,10:01:41.899097558,T,KO,F I,42,69.85
2025-12-30,10:01:42.274570619,T,KO,F,100,69.84
2025-12-30,10:01:42.274574970,T,KO,F I,3,69.84
2025-12-30,10:01:42.274581670,T,KO,F I,8,69.84
2025-12-30,10:01:42.274583901,T,KO,F I,5,69.84
2025-12-30,10:01:42.274587165,T,KO,F I,50,69.84
2025-12-30,10:01:42.274590651,T,KO,F,100,69.84
2025-12-30,10:01:42.299754017,T,KO,F I,53,69.84
2025-12-30,10:01:42.299756779,T,KO,F I,22,69.84
2025-12-30,10:01:42.306460106,T,KO,I,50,69.85
2025-12-30,10:01:42.306463082,T,KO,,100,69.85
2025-12-30,10:01:42.306465844,T,KO,,100,69.85
2025-12-30,10:01:42.306483826,T,KO,I,1,69.85
2025-12-30,10:01:42.383605550,T,KO,I,53,69.85
2025-12-30,10:01:42.383608479,T,KO,I,47,69.85
2025-12-30,10:01:42.383623635,T,KO,I,1,69.85
2025-12-30,10:01:42.506836048,T,KO,F I,18,69.86
2025-12-30,10:01:42.506860001,T,KO,F I,82,69.86
2025-12-30,10:01:42.725952811,T,KO,F I,40,69.87
2025-12-30,10:01:42.727907518,T,KO,F I,18,69.875
2025-12-30,10:01:42.730866499,T,KO,I,18,69.875
2025-12-30,10:01:42.766814673,T,KO,F I,50,69.88
2025-12-30,10:01:42.766814673,T,KO,F,100,69.88
2025-12-30,10:01:43.104214747,T,KO,,100,69.885
2025-12-30,10:01:43.115957638,T,KO,F I,50,69.89
2025-12-30,10:01:43.115960866,T,KO,F,100,69.89
2025-12-30,10:01:43.115963654,T,KO,F I,3,69.89
2025-12-30,10:01:43.115963654,T,KO,F,100,69.89
2025-12-30,10:01:43.115966751,T,KO,F I,25,69.89
2025-12-30,10:01:43.116685389,T,KO,F,100,69.89
2025-12-30,10:01:43.116938013,T,KO,F,100,69.89
2025-12-30,10:01:43.291645109,T,KO,,100,69.885
2025-12-30,10:01:43.295001075,T,KO,,100,69.88
2025-12-30,10:01:43.331020838,T,KO,F,100,69.88
2025-12-30,10:01:43.331024169,T,KO,F,100,69.88
2025-12-30,10:01:43.331026885,T,KO,F,100,69.88
2025-12-30,10:01:43.331029939,T,KO,F I,50,69.88
2025-12-30,10:01:43.331029939,T,KO,F,100,69.88
2025-12-30,10:01:49.154756975,T,KO,,100,69.875
2025-12-30,10:01:54.790006981,T,KO,,100,69.875
2025-12-30,10:01:58.007501769,T,KO,F,100,69.87
2025-12-30,10:01:58.009233939,T,KO,F,100,69.86
2025-12-30,10:01:58.009233939,T,KO,F I,11,69.86
2025-12-30,10:01:58.009471967,T,KO,F,100,69.86
2025-12-30,10:01:58.009474517,T,KO,F I,69,69.86
2025-12-30,10:01:58.009477623,T,KO,F,100,69.86
2025-12-30,10:01:58.028789613,T,KO,,100,69.855
2025-12-30,10:01:58.031396737,T,KO,,178,69.855
2025-12-30,10:01:58.043109643,T,KO,,100,69.855
2025-12-30,10:01:58.043109643,T,KO,,100,69.855
2025-12-30,10:01:58.056028463,T,KO,,100,69.855
2025-12-30,10:01:58.058593538,T,KO,I,22,69.855
2025-12-30,10:01:58.136214429,T,KO,F,100,69.85
2025-12-30,10:01:58.136217673,T,KO,F I,15,69.85
2025-12-30,10:01:58.136217673,T,KO,F I,3,69.85
2025-12-30,10:01:58.136220432,T,KO,F I,50,69.85
2025-12-30,10:01:58.136236045,T,KO,,100,69.85
2025-12-30,10:01:58.136250505,T,KO,,100,69.85
2025-12-30,10:01:58.136271477,T,KO,,100,69.85
2025-12-30,10:01:58.175515044,T,KO,,100,69.845
2025-12-30,10:01:58.257806033,T,KO,,100,69.845
2025-12-30,10:01:58.295139966,T,KO,,100,69.85
2025-12-30,10:01:58.648168770,T,KO,,100,69.845
2025-12-30,10:01:58.654853652,T,KO,F,100,69.85
2025-12-30,10:01:58.654856678,T,KO,F,200,69.85
2025-12-30,10:01:58.914588214,T,KO,I,70,69.85
2025-12-30,10:02:03.521304656,T,KO,I,60,69.85
2025-12-30,10:02:12.676903828,T,KO,I,1,69.85
2025-12-30,10:02:12.676903828,T,KO,I,2,69.85
2025-12-30,10:02:21.438348070,T,KO,,100,69.85
2025-12-30,10:02:21.438348070,T,KO,I,1,69.85
2025-12-30,10:02:28.644786141,T,KO,I,1,69.845
2025-12-30,10:02:33.194802472,T,KO,F I,30,69.85
2025-12-30,10:02:34.508514318,T,KO,I,50,69.85
2025-12-30,10:02:34.508517256,T,KO,I,50,69.85
2025-12-30,10:02:50.293681667,T,KO,I,38,69.85
2025-12-30,10:02:50.297211969,T,KO,I,10,69.85
2025-12-30,10:03:00.331374551,T,KO,F,100,69.86
2025-12-30,10:03:00.331374551,T,KO,F I,80,69.86
2025-12-30,10:03:00.331389729,T,KO,F,180,69.86
2025-12-30,10:03:00.331392556,T,KO,I,1,69.86
2025-12-30,10:03:00.331398860,T,KO,F I,19,69.86
2025-12-30,10:03:00.332181433,T,KO,F,100,69.86
2025-12-30,10:03:00.332183584,T,KO,F I,42,69.86
2025-12-30,10:03:00.332186595,T,KO,F,100,69.86
2025-12-30,10:03:00.332508288,T,KO,F,100,69.86
2025-12-30,10:03:08.771924762,T,KO,I,1,69.855
2025-12-30,10:03:08.771987811,T,KO,,100,69.855
2025-12-30,10:03:08.771990877,T,KO,I,40,69.855
2025-12-30,10:03:40.935707584,T,KO,,100,69.85
2025-12-30,10:03:40.935710661,T,KO,I,1,69.85
2025-12-30,10:03:40.935710661,T,KO,I,1,69.85
2025-12-30,10:03:40.962510381,T,KO,,100,69.845
2025-12-30,10:03:42.016217021,T,KO,I,10,69.85
2025-12-30,10:03:48.015790609,T,KO,I,2,69.845
2025-12-30,10:04:09.184280051,T,KO,I,1,69.845
2025-12-30,10:04:09.184283003,T,KO,I,1,69.845
2025-12-30,10:04:21.263948117,T,KO,I,6,69.84
2025-12-30,10:04:21.263950804,T,KO,,100,69.84
2025-12-30,10:04:21.263953669,T,KO,I,52,69.84
2025-12-30,10:04:21.263953669,T,KO,I,2,69.84
2025-12-30,10:04:21.263959224,T,KO,I,1,69.84
2025-12-30,10:04:21.268037029,T,KO,,100,69.83
2025-12-30,10:04:21.293387286,T,KO,,100,69.835
2025-12-30,10:04:21.294692416,T,KO,,100,69.835
2025-12-30,10:04:21.298388222,T,KO,,100,69.835
2025-12-30,10:04:21.500030503,T,KO,,100,69.835
2025-12-30,10:04:27.866144121,T,KO,,100,69.835
2025-12-30,10:04:31.742766850,T,KO,I,1,69.835
2025-12-30,10:04:37.346637084,T,KO,F I,32,69.84
2025-12-30,10:04:37.346637084,T,KO,F,100,69.84
2025-12-30,10:04:37.346640066,T,KO,F,100,69.84
2025-12-30,10:04:38.422461397,T,KO,,100,69.835
2025-12-30,10:04:44.814947947,T,KO,F,100,69.83
2025-12-30,10:04:44.814950718,T,KO,F I,2,69.83
2025-12-30,10:04:44.999370901,T,KO,,100,69.825
2025-12-30,10:04:49.132796138,T,KO,I,2,69.825
2025-12-30,10:04:59.713221901,T,KO,,100,69.825
2025-12-30,10:05:03.288277362,T,KO,,100,69.82
2025-12-30,10:05:19.757772341,T,KO,I,33,69.825
2025-12-30,10:05:22.542939566,T,KO,F,100,69.83
2025-12-30,10:05:30.715617947,T,KO,I,1,69.845
2025-12-30,10:05:39.375859237,T,KO,I,72,69.855
2025-12-30,10:05:43.034423516,T,KO,F I,1,69.85
2025-12-30,10:05:43.034423516,T,KO,F I,3,69.85
2025-12-30,10:05:44.058870337,T,KO,,100,69.84
2025-12-30,10:05:44.058876589,T,KO,,100,69.84
2025-12-30,10:05:44.058879464,T,KO,I,1,69.84
2025-12-30,10:05:44.058879464,T,KO,I,50,69.84
2025-12-30,10:05:44.059523276,T,KO,F,100,69.83
2025-12-30,10:05:44.059525942,T,KO,F I,50,69.83
2025-12-30,10:05:44.059528964,T,KO,F,110,69.83
2025-12-30,10:05:44.168003326,T,KO,F I,50,69.82
2025-12-30,10:05:45.006598563,T,KO,,100,69.83
2025-12-30,10:05:45.172260064,T,KO,F I,50,69.83
2025-12-30,10:05:45.172651444,T,KO,F I,50,69.83
2025-12-30,10:05:45.173141759,T,KO,F,100,69.82
2025-12-30,10:05:45.173141759,T,KO,F I,50,69.82
2025-12-30,10:05:45.173144303,T,KO,F I,85,69.82
2025-12-30,10:05:45.173147802,T,KO,F I,15,69.82
2025-12-30,10:05:45.173147802,T,KO,F I,42,69.82
2025-12-30,10:05:45.173159223,T,KO,I,1,69.82
2025-12-30,10:05:45.173169597,T,KO,F I,57,69.82
2025-12-30,10:05:45.173192341,T,KO,F I,50,69.82
2025-12-30,10:05:45.173192341,T,KO,F,100,69.82
2025-12-30,10:05:45.176082819,T,KO,F I,50,69.82
2025-12-30,10:05:45.176260159,T,KO,F I,50,69.82
2025-12-30,10:05:45.874182731,T,KO,F I,5,69.81
2025-12-30,10:05:46.150691366,T,KO,I,1,69.805
2025-12-30,10:05:47.118582401,T,KO,,100,69.805
2025-12-30,10:05:50.923375955,T,KO,F I,7,69.81
2025-12-30,10:05:50.923394016,T,KO,F I,43,69.81
2025-12-30,10:05:50.923397080,T,KO,F,100,69.81
2025-12-30,10:05:56.025741979,T,KO,F,200,69.82
2025-12-30,10:06:08.556378218,T,KO,I,2,69.825
2025-12-30,10:06:10.995502319,T,KO,I,10,69.825
2025-12-30,10:06:10.995506058,T,KO,I,5,69.82
2025-12-30,10:06:10.995506058,T,KO,I,3,69.82
2025-12-30,10:06:10.995508475,T,KO,I,41,69.82
2025-12-30,10:06:10.995899317,T,KO,I,1,69.82
2025-12-30,10:06:10.995902297,T,KO,I,50,69.82
2025-12-30,10:06:11.123207446,T,KO,F I,2,69.82
2025-12-30,10:06:12.155770587,T,KO,,100,69.815
2025-12-30,10:06:14.736808692,T,KO,,100,69.815
2025-12-30,10:06:33.222422366,T,KO,I,1,69.815
2025-12-30,10:06:50.542072526,T,KO,F I,31,69.82
2025-12-30,10:06:50.542072526,T,KO,F I,28,69.82
2025-12-30,10:06:50.542093563,T,KO,F I,30,69.82
2025-12-30,10:06:50.542096225,T,KO,F I,30,69.82
2025-12-30,10:06:50.542099327,T,KO,F I,12,69.82
2025-12-30,10:07:01.763618782,T,KO,F,100,69.81
2025-12-30,10:07:01.763622850,T,KO,F I,25,69.81
2025-12-30,10:07:01.773058145,T,KO,I,1,69.805
2025-12-30,10:07:02.677561322,T,KO,F I,33,69.81
2025-12-30,10:07:02.677561322,T,KO,F I,50,69.81
2025-12-30,10:07:02.677567817,T,KO,F,160,69.81
2025-12-30,10:07:02.677567817,T,KO,F I,20,69.81
2025-12-30,10:07:02.677567817,T,KO,F I,65,69.81
2025-12-30,10:07:02.677580170,T,KO,I,1,69.81
2025-12-30,10:07:02.677925190,T,KO,F,104,69.81
2025-12-30,10:07:02.677928315,T,KO,F,100,69.81
2025-12-30,10:07:02.677928315,T,KO,F I,6,69.81
2025-12-30,10:07:02.677967683,T,KO,F I,94,69.81
2025-12-30,10:07:02.677967683,T,KO,F,100,69.81
2025-12-30,10:07:02.712486799,T,KO,,100,69.815
2025-12-30,10:07:03.010240735,T,KO,I,70,69.815
2025-12-30,10:07:12.005949381,T,KO,F I,12,69.82
2025-12-30,10:07:12.005949381,T,KO,F I,6,69.82
2025-12-30,10:07:12.005979279,T,KO,F,112,69.82
2025-12-30,10:07:12.006021375,T,KO,I,1,69.82
2025-12-30,10:07:16.438082581,T,KO,I,39,69.82
2025-12-30,10:07:16.438085095,T,KO,,100,69.82
2025-12-30,10:07:16.438087885,T,KO,,300,69.82
2025-12-30,10:07:16.438812733,T,KO,,100,69.825
2025-12-30,10:07:16.438812733,T,KO,I,70,69.82
2025-12-30,10:07:19.654836932,T,KO,I,1,69.825
2025-12-30,10:07:30.030853664,T,KO,,100,69.825
2025-12-30,10:07:30.039202248,T,KO,,100,69.825
2025-12-30,10:07:38.215867292,T,KO,I,3,69.825
2025-12-30,10:08:01.302688595,T,KO,F I,1,69.82
2025-12-30,10:08:01.302691362,T,KO,F,100,69.82
2025-12-30,10:08:01.302694359,T,KO,F I,2,69.82
2025-12-30,10:08:01.302694359,T,KO,F I,1,69.82
2025-12-30,10:08:02.348729668,T,KO,I,1,69.815
2025-12-30,10:08:31.371222368,T,KO,I,1,69.815
2025-12-30,10:08:45.713210571,T,KO,,100,69.82
2025-12-30,10:08:45.728065964,T,KO,,100,69.825
2025-12-30,10:08:53.008564449,T,KO,F,100,69.82
2025-12-30,10:08:53.008564449,T,KO,F I,5,69.82
2025-12-30,10:08:53.011983506,T,KO,I,1,69.815
2025-12-30,10:09:00.955750746,T,KO,F,100,69.82
2025-12-30,10:09:00.955753770,T,KO,F,100,69.82
2025-12-30,10:09:04.085445471,T,KO,F I,44,69.82
2025-12-30,10:09:06.489677460,T,KO,F,100,69.82
2025-12-30,10:09:15.109695155,T,KO,I,30,69.815
2025-12-30,10:09:29.339675596,T,KO,I,2,69.815
2025-12-30,10:09:31.803202775,T,KO,I,1,69.815
2025-12-30,10:09:33.583268046,T,KO,I,1,69.815
2025-12-30,10:09:38.060797619,T,KO,,100,69.82
2025-12-30,10:09:38.060797619,T,KO,,100,69.82
2025-12-30,10:09:45.472750221,T,KO,F,100,69.83
2025-12-30,10:09:45.473899027,T,KO,I,51,69.83
2025-12-30,10:09:45.473941039,T,KO,F I,49,69.83
2025-12-30,10:09:45.473941039,T,KO,F I,49,69.83
2025-12-30,10:09:45.473941039,T,KO,F I,2,69.83
2025-12-30,10:09:45.474049385,T,KO,F I,50,69.83
2025-12-30,10:09:45.476025002,T,KO,F I,1,69.83
2025-12-30,10:10:36.193107572,T,KO,F I,60,69.82
2025-12-30,10:10:36.193113157,T,KO,F,100,69.82
2025-12-30,10:10:36.193116431,T,KO,F,100,69.82
2025-12-30,10:10:36.193116431,T,KO,F I,1,69.82
2025-12-30,10:10:36.193119209,T,KO,F I,2,69.82
2025-12-30,10:10:36.193119209,T,KO,F I,43,69.82
2025-12-30,10:10:36.293871944,T,KO,,100,69.82
2025-12-30,10:10:36.293878526,T,KO,I,64,69.82
2025-12-30,10:10:36.293878526,T,KO,I,49,69.82
2025-12-30,10:10:36.293878526,T,KO,I,34,69.82
2025-12-30,10:10:36.293881137,T,KO,,100,69.82
2025-12-30,10:10:36.293881137,T,KO,,100,69.82
2025-12-30,10:10:39.178238529,T,KO,I,20,69.82
2025-12-30,10:10:53.296701516,T,KO,I,2,69.825
2025-12-30,10:10:56.916028302,T,KO,F,100,69.83
2025-12-30,10:10:56.918160452,T,KO,I,13,69.835
2025-12-30,10:10:57.551865647,T,KO,,100,69.835
2025-12-30,10:11:01.108354880,T,KO,F I,1,69.84
2025-12-30,10:11:07.275060629,T,KO,I,2,69.845
2025-12-30,10:11:07.659297740,T,KO,I,26,69.845
2025-12-30,10:11:15.012274867,T,KO,F I,40,69.85
2025-12-30,10:11:15.012647690,T,KO,I,53,69.85
2025-12-30,10:11:16.106259318,T,KO,I,44,69.85
2025-12-30,10:11:27.306911921,T,KO,I,44,69.85
2025-12-30,10:11:27.306914901,T,KO,,100,69.85
2025-12-30,10:11:34.600813127,T,KO,I,2,69.845
2025-12-30,10:11:38.687131260,T,KO,I,1,69.845
2025-12-30,10:11:51.722474478,T,KO,F I,4,69.84
2025-12-30,10:11:51.722481155,T,KO,F,100,69.84
2025-12-30,10:11:51.722481155,T,KO,F I,50,69.84
2025-12-30,10:11:51.722484710,T,KO,F I,5,69.84
2025-12-30,10:11:51.722486864,T,KO,F I,30,69.84
2025-12-30,10:11:51.722489599,T,KO,I,16,69.84
2025-12-30,10:11:51.722489599,T,KO,F I,84,69.84
2025-12-30,10:11:54.488871034,T,KO,I,1,69.84
2025-12-30,10:12:03.088530172,T,KO,F I,60,69.83
2025-12-30,10:12:03.088533226,T,KO,F I,60,69.83
2025-12-30,10:12:03.088536168,T,KO,F,133,69.83
2025-12-30,10:12:03.830649691,T,KO,,100,69.83
2025-12-30,10:12:03.830655676,T,KO,I,2,69.825
2025-12-30,10:12:10.037567212,T,KO,I,7,69.825
2025-12-30,10:12:36.092517017,T,KO,I,1,69.825
2025-12-30,10:12:52.637858814,T,KO,I,50,69.82
2025-12-30,10:12:52.637864826,T,KO,I,15,69.82
2025-12-30,10:12:52.637871218,T,KO,,140,69.82
2025-12-30,10:12:52.637871218,T,KO,I,2,69.82
2025-12-30,10:12:52.637876928,T,KO,I,4,69.82
2025-12-30,10:12:52.637876928,T,KO,I,69,69.82
2025-12-30,10:12:59.458679366,T,KO,F I,39,69.82
2025-12-30,10:12:59.458992177,T,KO,F I,61,69.82
2025-12-30,10:13:13.536677739,T,KO,F,100,69.83
2025-12-30,10:13:31.002244009,T,KO,I,1,69.835
2025-12-30,10:13:37.141945435,T,KO,I,41,69.835
2025-12-30,10:13:37.144889425,T,KO,I,18,69.835
2025-12-30,10:13:38.305398392,T,KO,F I,4,69.83
2025-12-30,10:13:38.305401346,T,KO,F I,34,69.83
2025-12-30,10:13:38.305401346,T,KO,F I,22,69.83
2025-12-30,10:14:03.020976707,T,KO,F I,6,69.83
2025-12-30,10:14:19.683979701,T,KO,I,4,69.825
2025-12-30,10:14:26.788342522,T,KO,I,1,69.82
2025-12-30,10:14:27.187371659,T,KO,I,75,69.825
2025-12-30,10:14:37.795706564,T,KO,I,1,69.82
2025-12-30,10:15:01.680159487,T,KO,F I,8,69.82
2025-12-30,10:15:01.680162957,T,KO,F I,3,69.82
2025-12-30,10:15:01.680168727,T,KO,F,100,69.82
2025-12-30,10:15:01.680168727,T,KO,F,100,69.82
2025-12-30,10:15:01.680171477,T,KO,F I,26,69.82
2025-12-30,10:15:01.680177889,T,KO,F I,65,69.82
2025-12-30,10:15:01.680989408,T,KO,F I,73,69.81
2025-12-30,10:15:04.114084059,T,KO,I,1,69.815
2025-12-30,10:15:05.664008398,T,KO,I,39,69.815
2025-12-30,10:15:08.383932151,T,KO,I,9,69.82
2025-12-30,10:15:12.403882248,T,KO,I,31,69.82
2025-12-30,10:15:12.403885491,T,KO,,100,69.82
2025-12-30,10:15:12.403885491,T,KO,I,31,69.82
2025-12-30,10:15:14.582950104,T,KO,F I,4,69.82
2025-12-30,10:15:18.778208595,T,KO,I,37,69.82
2025-12-30,10:15:25.073323041,T,KO,I,63,69.82
2025-12-30,10:15:27.766257691,T,KO,,100,69.82
2025-12-30,10:15:28.537832836,T,KO,F,100,69.82
2025-12-30,10:15:46.991741369,T,KO,I,15,69.825
2025-12-30,10:15:55.626247597,T,KO,F I,28,69.82
2025-12-30,10:15:55.626250751,T,KO,F,100,69.82
2025-12-30,10:15:55.626253770,T,KO,F I,2,69.82
2025-12-30,10:15:55.626253770,T,KO,F I,2,69.82
2025-12-30,10:15:56.355445200,T,KO,F I,39,69.81
2025-12-30,10:15:56.355448865,T,KO,F I,46,69.81
2025-12-30,10:15:56.355448865,T,KO,F I,40,69.81
2025-12-30,10:15:56.355451205,T,KO,F I,75,69.81
2025-12-30,10:15:56.355463328,T,KO,I,1,69.81
2025-12-30,10:16:04.247940350,T,KO,F I,56,69.82
2025-12-30,10:16:04.247944025,T,KO,F,100,69.82
2025-12-30,10:16:08.304679661,T,KO,F I,1,69.83
2025-12-30,10:16:09.508934200,T,KO,F I,50,69.84
2025-12-30,10:16:09.508937482,T,KO,F I,20,69.84
2025-12-30,10:16:21.715067033,T,KO,I,13,69.845
2025-12-30,10:16:33.645215219,T,KO,F I,28,69.84
2025-12-30,10:16:33.645221490,T,KO,F I,1,69.84
2025-12-30,10:16:33.645221490,T,KO,F,100,69.84
2025-12-30,10:16:33.645224390,T,KO,F I,11,69.84
2025-12-30,10:16:33.645227243,T,KO,F,100,69.84
2025-12-30,10:17:02.225182923,T,KO,,100,69.84
2025-12-30,10:17:02.225186031,T,KO,I,2,69.84
2025-12-30,10:17:02.225603880,T,KO,,100,69.84
2025-12-30,10:17:04.194101100,T,KO,I,23,69.84
2025-12-30,10:17:04.194101100,T,KO,I,4,69.84
2025-12-30,10:17:04.194107112,T,KO,I,13,69.84
2025-12-30,10:17:04.194107112,T,KO,,100,69.84
2025-12-30,10:17:04.194110130,T,KO,,100,69.84
2025-12-30,10:17:13.129789493,T,KO,F I,20,69.85
2025-12-30,10:17:13.129792498,T,KO,F,100,69.85
2025-12-30,10:17:13.130063152,T,KO,F I,47,69.85
2025-12-30,10:17:13.130123329,T,KO,I,19,69.85
2025-12-30,10:17:13.132087032,T,KO,F I,8,69.86
2025-12-30,10:17:13.132090121,T,KO,F,100,69.86
2025-12-30,10:17:13.132093237,T,KO,F I,50,69.86
2025-12-30,10:17:13.132093237,T,KO,F I,1,69.86
2025-12-30,10:17:13.132099250,T,KO,F,100,69.86
2025-12-30,10:17:13.132099250,T,KO,F I,2,69.86
2025-12-30,10:17:13.132995218,T,KO,F I,81,69.85
2025-12-30,10:17:13.132995218,T,KO,F I,47,69.85
2025-12-30,10:17:13.132998140,T,KO,F I,25,69.85
2025-12-30,10:17:13.133001320,T,KO,F I,50,69.85
2025-12-30,10:17:13.133001320,T,KO,F I,10,69.85
2025-12-30,10:17:13.133004229,T,KO,F I,50,69.85
2025-12-30,10:17:13.133352958,T,KO,F I,50,69.85
2025-12-30,10:17:13.134122791,T,KO,I,60,69.845
2025-12-30,10:17:13.134688126,T,KO,F,100,69.85
2025-12-30,10:17:13.372434347,T,KO,I,10,69.845
2025-12-30,10:17:15.147949977,T,KO,I,50,69.84
2025-12-30,10:17:15.147953059,T,KO,I,36,69.84
2025-12-30,10:17:15.147968103,T,KO,I,1,69.84
2025-12-30,10:17:16.491958941,T,KO,I,63,69.84
2025-12-30,10:17:16.491964962,T,KO,I,4,69.84
2025-12-30,10:17:16.491967918,T,KO,I,50,69.84
2025-12-30,10:17:16.806835841,T,KO,F I,25,69.84
2025-12-30,10:17:16.806838876,T,KO,F I,75,69.84
2025-12-30,10:17:16.806856866,T,KO,I,1,69.84
2025-12-30,10:17:20.034711593,T,KO,F I,24,69.84
2025-12-30,10:17:20.034714445,T,KO,F I,47,69.84
2025-12-30,10:17:20.034717402,T,KO,F,640,69.84
2025-12-30,10:17:43.601731151,T,KO,I,2,69.845
2025-12-30,10:17:43.759462955,T,KO,F,100,69.84
2025-12-30,10:17:43.759462955,T,KO,F I,40,69.84
2025-12-30,10:17:43.759469357,T,KO,F,144,69.84
2025-12-30,10:17:45.251105318,T,KO,I,98,69.835
2025-12-30,10:17:45.560764845,T,KO,,100,69.835
2025-12-30,10:17:47.166977203,T,KO,I,7,69.835
2025-12-30,10:18:00.172014290,T,KO,I,51,69.835
2025-12-30,10:18:03.333152029,T,KO,F I,50,69.83
2025-12-30,10:18:03.333154909,T,KO,F I,2,69.83
2025-12-30,10:18:03.333204209,T,KO,F I,98,69.83
2025-12-30,10:18:03.333206760,T,KO,F I,28,69.83
2025-12-30,10:18:03.333212129,T,KO,F I,27,69.83
2025-12-30,10:18:03.333371641,T,KO,F I,1,69.83
2025-12-30,10:18:05.137779904,T,KO,F I,5,69.82
2025-12-30,10:18:05.831661648,T,KO,I,70,69.82
2025-12-30,10:18:05.831712729,T,KO,I,30,69.82
2025-12-30,10:18:05.831715638,T,KO,I,48,69.82
2025-12-30,10:18:06.332176469,T,KO,I,23,69.815
2025-12-30,10:18:07.212526114,T,KO,I,77,69.815
2025-12-30,10:18:07.212529181,T,KO,,100,69.815
2025-12-30,10:18:15.898229156,T,KO,F I,26,69.82
2025-12-30,10:18:15.898232308,T,KO,F I,21,69.82
2025-12-30,10:18:15.898232308,T,KO,F I,50,69.82
2025-12-30,10:18:35.757344062,T,KO,,100,69.825
2025-12-30,10:18:35.757346432,T,KO,,100,69.825
2025-12-30,10:18:50.203541506,T,KO,I,14,69.825
2025-12-30,10:19:02.806055065,T,KO,F,100,69.83
2025-12-30,10:19:02.806059075,T,KO,F I,1,69.83
2025-12-30,10:19:05.426748520,T,KO,F I,15,69.84
2025-12-30,10:19:05.426751441,T,KO,F I,59,69.84
2025-12-30,10:19:18.546448645,T,KO,F I,41,69.84
2025-12-30,10:19:18.546448645,T,KO,F I,20,69.84
2025-12-30,10:19:18.581064037,T,KO,,100,69.84
2025-12-30,10:19:18.581067380,T,KO,I,45,69.84
2025-12-30,10:19:18.581067380,T,KO,I,21,69.84
2025-12-30,10:19:18.581069977,T,KO,,100,69.84
2025-12-30,10:19:21.309870933,T,KO,F I,45,69.84
2025-12-30,10:19:21.313031470,T,KO,F I,50,69.85
2025-12-30,10:19:21.315509910,T,KO,I,45,69.85
2025-12-30,10:19:21.315512387,T,KO,I,50,69.85
2025-12-30,10:19:21.316733367,T,KO,F,100,69.85
2025-12-30,10:19:21.316736998,T,KO,F I,45,69.85
2025-12-30,10:19:21.316739938,T,KO,F I,45,69.85
2025-12-30,10:19:21.316739938,T,KO,F,100,69.85
2025-12-30,10:19:21.316745657,T,KO,F I,21,69.85
2025-12-30,10:19:21.316745657,T,KO,F,100,69.85
2025-12-30,10:19:21.336187241,T,KO,I,28,69.85
2025-12-30,10:19:21.336189807,T,KO,I,45,69.85
2025-12-30,10:19:21.336192637,T,KO,I,1,69.85
2025-12-30,10:19:23.695223972,T,KO,,100,69.85
2025-12-30,10:19:23.695227033,T,KO,I,3,69.85
2025-12-30,10:19:23.695227033,T,KO,,100,69.85
2025-12-30,10:19:23.800859624,T,KO,,100,69.845
2025-12-30,10:19:32.016113273,T,KO,,100,69.845
2025-12-30,10:19:34.230298614,T,KO,I,28,69.85
2025-12-30,10:19:34.230298614,T,KO,I,8,69.85
2025-12-30,10:19:37.765187353,T,KO,I,13,69.85
2025-12-30,10:19:38.987863660,T,KO,F I,21,69.85
2025-12-30,10:19:38.987866275,T,KO,F I,1,69.85
2025-12-30,10:19:38.987869339,T,KO,F,100,69.85
2025-12-30,10:19:38.987869339,T,KO,F I,8,69.85
2025-12-30,10:19:43.844456845,T,KO,I,5,69.85
2025-12-30,10:19:50.216563778,T,KO,,200,69.855
2025-12-30,10:19:50.216563778,T,KO,I,2,69.85
2025-12-30,10:19:50.216569798,T,KO,,100,69.85
2025-12-30,10:19:50.216569798,T,KO,,100,69.85
2025-12-30,10:19:50.216572901,T,KO,I,4,69.85
2025-12-30,10:19:50.216597259,T,KO,,100,69.85
2025-12-30,10:19:50.216804460,T,KO,,100,69.85
2025-12-30,10:19:50.216828667,T,KO,I,49,69.85
2025-12-30,10:19:50.217505041,T,KO,F I,68,69.86
2025-12-30,10:19:50.217526571,T,KO,I,32,69.86
2025-12-30,10:19:50.217529740,T,KO,,200,69.86
2025-12-30,10:19:50.217532194,T,KO,I,50,69.86
2025-12-30,10:19:50.224597201,T,KO,I,29,69.86
2025-12-30,10:19:50.224597201,T,KO,,100,69.86
2025-12-30,10:19:50.224601931,T,KO,I,49,69.86
2025-12-30,10:19:50.224601931,T,KO,I,49,69.86
2025-12-30,10:19:50.224605122,T,KO,I,16,69.86
2025-12-30,10:19:50.224605122,T,KO,I,50,69.86
2025-12-30,10:19:50.224608112,T,KO,,100,69.86
2025-12-30,10:19:50.224608112,T,KO,I,7,69.86
2025-12-30,10:19:50.224617391,T,KO,I,1,69.86
2025-12-30,10:19:50.224881596,T,KO,I,90,69.86
2025-12-30,10:19:50.225104138,T,KO,I,10,69.86
2025-12-30,10:19:50.225495097,T,KO,I,58,69.86
2025-12-30,10:19:50.229257040,T,KO,I,21,69.86
2025-12-30,10:19:50.229257040,T,KO,I,79,69.86
2025-12-30,10:19:50.229407876,T,KO,F,100,69.86
2025-12-30,10:19:50.229407876,T,KO,F I,29,69.86
2025-12-30,10:19:50.229414122,T,KO,F I,49,69.86
2025-12-30,10:19:50.229414122,T,KO,F,100,69.86
2025-12-30,10:19:50.229416663,T,KO,F I,42,69.86
2025-12-30,10:19:50.229416663,T,KO,F I,49,69.86
2025-12-30,10:19:50.231972572,T,KO,,100,69.865
2025-12-30,10:19:50.231972572,T,KO,I,23,69.865
2025-12-30,10:19:50.294124555,T,KO,I,50,69.865
2025-12-30,10:19:50.501594663,T,KO,,100,69.865
2025-12-30,10:19:53.296592206,T,KO,F I,49,69.86
2025-12-30,10:19:53.631686541,T,KO,,100,69.85
2025-12-30,10:19:53.631698298,T,KO,F,100,69.85
2025-12-30,10:20:03.143123005,T,KO,F,100,69.83
2025-12-30,10:20:09.720595125,T,KO,F I,10,69.82
2025-12-30,10:20:09.720598418,T,KO,F,100,69.82
2025-12-30,10:20:09.720601114,T,KO,F I,9,69.82
2025-12-30,10:20:27.274016344,T,KO,,100,69.815
2025-12-30,10:20:27.274018714,T,KO,,100,69.815
2025-12-30,10:20:27.274022432,T,KO,,100,69.815
2025-12-30,10:20:27.274022432,T,KO,,100,69.82
2025-12-30,10:20:27.274030725,T,KO,,100,69.82
2025-12-30,10:20:27.274034840,T,KO,,100,69.82
2025-12-30,10:20:27.274034840,T,KO,,100,69.82
2025-12-30,10:20:27.274039612,T,KO,I,1,69.82
2025-12-30,10:20:27.427422899,T,KO,,100,69.815
2025-12-30,10:20:33.818676427,T,KO,,100,69.815
2025-12-30,10:20:37.383609806,T,KO,F,100,69.82
2025-12-30,10:20:37.383628038,T,KO,I,1,69.82
2025-12-30,10:20:37.383630833,T,KO,I,62,69.82
2025-12-30,10:20:42.539719690,T,KO,F I,21,69.82
2025-12-30,10:20:48.309522134,T,KO,F I,15,69.82
2025-12-30,10:20:48.309525190,T,KO,F I,16,69.82
2025-12-30,10:20:48.309573270,T,KO,,147,69.82
2025-12-30,10:20:48.309597392,T,KO,,137,69.82
2025-12-30,10:20:48.309597392,T,KO,,100,69.82
2025-12-30,10:20:50.279005676,T,KO,,100,69.825
2025-12-30,10:20:52.223653178,T,KO,,100,69.825
2025-12-30,10:21:01.123574714,T,KO,F I,10,69.83
2025-12-30,10:21:01.123574714,T,KO,F I,21,69.83
2025-12-30,10:21:02.162522424,T,KO,F,179,69.83
2025-12-30,10:21:02.162524710,T,KO,F,100,69.83
2025-12-30,10:21:02.162527756,T,KO,F I,49,69.83
2025-12-30,10:21:06.388221925,T,KO,F I,20,69.84
2025-12-30,10:21:06.452235703,T,KO,,100,69.84
2025-12-30,10:21:06.452235703,T,KO,,100,69.84
2025-12-30,10:21:06.452238311,T,KO,,206,69.84
2025-12-30,10:21:06.452241260,T,KO,,100,69.84
2025-12-30,10:21:10.689883071,T,KO,F,100,69.84
2025-12-30,10:21:10.689886057,T,KO,F I,2,69.84
2025-12-30,10:21:10.689886057,T,KO,F I,1,69.84
2025-12-30,10:21:22.897700217,T,KO,F,100,69.83
2025-12-30,10:21:22.897700217,T,KO,F I,2,69.83
2025-12-30,10:21:22.898142231,T,KO,F I,2,69.83
2025-12-30,10:21:31.111008134,T,KO,I,10,69.83
2025-12-30,10:21:36.871317110,T,KO,,100,69.83
2025-12-30,10:21:36.871320024,T,KO,I,4,69.83
2025-12-30,10:21:56.211355725,T,KO,I,38,69.83
2025-12-30,10:22:04.527619854,T,KO,I,9,69.825
2025-12-30,10:22:04.917667026,T,KO,I,1,69.82
2025-12-30,10:22:04.917667026,T,KO,I,60,69.82
2025-12-30,10:22:04.917672875,T,KO,,100,69.82
2025-12-30,10:22:04.917672875,T,KO,I,2,69.82
2025-12-30,10:22:04.917672875,T,KO,I,1,69.82
2025-12-30,10:22:04.970535685,T,KO,I,8,69.82
2025-12-30,10:22:04.972664715,T,KO,,100,69.82
2025-12-30,10:22:04.972668196,T,KO,I,70,69.815
2025-12-30,10:22:09.952356493,T,KO,,100,69.815
2025-12-30,10:22:18.392527788,T,KO,F I,2,69.81
2025-12-30,10:23:00.878745968,T,KO,I,35,69.815
2025-12-30,10:23:15.942573321,T,KO,I,29,69.82
2025-12-30,10:23:19.904373761,T,KO,F I,9,69.82
2025-12-30,10:23:21.314714692,T,KO,F I,23,69.82
2025-12-30,10:23:27.104544939,T,KO,,100,69.825
2025-12-30,10:23:37.068602101,T,KO,F,100,69.83
2025-12-30,10:23:37.068604587,T,KO,F,100,69.83
2025-12-30,10:23:41.028471462,T,KO,,100,69.835
2025-12-30,10:23:41.153485150,T,KO,,100,69.835
2025-12-30,10:23:51.861688085,T,KO,F,100,69.84
2025-12-30,10:23:51.862897318,T,KO,,100,69.84
2025-12-30,10:23:51.862897318,T,KO,,100,69.84
2025-12-30,10:23:51.862900050,T,KO,,100,69.84
2025-12-30,10:23:51.862906247,T,KO,I,54,69.84
2025-12-30,10:23:51.862906247,T,KO,I,34,69.84
2025-12-30,10:23:51.862910111,T,KO,I,11,69.84
2025-12-30,10:23:51.862910111,T,KO,,100,69.84
2025-12-30,10:23:51.862913236,T,KO,,100,69.84
2025-12-30,10:23:51.862913236,T,KO,,102,69.84
2025-12-30,10:23:51.862921176,T,KO,I,1,69.84
2025-12-30,10:23:55.864749911,T,KO,I,54,69.84
2025-12-30,10:24:03.960640245,T,KO,I,31,69.845
2025-12-30,10:24:07.238894758,T,KO,I,2,69.845
2025-12-30,10:24:15.006929392,T,KO,I,5,69.845
2025-12-30,10:24:18.031839389,T,KO,I,31,69.845
2025-12-30,10:24:25.941992442,T,KO,I,1,69.845
2025-12-30,10:24:33.904611299,T,KO,F I,37,69.84
2025-12-30,10:24:33.904627084,T,KO,F I,63,69.84
2025-12-30,10:24:33.904627084,T,KO,F I,80,69.84
2025-12-30,10:24:33.904633429,T,KO,F,100,69.84
2025-12-30,10:24:33.904633429,T,KO,F I,14,69.84
2025-12-30,10:24:33.904638379,T,KO,F I,2,69.84
2025-12-30,10:24:33.904638379,T,KO,F I,3,69.84
2025-12-30,10:24:33.904701786,T,KO,F I,92,69.84
2025-12-30,10:24:43.402516153,T,KO,F I,30,69.84
2025-12-30,10:24:58.160331208,T,KO,I,26,69.845
2025-12-30,10:25:06.324884199,T,KO,I,13,69.845
2025-12-30,10:25:08.186004990,T,KO,F I,6,69.85
2025-12-30,10:25:08.186010805,T,KO,F,100,69.85
2025-12-30,10:25:08.186010805,T,KO,F,100,69.85
2025-12-30,10:25:08.186013680,T,KO,F I,94,69.85
2025-12-30,10:25:08.186049850,T,KO,I,1,69.85
2025-12-30,10:25:46.659742452,T,KO,I,81,69.845
2025-12-30,10:26:07.893496187,T,KO,I,50,69.85
2025-12-30,10:26:22.340876357,T,KO,I,1,69.85
2025-12-30,10:26:22.340876357,T,KO,I,3,69.85
2025-12-30,10:26:41.503627669,T,KO,I,15,69.85
2025-12-30,10:26:44.410055679,T,KO,F I,1,69.85
2025-12-30,10:26:44.410491692,T,KO,F I,99,69.85
2025-12-30,10:26:44.410494713,T,KO,F,100,69.85
2025-12-30,10:26:44.410515827,T,KO,I,1,69.85
2025-12-30,10:26:44.410978857,T,KO,I,19,69.85
2025-12-30,10:26:53.923446960,T,KO,F I,40,69.84
2025-12-30,10:26:53.923465771,T,KO,F I,60,69.84
2025-12-30,10:26:53.923465771,T,KO,F I,1,69.84
2025-12-30,10:26:53.923465771,T,KO,F I,1,69.84
2025-12-30,10:26:53.923468548,T,KO,F I,6,69.84
2025-12-30,10:26:53.924024362,T,KO,F I,3,69.84
2025-12-30,10:28:00.518683470,T,KO,I,43,69.84
2025-12-30,10:28:00.518692520,T,KO,F I,6,69.84
2025-12-30,10:28:23.331043762,T,KO,F I,3,69.84
2025-12-30,10:28:41.882625980,T,KO,I,10,69.835
2025-12-30,10:29:26.473150525,T,KO,F I,2,69.84
2025-12-30,10:29:26.473153155,T,KO,F,100,69.84
2025-12-30,10:29:32.871810242,T,KO,,100,69.845
2025-12-30,10:30:01.726371060,T,KO,,100,69.85
2025-12-30,10:30:01.726371060,T,KO,,100,69.85
2025-12-30,10:30:01.726373924,T,KO,,100,69.85
2025-12-30,10:30:01.726376975,T,KO,I,4,69.85
2025-12-30,10:30:01.726380002,T,KO,I,1,69.85
2025-12-30,10:30:05.844739245,T,KO,F I,15,69.85
2025-12-30,10:30:10.373146254,T,KO,,100,69.855
2025-12-30,10:30:10.373149375,T,KO,I,11,69.85
2025-12-30,10:30:10.373152541,T,KO,,100,69.85
2025-12-30,10:30:10.373155416,T,KO,,100,69.85
2025-12-30,10:30:10.373155416,T,KO,,300,69.85
2025-12-30,10:30:10.373158625,T,KO,I,84,69.85
2025-12-30,10:30:21.875077496,T,KO,,100,69.85
2025-12-30,10:30:21.875086768,T,KO,F I,43,69.85
2025-12-30,10:30:21.892221266,T,KO,I,1,69.86
2025-12-30,10:30:21.892224758,T,KO,I,8,69.86
2025-12-30,10:30:22.498991384,T,KO,,100,69.865
2025-12-30,10:30:22.916174947,T,KO,F I,7,69.87
2025-12-30,10:30:22.968027429,T,KO,F I,6,69.87
2025-12-30,10:30:26.026617781,T,KO,F I,28,69.86
2025-12-30,10:30:26.026620744,T,KO,F,300,69.86
2025-12-30,10:30:26.026620744,T,KO,F I,80,69.86
2025-12-30,10:30:30.536934540,T,KO,F,100,69.85
2025-12-30,10:30:30.536934540,T,KO,F,100,69.85
2025-12-30,10:30:32.619492547,T,KO,,100,69.85
2025-12-30,10:30:32.619495738,T,KO,I,25,69.85
2025-12-30,10:30:32.619495738,T,KO,I,28,69.85
2025-12-30,10:30:32.619498499,T,KO,,100,69.85
2025-12-30,10:30:32.648695066,T,KO,,100,69.855
2025-12-30,10:31:09.368641408,T,KO,F,100,69.86
2025-12-30,10:31:09.368641408,T,KO,F I,4,69.86
2025-12-30,10:31:09.368644166,T,KO,F,200,69.86
2025-12-30,10:31:23.077330057,T,KO,I,3,69.86
2025-12-30,10:31:23.077330057,T,KO,,100,69.86
2025-12-30,10:31:43.749093163,T,KO,F I,2,69.87
2025-12-30,10:31:43.749099497,T,KO,F,100,69.87
2025-12-30,10:31:43.749099497,T,KO,F I,29,69.87
2025-12-30,10:31:43.749099497,T,KO,F,102,69.87
2025-12-30,10:31:43.749102936,T,KO,F I,69,69.87
2025-12-30,10:31:43.788232186,T,KO,I,65,69.87
2025-12-30,10:31:43.788234834,T,KO,I,2,69.87
2025-12-30,10:31:43.788237399,T,KO,,133,69.87
2025-12-30,10:31:43.788252471,T,KO,I,1,69.87
2025-12-30,10:32:10.259956146,T,KO,I,4,69.875
2025-12-30,10:32:10.387056815,T,KO,I,45,69.875
2025-12-30,10:32:12.470999004,T,KO,I,4,69.875
2025-12-30,10:32:19.082545882,T,KO,I,15,69.875
2025-12-30,10:32:19.082548221,T,KO,I,56,69.875
2025-12-30,10:32:30.196384156,T,KO,I,1,69.875
2025-12-30,10:32:30.891697328,T,KO,I,99,69.875
2025-12-30,10:32:30.891703983,T,KO,,100,69.88
2025-12-30,10:32:30.891709313,T,KO,,200,69.88
2025-12-30,10:32:30.891709313,T,KO,,200,69.88
2025-12-30,10:32:30.891712525,T,KO,I,65,69.88
2025-12-30,10:32:30.891712525,T,KO,I,7,69.88
2025-12-30,10:32:30.891715755,T,KO,I,1,69.88
2025-12-30,10:32:30.892048938,T,KO,F I,92,69.88
2025-12-30,10:32:30.892048938,T,KO,F I,6,69.88
2025-12-30,10:32:30.892359216,T,KO,F I,84,69.88
2025-12-30,10:32:30.899636062,T,KO,,100,69.885
2025-12-30,10:32:30.903584452,T,KO,F,100,69.885
2025-12-30,10:32:30.903587797,T,KO,F,100,69.88
2025-12-30,10:32:30.903593723,T,KO,F I,50,69.88
2025-12-30,10:32:30.903593723,T,KO,F I,25,69.88
2025-12-30,10:32:30.903597418,T,KO,F I,27,69.88
2025-12-30,10:32:30.903597418,T,KO,F I,53,69.88
2025-12-30,10:32:30.903602665,T,KO,F I,2,69.88
2025-12-30,10:32:30.903602665,T,KO,F,200,69.88
2025-12-30,10:32:30.903602665,T,KO,F,100,69.88
2025-12-30,10:32:30.903602665,T,KO,F I,10,69.88
2025-12-30,10:32:30.921733168,T,KO,F,100,69.87
2025-12-30,10:32:30.921735638,T,KO,F,100,69.87
2025-12-30,10:32:30.921739347,T,KO,F I,40,69.87
2025-12-30,10:32:37.775947988,T,KO,,100,69.87
2025-12-30,10:32:37.775950882,T,KO,I,27,69.87
2025-12-30,10:32:40.221789900,T,KO,,100,69.87
2025-12-30,10:32:40.221793664,T,KO,I,2,69.87
2025-12-30,10:32:40.221793664,T,KO,I,4,69.87
2025-12-30,10:32:40.221795972,T,KO,,300,69.87
2025-12-30,10:32:41.728693872,T,KO,F I,2,69.87
2025-12-30,10:32:43.753797850,T,KO,,100,69.875
2025-12-30,10:32:49.715989535,T,KO,,100,69.88
2025-12-30,10:32:50.030667992,T,KO,,100,69.88
2025-12-30,10:33:01.977397628,T,KO,,100,69.875
2025-12-30,10:33:03.732332286,T,KO,I,4,69.875
2025-12-30,10:33:07.508461521,T,KO,I,14,69.875
2025-12-30,10:33:13.476417895,T,KO,F I,2,69.87
2025-12-30,10:33:13.476420931,T,KO,F I,70,69.87
2025-12-30,10:33:13.476424226,T,KO,F I,19,69.87
2025-12-30,10:33:13.476424226,T,KO,F I,32,69.87
2025-12-30,10:33:13.476487113,T,KO,F I,37,69.87
2025-12-30,10:33:31.539771919,T,KO,F I,15,69.86
2025-12-30,10:33:31.539774925,T,KO,F,100,69.86
2025-12-30,10:33:31.540641048,T,KO,I,69,69.86
2025-12-30,10:33:32.014939577,T,KO,F I,31,69.86
2025-12-30,10:33:34.714718398,T,KO,,100,69.86
2025-12-30,10:33:44.060770886,T,KO,I,10,69.86
2025-12-30,10:34:07.229019487,T,KO,F I,5,69.86
2025-12-30,10:34:07.229022468,T,KO,F,100,69.86
2025-12-30,10:34:07.229037575,T,KO,F,100,69.86
2025-12-30,10:34:07.229705943,T,KO,F,100,69.87
2025-12-30,10:34:07.229709080,T,KO,F,100,69.87
2025-12-30,10:34:07.229711056,T,KO,F,100,69.87
2025-12-30,10:34:10.836462031,T,KO,,100,69.875
2025-12-30,10:34:47.556997609,T,KO,I,8,69.875
2025-12-30,10:34:59.713160972,T,KO,F,100,69.88
2025-12-30,10:34:59.713163922,T,KO,F I,19,69.88
2025-12-30,10:34:59.713178929,T,KO,I,1,69.88
2025-12-30,10:34:59.713356825,T,KO,F I,80,69.88
2025-12-30,10:34:59.713356825,T,KO,F I,20,69.88
2025-12-30,10:34:59.714308131,T,KO,F I,86,69.88
2025-12-30,10:34:59.714312710,T,KO,F I,50,69.88
2025-12-30,10:34:59.714312710,T,KO,F I,28,69.88
2025-12-30,10:34:59.714315793,T,KO,F,200,69.88
2025-12-30,10:34:59.714315793,T,KO,F,100,69.88
2025-12-30,10:34:59.714929106,T,KO,I,20,69.88
2025-12-30,10:35:17.380396695,T,KO,I,52,69.875
2025-12-30,10:35:31.860681354,T,KO,,100,69.875
2025-12-30,10:35:39.932708033,T,KO,I,1,69.87
2025-12-30,10:35:39.932708033,T,KO,I,2,69.87
2025-12-30,10:35:39.932710451,T,KO,,100,69.87
2025-12-30,10:35:39.932779044,T,KO,F I,16,69.87
2025-12-30,10:36:06.092441447,T,KO,F I,56,69.87
2025-12-30,10:36:06.092724262,T,KO,F I,29,69.87
2025-12-30,10:36:06.092730574,T,KO,F,100,69.87
2025-12-30,10:36:06.092730574,T,KO,F I,1,69.87
2025-12-30,10:36:06.092733165,T,KO,F I,2,69.87
2025-12-30,10:36:08.960107173,T,KO,I,4,69.88
2025-12-30,10:36:17.329207405,T,KO,F I,27,69.87
2025-12-30,10:36:17.329211457,T,KO,F I,17,69.87
2025-12-30,10:36:17.329216722,T,KO,F I,2,69.87
2025-12-30,10:36:17.329216722,T,KO,F I,60,69.87
2025-12-30,10:36:17.329216722,T,KO,F I,33,69.87
2025-12-30,10:36:17.329222185,T,KO,F,100,69.87
2025-12-30,10:36:17.329228188,T,KO,F,200,69.87
2025-12-30,10:36:17.329291378,T,KO,F I,48,69.87
2025-12-30,10:36:17.336902512,T,KO,,100,69.865
2025-12-30,10:36:17.380259772,T,KO,I,10,69.865
2025-12-30,10:36:18.882830296,T,KO,F I,25,69.87
2025-12-30,10:36:19.339549028,T,KO,I,13,69.88
2025-12-30,10:36:39.765714440,T,KO,I,55,69.88
2025-12-30,10:36:54.531168401,T,KO,F,200,69.87
2025-12-30,10:36:54.531171390,T,KO,F I,9,69.87
2025-12-30,10:36:54.531171390,T,KO,F I,62,69.87
2025-12-30,10:36:54.531180600,T,KO,F I,30,69.87
2025-12-30,10:36:54.531187009,T,KO,I,1,69.87
2025-12-30,10:36:54.531187009,T,KO,F I,7,69.87
2025-12-30,10:36:54.531189335,T,KO,F I,41,69.87
2025-12-30,10:36:54.537883259,T,KO,,100,69.865
2025-12-30,10:36:55.491791149,T,KO,,100,69.865
2025-12-30,10:36:55.491791149,T,KO,,100,69.865
2025-12-30,10:37:13.072162008,T,KO,F I,27,69.87
2025-12-30,10:37:13.072164997,T,KO,F I,4,69.87
2025-12-30,10:37:13.072168585,T,KO,F,100,69.87
2025-12-30,10:37:18.701980989,T,KO,,100,69.875
2025-12-30,10:37:30.594912914,T,KO,,100,69.875
2025-12-30,10:37:55.230735217,T,KO,,100,69.875
2025-12-30,10:38:26.166901013,T,KO,F I,3,69.88
2025-12-30,10:38:26.166903971,T,KO,F,100,69.88
2025-12-30,10:38:26.295186966,T,KO,,100,69.9
2025-12-30,10:38:26.295186966,T,KO,I,16,69.9
2025-12-30,10:38:26.295189895,T,KO,I,5,69.9
2025-12-30,10:38:26.297986140,T,KO,I,50,69.91
2025-12-30,10:38:40.040307491,T,KO,,100,69.905
2025-12-30,10:38:40.042340275,T,KO,,100,69.905
2025-12-30,10:38:40.043958174,T,KO,,100,69.905
2025-12-30,10:38:40.045681189,T,KO,,100,69.905
2025-12-30,10:39:03.217262286,T,KO,,100,69.905
2025-12-30,10:39:03.219123699,T,KO,I,34,69.905
2025-12-30,10:39:03.810560457,T,KO,F I,27,69.9
2025-12-30,10:39:03.810560457,T,KO,F,100,69.9
2025-12-30,10:39:03.810564260,T,KO,F I,2,69.9
2025-12-30,10:39:03.810570433,T,KO,F I,2,69.9
2025-12-30,10:39:03.810570433,T,KO,F I,90,69.9
2025-12-30,10:39:03.810572861,T,KO,F,100,69.9
2025-12-30,10:39:03.810575325,T,KO,F I,2,69.9
2025-12-30,10:39:03.810575325,T,KO,F I,1,69.9
2025-12-30,10:39:05.546905451,T,KO,,100,69.895
2025-12-30,10:39:05.546905451,T,KO,,100,69.895
2025-12-30,10:39:05.546907699,T,KO,I,25,69.9
2025-12-30,10:39:05.546923347,T,KO,I,75,69.9
2025-12-30,10:39:05.546926678,T,KO,I,25,69.9
2025-12-30,10:39:05.546929715,T,KO,,100,69.9
2025-12-30,10:39:05.546929715,T,KO,I,24,69.9
2025-12-30,10:39:05.546946810,T,KO,I,1,69.9
2025-12-30,10:39:15.470977850,T,KO,,100,69.895
2025-12-30,10:39:44.987935031,T,KO,F I,80,69.9
2025-12-30,10:39:44.987938106,T,KO,F,100,69.9
2025-12-30,10:39:49.065048206,T,KO,F,100,69.91
2025-12-30,10:39:50.391140901,T,KO,I,4,69.915
2025-12-30,10:39:57.716764329,T,KO,I,1,69.915
2025-12-30,10:39:57.716800406,T,KO,I,99,69.915
2025-12-30,10:39:57.716800406,T,KO,,100,69.92
2025-12-30,10:39:57.716803321,T,KO,,200,69.92
2025-12-30,10:39:57.716845432,T,KO,,100,69.92
2025-12-30,10:39:57.716876084,T,KO,I,60,69.92
2025-12-30,10:39:57.716876084,T,KO,I,26,69.92
2025-12-30,10:39:57.716878554,T,KO,I,14,69.92
2025-12-30,10:40:25.335544582,T,KO,F I,26,69.92
2025-12-30,10:40:25.335547413,T,KO,F I,60,69.92
2025-12-30,10:40:25.335547413,T,KO,F I,1,69.92
2025-12-30,10:40:25.335550126,T,KO,F,100,69.92
2025-12-30,10:40:25.335568205,T,KO,I,1,69.92
2025-12-30,10:40:25.336202721,T,KO,F,100,69.92
2025-12-30,10:40:25.336223791,T,KO,I,1,69.92
2025-12-30,10:40:33.217069003,T,KO,F I,38,69.92
2025-12-30,10:40:33.217072084,T,KO,F I,87,69.92
2025-12-30,10:40:33.217090794,T,KO,F I,13,69.92
2025-12-30,10:40:33.217090794,T,KO,F I,2,69.92
2025-12-30,10:40:33.217096053,T,KO,F I,2,69.92
2025-12-30,10:40:33.217096053,T,KO,F,100,69.92
2025-12-30,10:40:33.217114160,T,KO,I,5,69.92
2025-12-30,10:40:35.780457979,T,KO,I,30,69.92
2025-12-30,10:40:35.780482258,T,KO,F,170,69.92
2025-12-30,10:40:35.780485854,T,KO,F,100,69.92
2025-12-30,10:40:35.780491002,T,KO,F,100,69.92
2025-12-30,10:40:35.780491002,T,KO,F,100,69.92
2025-12-30,10:40:35.846402162,T,KO,I,50,69.93
2025-12-30,10:40:35.846402162,T,KO,I,5,69.93
2025-12-30,10:40:35.846408319,T,KO,,100,69.93
2025-12-30,10:40:35.846408319,T,KO,I,40,69.93
2025-12-30,10:40:35.846411014,T,KO,,100,69.93
2025-12-30,10:40:35.848443808,T,KO,,100,69.94
2025-12-30,10:41:01.477531616,T,KO,,100,69.935
2025-12-30,10:41:05.138943711,T,KO,F I,3,69.93
2025-12-30,10:41:05.138943711,T,KO,F I,6,69.93
2025-12-30,10:41:05.138946681,T,KO,F,100,69.93
2025-12-30,10:41:05.138949754,T,KO,F I,4,69.93
2025-12-30,10:41:05.139000805,T,KO,F I,16,69.93
2025-12-30,10:41:31.895756220,T,KO,I,38,69.93
2025-12-30,10:41:46.112823964,T,KO,I,20,69.925
2025-12-30,10:41:59.226386437,T,KO,I,4,69.925
2025-12-30,10:42:08.171117354,T,KO,F,100,69.92
2025-12-30,10:42:08.171135747,T,KO,F I,1,69.92
2025-12-30,10:42:08.171138973,T,KO,F I,31,69.92
2025-12-30,10:42:08.171142222,T,KO,F I,6,69.92
2025-12-30,10:42:08.171147460,T,KO,F I,2,69.92
2025-12-30,10:42:08.171147460,T,KO,F,100,69.92
2025-12-30,10:42:08.171147460,T,KO,F I,59,69.92
2025-12-30,10:42:08.171150491,T,KO,F I,41,69.92
2025-12-30,10:42:08.171469245,T,KO,I,1,69.92
2025-12-30,10:42:08.188429669,T,KO,I,84,69.92
2025-12-30,10:42:12.620252524,T,KO,F I,84,69.92
2025-12-30,10:42:12.631207939,T,KO,F I,5,69.91
2025-12-30,10:42:12.631210799,T,KO,F I,2,69.91
2025-12-30,10:42:12.631210799,T,KO,F I,25,69.91
2025-12-30,10:42:13.113787916,T,KO,F,100,69.91
2025-12-30,10:42:13.113791091,T,KO,F I,2,69.91
2025-12-30,10:42:32.891594341,T,KO,F I,8,69.92
2025-12-30,10:42:32.891594341,T,KO,F I,19,69.92
2025-12-30,10:42:33.963121215,T,KO,F I,86,69.92
2025-12-30,10:42:33.963136207,T,KO,I,1,69.92
2025-12-30,10:42:33.963497149,T,KO,F I,13,69.92
2025-12-30,10:42:45.568396425,T,KO,F I,27,69.92
2025-12-30,10:42:45.568396425,T,KO,F I,2,69.92
2025-12-30,10:42:45.568399447,T,KO,F I,2,69.92
2025-12-30,10:42:45.568402545,T,KO,F,100,69.92
2025-12-30,10:43:16.552581422,T,KO,I,7,69.92
2025-12-30,10:43:16.552602165,T,KO,F I,20,69.92
2025-12-30,10:43:16.552605106,T,KO,F,100,69.92
2025-12-30,10:43:16.552608170,T,KO,F I,5,69.92
2025-12-30,10:43:16.552608170,T,KO,F I,74,69.92
2025-12-30,10:43:16.552611162,T,KO,F I,21,69.92
2025-12-30,10:43:18.838890157,T,KO,F I,3,69.92
2025-12-30,10:43:18.838890157,T,KO,F,200,69.92
2025-12-30,10:43:30.159549543,T,KO,F I,3,69.92
2025-12-30,10:43:30.159552610,T,KO,F I,62,69.92
2025-12-30,10:43:30.159555555,T,KO,F I,60,69.92
2025-12-30,10:43:30.159567542,T,KO,F I,40,69.92
2025-12-30,10:43:30.159571445,T,KO,F I,3,69.92
2025-12-30,10:43:30.159573594,T,KO,F I,5,69.92
2025-12-30,10:43:30.163540022,T,KO,I,43,69.925
2025-12-30,10:43:38.300307120,T,KO,F I,7,69.93
2025-12-30,10:43:38.300309790,T,KO,F I,31,69.93
2025-12-30,10:43:38.300309790,T,KO,F I,3,69.93
