DATE,TIME_M,EX,SYM_ROOT,TR_SCOND,SIZE,PRICE
2025-12-19,9:30:00.266185016,T,KO,FTI,50,70.1
2025-12-19,9:30:01.371521526,T,KO,I,71,70.115
2025-12-19,9:30:01.371534024,T,KO,Q,71,70.115
2025-12-19,9:30:03.706011559,T,KO,F I,3,70.16
2025-12-19,9:30:03.935996319,T,KO,F I,16,70.2
2025-12-19,9:30:04.352037134,T,KO,I,2,70.17
2025-12-19,9:30:05.627792486,T,KO,F,100,70.17
2025-12-19,9:30:05.627795677,T,KO,F,100,70.17
2025-12-19,9:30:05.627795677,T,KO,F,100,70.17
2025-12-19,9:30:05.627798944,T,KO,F I,25,70.17
2025-12-19,9:30:05.627801462,T,KO,F I,12,70.17
2025-12-19,9:30:05.627810530,T,KO,I,1,70.17
2025-12-19,9:30:05.627813886,T,KO,F I,4,70.17
2025-12-19,9:30:05.627813886,T,KO,F I,24,70.17
2025-12-19,9:30:05.627816966,T,KO,F I,1,70.17
2025-12-19,9:30:05.627819455,T,KO,I,29,70.17
2025-12-19,9:30:05.627825499,T,KO,I,29,70.17
2025-12-19,9:30:05.628093106,T,KO,I,41,70.17
2025-12-19,9:30:05.628096144,T,KO,I,34,70.17
2025-12-19,9:30:05.962330181,T,KO,F I,66,70.17
2025-12-19,9:30:06.136868980,T,KO,I,5,70.13
2025-12-19,9:30:10.002401309,T,KO,I,1,70.14
2025-12-19,9:30:12.000516188,T,KO,I,1,70.14
2025-12-19,9:30:12.719041436,T,KO,,100,70.135
2025-12-19,9:30:12.722196002,T,KO,F,200,70.12
2025-12-19,9:30:12.722214010,T,KO,I,1,70.12
2025-12-19,9:30:12.722238127,T,KO,I,85,70.12
2025-12-19,9:30:12.722238127,T,KO,I,4,70.12
2025-12-19,9:30:12.722869622,T,KO,F,100,70.12
2025-12-19,9:30:12.722887622,T,KO,I,1,70.12
2025-12-19,9:30:12.869312357,T,KO,F,165,70.12
2025-12-19,9:30:12.869315523,T,KO,F I,25,70.12
2025-12-19,9:30:12.869318378,T,KO,F,100,70.12
2025-12-19,9:30:12.869318378,T,KO,F I,90,70.12
2025-12-19,9:30:12.873988449,T,KO,F I,32,70.115
2025-12-19,9:30:13.979595793,T,KO,F,238,70.11
2025-12-19,9:30:14.015026488,T,KO,I,25,70.11
2025-12-19,9:30:14.045368394,T,KO,F I,25,70.105
2025-12-19,9:30:14.060906302,T,KO,I,25,70.1
2025-12-19,9:30:14.155536123,T,KO,F I,25,70.12
2025-12-19,9:30:14.155538754,T,KO,F,100,70.12
2025-12-19,9:30:14.156365695,T,KO,F I,25,70.12
2025-12-19,9:30:14.211336646,T,KO,F I,25,70.1
2025-12-19,9:30:14.211631291,T,KO,F I,2,70.1
2025-12-19,9:30:14.333541657,T,KO,F,100,70.09
2025-12-19,9:30:14.333562669,T,KO,I,1,70.09
2025-12-19,9:30:14.370583923,T,KO,I,25,70.1
2025-12-19,9:30:14.370650013,T,KO,F I,2,70.09
2025-12-19,9:30:14.370698137,T,KO,F I,2,70.09
2025-12-19,9:30:14.370902629,T,KO,F I,21,70.09
2025-12-19,9:30:14.383776327,T,KO,F,100,70.095
2025-12-19,9:30:14.383791373,T,KO,F I,25,70.09
2025-12-19,9:30:14.384386895,T,KO,F I,25,70.09
2025-12-19,9:30:14.384567196,T,KO,F,100,70.09
2025-12-19,9:30:14.434200405,T,KO,F,100,70.09
2025-12-19,9:30:17.444640178,T,KO,F,232,70.1
2025-12-19,9:30:17.444640178,T,KO,F I,25,70.1
2025-12-19,9:30:17.444643244,T,KO,F I,43,70.1
2025-12-19,9:30:17.444658330,T,KO,I,1,70.1
2025-12-19,9:30:17.444661255,T,KO,F I,56,70.1
2025-12-19,9:30:17.472558691,T,KO,F,100,70.09
2025-12-19,9:30:17.486689336,T,KO,F,100,70.08
2025-12-19,9:30:17.486788675,T,KO,I,3,70.09
2025-12-19,9:30:17.486788675,T,KO,I,25,70.09
2025-12-19,9:30:17.486824770,T,KO,,100,70.1
2025-12-19,9:30:17.486827929,T,KO,I,25,70.1
2025-12-19,9:30:17.487390097,T,KO,F,100,70.1
2025-12-19,9:30:17.487594547,T,KO,F I,28,70.11
2025-12-19,9:30:17.498721307,T,KO,F,100,70.1
2025-12-19,9:30:17.498724143,T,KO,F I,3,70.1
2025-12-19,9:30:17.498727605,T,KO,F I,3,70.1
2025-12-19,9:30:17.498727605,T,KO,F,100,70.1
2025-12-19,9:30:17.498730720,T,KO,F,100,70.1
2025-12-19,9:30:17.498730720,T,KO,F I,25,70.1
2025-12-19,9:30:17.498733090,T,KO,F I,69,70.1
2025-12-19,9:30:17.499112006,T,KO,F I,1,70.1
2025-12-19,9:30:17.499184161,T,KO,F I,58,70.1
2025-12-19,9:30:17.499448752,T,KO,,100,70.1
2025-12-19,9:30:17.499469844,T,KO,I,1,70.1
2025-12-19,9:30:17.590643970,T,KO,I,9,70.1
2025-12-19,9:30:17.590695040,T,KO,F,100,70.1
2025-12-19,9:30:17.590695040,T,KO,F,100,70.1
2025-12-19,9:30:17.590743137,T,KO,,100,70.1
2025-12-19,9:30:17.590833429,T,KO,F I,52,70.1
2025-12-19,9:30:17.606927702,T,KO,F I,25,70.105
2025-12-19,9:30:17.619723197,T,KO,F I,25,70.1
2025-12-19,9:30:17.631517251,T,KO,F I,25,70.1
2025-12-19,9:30:17.643112876,T,KO,F,100,70.1
2025-12-19,9:30:17.643112876,T,KO,F I,25,70.1
2025-12-19,9:30:17.657965319,T,KO,I,25,70.09
2025-12-19,9:30:17.657992325,T,KO,I,25,70.1
2025-12-19,9:30:17.673602684,T,KO,F I,27,70.105
2025-12-19,9:30:17.687378522,T,KO,F I,2,70.1
2025-12-19,9:30:17.687381371,T,KO,F I,25,70.1
2025-12-19,9:30:17.698138436,T,KO,I,68,70.11
2025-12-19,9:30:17.698186099,T,KO,F I,25,70.1
2025-12-19,9:30:17.698186099,T,KO,F I,5,70.1
2025-12-19,9:30:17.698378641,T,KO,I,25,70.11
2025-12-19,9:30:17.698487299,T,KO,F I,25,70.1
2025-12-19,9:30:17.698489774,T,KO,F I,9,70.1
2025-12-19,9:30:17.698757539,T,KO,,100,70.11
2025-12-19,9:30:17.698757539,T,KO,I,25,70.11
2025-12-19,9:30:17.698934927,T,KO,F,100,70.11
2025-12-19,9:30:17.698937854,T,KO,F I,25,70.11
2025-12-19,9:30:17.718815260,T,KO,F,100,70.1
2025-12-19,9:30:17.719278346,T,KO,F I,25,70.1
2025-12-19,9:30:17.730437927,T,KO,F I,25,70.1
2025-12-19,9:30:17.748336529,T,KO,F I,75,70.1
2025-12-19,9:30:17.748336529,T,KO,F I,25,70.1
2025-12-19,9:30:17.759201374,T,KO,F I,25,70.095
2025-12-19,9:30:17.759460054,T,KO,I,25,70.1
2025-12-19,9:30:17.759730624,T,KO,I,2,70.1
2025-12-19,9:30:17.771305204,T,KO,F I,25,70.1
2025-12-19,9:30:17.772511071,T,KO,I,25,70.11
2025-12-19,9:30:17.772545007,T,KO,I,25,70.12
2025-12-19,9:30:17.876703260,T,KO,I,3,70.11
2025-12-19,9:30:17.876703260,T,KO,I,25,70.11
2025-12-19,9:30:17.889321343,T,KO,F I,75,70.1
2025-12-19,9:30:17.889321343,T,KO,F I,25,70.1
2025-12-19,9:30:17.930474284,T,KO,F I,25,70.09
2025-12-19,9:30:17.930522490,T,KO,I,10,70.1
2025-12-19,9:30:17.930525458,T,KO,I,25,70.1
2025-12-19,9:30:17.930525458,T,KO,I,3,70.1
2025-12-19,9:30:17.930802137,T,KO,F I,25,70.1
2025-12-19,9:30:17.945113702,T,KO,F I,3,70.1
2025-12-19,9:30:17.945116486,T,KO,F I,3,70.1
2025-12-19,9:30:17.945116486,T,KO,F I,25,70.1
2025-12-19,9:30:17.965802497,T,KO,F,100,70.09
2025-12-19,9:30:17.983382346,T,KO,F I,1,70.09
2025-12-19,9:30:18.016927186,T,KO,F I,25,70.09
2025-12-19,9:30:18.064413274,T,KO,F I,25,70.09
2025-12-19,9:30:18.064936608,T,KO,I,25,70.09
2025-12-19,9:30:18.065381570,T,KO,F I,75,70.09
2025-12-19,9:30:18.065390641,T,KO,F I,25,70.09
2025-12-19,9:30:18.065390641,T,KO,F,100,70.09
2025-12-19,9:30:18.065390641,T,KO,F I,41,70.09
2025-12-19,9:30:18.065403304,T,KO,I,59,70.09
2025-12-19,9:30:18.065504944,T,KO,F I,25,70.07
2025-12-19,9:30:18.065676286,T,KO,F I,25,70.09
2025-12-19,9:30:18.065968723,T,KO,F I,25,70.09
2025-12-19,9:30:18.082961427,T,KO,F,100,70.09
2025-12-19,9:30:18.137848804,T,KO,I,10,70.1
2025-12-19,9:30:18.139859958,T,KO,F I,25,70.08
2025-12-19,9:30:18.161505527,T,KO,F,100,70.07
2025-12-19,9:30:18.161508627,T,KO,F I,25,70.07
2025-12-19,9:30:18.161511577,T,KO,F I,8,70.07
2025-12-19,9:30:18.196599128,T,KO,F,100,70.08
2025-12-19,9:30:18.196611132,T,KO,F I,17,70.08
2025-12-19,9:30:18.240275164,T,KO,F,100,70.08
2025-12-19,9:30:18.240287136,T,KO,F I,17,70.08
2025-12-19,9:30:18.269549997,T,KO,F I,83,70.08
2025-12-19,9:30:18.269549997,T,KO,F I,17,70.07
2025-12-19,9:30:18.286245610,T,KO,F,100,70.08
2025-12-19,9:30:18.313039453,T,KO,F,100,70.08
2025-12-19,9:30:18.313039453,T,KO,F I,75,70.07
2025-12-19,9:30:18.313042431,T,KO,F I,25,70.07
2025-12-19,9:30:18.337613996,T,KO,F,100,70.07
2025-12-19,9:30:18.338609375,T,KO,I,25,70.07
2025-12-19,9:30:18.356291411,T,KO,F I,25,70.075
2025-12-19,9:30:18.370870217,T,KO,F I,25,70.075
2025-12-19,9:30:18.397489624,T,KO,I,4,70.07
2025-12-19,9:30:18.397658003,T,KO,F I,25,70.07
2025-12-19,9:30:18.473363323,T,KO,F I,25,70.08
2025-12-19,9:30:18.500048827,T,KO,F I,25,70.07
2025-12-19,9:30:18.500048827,T,KO,F I,75,70.07
2025-12-19,9:30:18.500499877,T,KO,F I,10,70.07
2025-12-19,9:30:18.752888036,T,KO,I,25,70.06
2025-12-19,9:30:18.752954147,T,KO,I,10,70.08
2025-12-19,9:30:18.752957324,T,KO,I,10,70.08
2025-12-19,9:30:20.887588157,T,KO,I,1,70.08
2025-12-19,9:30:23.988705954,T,KO,I,1,70.095
2025-12-19,9:30:25.190232765,T,KO,F,100,70.11
2025-12-19,9:30:25.190692772,T,KO,I,37,70.115
2025-12-19,9:30:25.190731840,T,KO,,163,70.11
2025-12-19,9:30:25.190735293,T,KO,,100,70.12
2025-12-19,9:30:25.190737806,T,KO,I,18,70.12
2025-12-19,9:30:25.190737806,T,KO,I,25,70.12
2025-12-19,9:30:28.682074284,T,KO,,100,70.11
2025-12-19,9:30:28.683006257,T,KO,I,4,70.1
2025-12-19,9:30:29.094265741,T,KO,I,75,70.11
2025-12-19,9:30:29.094283714,T,KO,,100,70.11
2025-12-19,9:30:29.094358933,T,KO,F I,25,70.11
2025-12-19,9:30:29.094361920,T,KO,I,55,70.11
2025-12-19,9:30:29.094611817,T,KO,F I,25,70.125
2025-12-19,9:30:29.094617707,T,KO,I,25,70.11
2025-12-19,9:30:29.094645102,T,KO,,100,70.12
2025-12-19,9:30:29.094645102,T,KO,I,18,70.125
2025-12-19,9:30:29.094665959,T,KO,I,18,70.12
2025-12-19,9:30:29.094695697,T,KO,,100,70.11
2025-12-19,9:30:29.094716758,T,KO,I,1,70.11
2025-12-19,9:30:29.094743804,T,KO,I,99,70.11
2025-12-19,9:30:29.094743804,T,KO,I,18,70.11
2025-12-19,9:30:29.101359579,T,KO,I,4,70.11
2025-12-19,9:30:29.121928652,T,KO,F I,21,70.11
2025-12-19,9:30:29.981522894,T,KO,I,1,70.095
2025-12-19,9:30:29.981555985,T,KO,I,16,70.095
2025-12-19,9:30:31.824633597,T,KO,,100,70.11
2025-12-19,9:30:31.824648647,T,KO,I,1,70.11
2025-12-19,9:30:31.831135022,T,KO,I,21,70.1
2025-12-19,9:30:31.831153303,T,KO,F I,21,70.1
2025-12-19,9:30:31.831153303,T,KO,F I,4,70.1
2025-12-19,9:30:31.831171095,T,KO,I,9,70.11
2025-12-19,9:30:31.831174232,T,KO,I,21,70.11
2025-12-19,9:30:31.831174232,T,KO,I,53,70.11
2025-12-19,9:30:31.831234763,T,KO,F I,53,70.1
2025-12-19,9:30:31.831274002,T,KO,F I,25,70.1
2025-12-19,9:30:31.831622251,T,KO,F I,25,70.11
2025-12-19,9:30:31.832073302,T,KO,,100,70.12
2025-12-19,9:30:31.832076279,T,KO,,100,70.12
2025-12-19,9:30:31.832482321,T,KO,,100,70.11
2025-12-19,9:30:31.832482321,T,KO,I,61,70.11
2025-12-19,9:30:31.832500343,T,KO,I,1,70.11
2025-12-19,9:30:31.832521343,T,KO,I,38,70.11
2025-12-19,9:30:31.833748314,T,KO,F I,25,70.1
2025-12-19,9:30:32.321748136,T,KO,F I,5,70.11
2025-12-19,9:30:32.321789980,T,KO,,100,70.11
2025-12-19,9:30:32.321789980,T,KO,,100,70.11
2025-12-19,9:30:32.321792667,T,KO,I,20,70.11
2025-12-19,9:30:32.321796486,T,KO,,225,70.11
2025-12-19,9:30:32.321807672,T,KO,,100,70.11
2025-12-19,9:30:32.321810671,T,KO,,295,70.11
2025-12-19,9:30:36.525967555,T,KO,I,33,70.1
2025-12-19,9:30:36.539508808,T,KO,I,22,70.09
2025-12-19,9:30:36.540955860,T,KO,I,21,70.1
2025-12-19,9:30:36.540959065,T,KO,I,33,70.1
2025-12-19,9:30:36.540959065,T,KO,I,25,70.1
2025-12-19,9:30:36.551372070,T,KO,I,21,70.09
2025-12-19,9:30:36.551375092,T,KO,I,25,70.09
2025-12-19,9:30:36.566176354,T,KO,F I,25,70.08
2025-12-19,9:30:36.575251970,T,KO,F,100,70.085
2025-12-19,9:30:36.575263946,T,KO,F I,25,70.085
2025-12-19,9:30:36.587253494,T,KO,F I,75,70.085
2025-12-19,9:30:36.587253494,T,KO,F I,25,70.07
2025-12-19,9:30:36.587265550,T,KO,F I,25,70.07
2025-12-19,9:30:36.587295847,T,KO,I,75,70.07
2025-12-19,9:30:36.587302887,T,KO,F I,21,70.08
2025-12-19,9:30:36.587317129,T,KO,F,100,70.07
2025-12-19,9:30:36.587397893,T,KO,I,25,70.1
2025-12-19,9:30:36.587461020,T,KO,I,25,70.1
2025-12-19,9:30:36.587551813,T,KO,,100,70.1
2025-12-19,9:30:36.587551813,T,KO,,100,70.1
2025-12-19,9:30:36.587558253,T,KO,I,21,70.09
2025-12-19,9:30:36.587560228,T,KO,I,25,70.09
2025-12-19,9:30:36.587945630,T,KO,,100,70.09
2025-12-19,9:30:36.587948193,T,KO,,100,70.09
2025-12-19,9:30:36.587951425,T,KO,,100,70.09
2025-12-19,9:30:36.587954289,T,KO,,100,70.09
2025-12-19,9:30:36.587954289,T,KO,,100,70.09
2025-12-19,9:30:36.587960369,T,KO,I,92,70.09
2025-12-19,9:30:36.587960369,T,KO,,100,70.09
2025-12-19,9:30:36.587963882,T,KO,,200,70.09
2025-12-19,9:30:36.587963882,T,KO,,125,70.09
2025-12-19,9:30:36.587967349,T,KO,,100,70.09
2025-12-19,9:30:36.587973140,T,KO,,100,70.09
2025-12-19,9:30:36.587973140,T,KO,,100,70.09
2025-12-19,9:30:36.587973140,T,KO,,200,70.09
2025-12-19,9:30:36.587979241,T,KO,,100,70.09
2025-12-19,9:30:36.587979241,T,KO,,100,70.09
2025-12-19,9:30:36.587984687,T,KO,,100,70.09
2025-12-19,9:30:36.587984687,T,KO,,200,70.09
2025-12-19,9:30:36.587984687,T,KO,I,83,70.09
2025-12-19,9:30:36.587990666,T,KO,I,17,70.09
2025-12-19,9:30:36.587990666,T,KO,,100,70.09
2025-12-19,9:30:36.587993259,T,KO,,300,70.09
2025-12-19,9:30:36.588110577,T,KO,F,100,70.09
2025-12-19,9:30:36.588128674,T,KO,I,1,70.09
2025-12-19,9:30:36.588131644,T,KO,I,25,70.09
2025-12-19,9:30:36.588143661,T,KO,I,30,70.09
2025-12-19,9:30:36.588143661,T,KO,,100,70.09
2025-12-19,9:30:36.588301630,T,KO,,100,70.09
2025-12-19,9:30:36.588306019,T,KO,,100,70.09
2025-12-19,9:30:36.588306019,T,KO,,100,70.09
2025-12-19,9:30:36.588435360,T,KO,I,56,70.09
2025-12-19,9:30:36.639593249,T,KO,F I,33,70.08
2025-12-19,9:30:36.639630066,T,KO,I,25,70.09
2025-12-19,9:30:36.639630066,T,KO,,100,70.09
2025-12-19,9:30:36.639632316,T,KO,I,71,70.09
2025-12-19,9:30:36.652379668,T,KO,F I,25,70.08
2025-12-19,9:30:36.664450550,T,KO,F,100,70.07
2025-12-19,9:30:36.664450550,T,KO,F I,20,70.07
2025-12-19,9:30:36.664477439,T,KO,F I,5,70.07
2025-12-19,9:30:36.673665808,T,KO,I,25,70.09
2025-12-19,9:30:36.673898860,T,KO,F,100,70.08
2025-12-19,9:30:36.673914008,T,KO,F I,21,70.08
2025-12-19,9:30:36.673916988,T,KO,F I,25,70.08
2025-12-19,9:30:36.673916988,T,KO,F I,79,70.08
2025-12-19,9:30:36.673919997,T,KO,I,1,70.08
2025-12-19,9:30:36.684769757,T,KO,F I,25,70.08
2025-12-19,9:30:36.692717792,T,KO,I,21,70.09
2025-12-19,9:30:36.692721122,T,KO,I,68,70.09
2025-12-19,9:30:36.692721122,T,KO,I,25,70.09
2025-12-19,9:30:36.692724602,T,KO,I,22,70.09
2025-12-19,9:30:36.692724602,T,KO,I,7,70.09
2025-12-19,9:30:36.692726709,T,KO,,143,70.09
2025-12-19,9:30:36.707918970,T,KO,F I,93,70.095
2025-12-19,9:30:36.719430354,T,KO,F I,93,70.095
2025-12-19,9:30:36.729708958,T,KO,F I,29,70.09
2025-12-19,9:30:36.729711829,T,KO,F I,39,70.09
2025-12-19,9:30:36.729714836,T,KO,F I,25,70.09
2025-12-19,9:30:36.766510499,T,KO,F I,25,70.085
2025-12-19,9:30:36.803453503,T,KO,F I,3,70.085
2025-12-19,9:30:36.816023413,T,KO,F I,3,70.085
2025-12-19,9:30:36.829408334,T,KO,F I,3,70.085
2025-12-19,9:30:36.840616039,T,KO,F I,3,70.085
2025-12-19,9:30:36.851862812,T,KO,F I,3,70.085
2025-12-19,9:30:36.863563686,T,KO,F I,3,70.085
2025-12-19,9:30:36.873736905,T,KO,F I,3,70.085
2025-12-19,9:30:36.884809298,T,KO,F I,3,70.085
2025-12-19,9:30:36.897057458,T,KO,F I,3,70.085
2025-12-19,9:30:36.908183869,T,KO,F I,3,70.085
2025-12-19,9:30:36.926091548,T,KO,I,25,70.1
2025-12-19,9:30:39.076813886,T,KO,I,2,70.09
2025-12-19,9:30:39.076813886,T,KO,I,25,70.09
2025-12-19,9:30:41.513538451,T,KO,I,25,70.07
2025-12-19,9:30:41.514058744,T,KO,F I,25,70.07
2025-12-19,9:30:41.514197051,T,KO,F,275,70.07
2025-12-19,9:30:41.518773955,T,KO,F,100,70.06
2025-12-19,9:30:41.518783035,T,KO,F I,25,70.06
2025-12-19,9:30:41.533127144,T,KO,F,100,70.06
2025-12-19,9:30:41.533136169,T,KO,F I,25,70.06
2025-12-19,9:30:41.559707431,T,KO,F,100,70.05
2025-12-19,9:30:41.559719528,T,KO,F I,25,70.05
2025-12-19,9:30:41.559728486,T,KO,I,1,70.05
2025-12-19,9:30:41.559836832,T,KO,I,37,70.06
2025-12-19,9:30:41.581238692,T,KO,I,20,70.07
2025-12-19,9:30:41.584820272,T,KO,F I,3,70.06
2025-12-19,9:30:41.584823279,T,KO,F I,37,70.06
2025-12-19,9:30:41.621381346,T,KO,F I,5,70.06
2025-12-19,9:30:41.621889570,T,KO,I,25,70.07
2025-12-19,9:30:41.621964771,T,KO,I,37,70.06
2025-12-19,9:30:41.632465693,T,KO,I,25,70.065
2025-12-19,9:30:41.744377271,T,KO,I,86,70.07
2025-12-19,9:30:41.744395287,T,KO,I,1,70.07
2025-12-19,9:30:43.171600446,T,KO,I,80,70.04
2025-12-19,9:30:43.171603439,T,KO,,100,70.04
2025-12-19,9:30:43.171618569,T,KO,I,1,70.04
2025-12-19,9:30:43.171756865,T,KO,F,105,70.04
2025-12-19,9:30:43.173104075,T,KO,I,68,70.04
2025-12-19,9:30:43.173104075,T,KO,I,32,70.04
2025-12-19,9:30:43.191207269,T,KO,,950,70.05
2025-12-19,9:30:43.191207269,T,KO,I,25,70.05
2025-12-19,9:30:43.195714951,T,KO,F,268,70.05
2025-12-19,9:30:43.244966214,T,KO,F I,25,70.05
2025-12-19,9:30:43.255217610,T,KO,F I,25,70.05
2025-12-19,9:30:43.269781311,T,KO,F I,25,70.05
2025-12-19,9:30:44.918584314,T,KO,,100,70.06
2025-12-19,9:30:44.918620320,T,KO,,207,70.06
2025-12-19,9:30:50.106146429,T,KO,,100,70.07
2025-12-19,9:30:50.106149425,T,KO,,106,70.07
2025-12-19,9:30:50.106185493,T,KO,,500,70.08
2025-12-19,9:30:50.106185493,T,KO,,300,70.08
2025-12-19,9:30:50.106233676,T,KO,F I,51,70.08
2025-12-19,9:30:50.106236679,T,KO,F,300,70.08
2025-12-19,9:30:50.106423085,T,KO,F I,9,70.08
2025-12-19,9:30:50.142190281,T,KO,I,25,70.1
2025-12-19,9:30:51.612475998,T,KO,,100,70.1
2025-12-19,9:30:51.612488052,T,KO,,100,70.08
2025-12-19,9:30:51.612512138,T,KO,I,1,70.09
2025-12-19,9:30:51.612536188,T,KO,I,99,70.09
2025-12-19,9:30:52.627164628,T,KO,,100,70.09
2025-12-19,9:30:53.876069613,T,KO,F I,25,70.11
2025-12-19,9:31:00.405210390,T,KO,F I,2,70.11
2025-12-19,9:31:00.431643294,T,KO,F I,2,70.11
2025-12-19,9:31:00.455556290,T,KO,F I,2,70.11
2025-12-19,9:31:00.479451212,T,KO,F I,2,70.11
2025-12-19,9:31:00.498832353,T,KO,F I,2,70.11
2025-12-19,9:31:00.511699968,T,KO,F I,2,70.11
2025-12-19,9:31:03.509491876,T,KO,F I,20,70.105
2025-12-19,9:31:03.509925068,T,KO,F I,20,70.105
2025-12-19,9:31:03.509969962,T,KO,F I,20,70.105
2025-12-19,9:31:03.510084338,T,KO,I,25,70.1
2025-12-19,9:31:03.520570206,T,KO,F I,25,70.1
2025-12-19,9:31:03.520570206,T,KO,F I,20,70.1
2025-12-19,9:31:03.555101789,T,KO,F I,25,70.115
2025-12-19,9:31:03.605336076,T,KO,F I,25,70.115
2025-12-19,9:31:03.621643888,T,KO,F I,25,70.115
2025-12-19,9:31:03.635873821,T,KO,F I,25,70.115
2025-12-19,9:31:03.650648114,T,KO,F I,25,70.115
2025-12-19,9:31:03.663079571,T,KO,F I,25,70.115
2025-12-19,9:31:03.672777717,T,KO,F I,25,70.115
2025-12-19,9:31:03.687127917,T,KO,F I,25,70.115
2025-12-19,9:31:03.697944612,T,KO,F I,25,70.115
2025-12-19,9:31:03.748296533,T,KO,F I,25,70.11
2025-12-19,9:31:03.759128304,T,KO,F I,25,70.11
2025-12-19,9:31:03.775045225,T,KO,F I,30,70.11
2025-12-19,9:31:03.788739968,T,KO,F I,30,70.11
2025-12-19,9:31:03.801950301,T,KO,F I,30,70.11
2025-12-19,9:31:03.812346122,T,KO,F I,30,70.11
2025-12-19,9:31:03.821692344,T,KO,F I,30,70.11
2025-12-19,9:31:03.844619289,T,KO,F I,25,70.1
2025-12-19,9:31:03.844622317,T,KO,F I,5,70.1
2025-12-19,9:31:03.844625354,T,KO,F I,68,70.1
2025-12-19,9:31:03.844628035,T,KO,F,100,70.1
2025-12-19,9:31:03.844630991,T,KO,F,100,70.1
2025-12-19,9:31:03.844630991,T,KO,F I,2,70.1
2025-12-19,9:31:03.844633967,T,KO,F I,5,70.1
2025-12-19,9:31:03.844646282,T,KO,I,1,70.1
2025-12-19,9:31:03.844769443,T,KO,F I,25,70.11
2025-12-19,9:31:03.907074666,T,KO,F I,25,70.12
2025-12-19,9:31:03.907078176,T,KO,F,100,70.12
2025-12-19,9:31:03.907080709,T,KO,F,110,70.12
2025-12-19,9:31:03.917798299,T,KO,F I,25,70.12
2025-12-19,9:31:03.932593482,T,KO,F I,25,70.12
2025-12-19,9:31:03.938258959,T,KO,F I,25,70.12
2025-12-19,9:31:03.949728340,T,KO,F I,25,70.12
2025-12-19,9:31:03.949759097,T,KO,I,1,70.13
2025-12-19,9:31:03.949759097,T,KO,I,25,70.13
2025-12-19,9:31:03.949779433,T,KO,F I,4,70.13
2025-12-19,9:31:03.972384276,T,KO,,200,70.15
2025-12-19,9:31:03.991503780,T,KO,F I,25,70.145
2025-12-19,9:31:04.017187972,T,KO,F I,25,70.14
2025-12-19,9:31:04.018517926,T,KO,I,15,70.15
2025-12-19,9:31:04.018520446,T,KO,I,85,70.15
2025-12-19,9:31:04.018523163,T,KO,I,25,70.15
2025-12-19,9:31:04.041660282,T,KO,F I,25,70.145
2025-12-19,9:31:04.052176292,T,KO,F I,25,70.14
2025-12-19,9:31:04.064902549,T,KO,I,25,70.14
2025-12-19,9:31:04.075620082,T,KO,I,25,70.14
2025-12-19,9:31:04.088190121,T,KO,I,25,70.14
2025-12-19,9:31:04.099785636,T,KO,I,25,70.14
2025-12-19,9:31:04.135907751,T,KO,I,25,70.145
2025-12-19,9:31:04.149169275,T,KO,I,25,70.145
2025-12-19,9:31:04.161276120,T,KO,I,25,70.145
2025-12-19,9:31:04.176062389,T,KO,I,25,70.145
2025-12-19,9:31:04.188701481,T,KO,I,25,70.145
2025-12-19,9:31:04.204323603,T,KO,I,25,70.145
2025-12-19,9:31:04.218336996,T,KO,I,25,70.145
2025-12-19,9:31:04.230576117,T,KO,I,25,70.145
2025-12-19,9:31:04.242998738,T,KO,I,25,70.145
2025-12-19,9:31:04.255219831,T,KO,I,25,70.145
2025-12-19,9:31:04.269091931,T,KO,I,25,70.145
2025-12-19,9:31:04.466794814,T,KO,I,25,70.15
2025-12-19,9:31:04.466797805,T,KO,I,41,70.15
2025-12-19,9:31:04.485499614,T,KO,F I,25,70.14
2025-12-19,9:31:04.615477842,T,KO,F,200,70.14
2025-12-19,9:31:04.615477842,T,KO,F,200,70.13
2025-12-19,9:31:04.615489911,T,KO,F I,25,70.13
2025-12-19,9:31:04.627148725,T,KO,F,100,70.13
2025-12-19,9:31:04.627163678,T,KO,F I,75,70.13
2025-12-19,9:31:04.627317011,T,KO,F I,4,70.13
2025-12-19,9:31:04.627338138,T,KO,F,100,70.13
2025-12-19,9:31:04.651359355,T,KO,F I,29,70.14
2025-12-19,9:31:04.664046599,T,KO,F I,4,70.13
2025-12-19,9:31:04.664046599,T,KO,F I,25,70.13
2025-12-19,9:31:04.664067594,T,KO,I,28,70.13
2025-12-19,9:31:04.664323232,T,KO,F,100,70.13
2025-12-19,9:31:04.664422389,T,KO,I,25,70.14
2025-12-19,9:31:19.980383153,T,KO,I,74,70.18
2025-12-19,9:31:19.980383153,T,KO,I,2,70.18
2025-12-19,9:31:19.981396579,T,KO,,100,70.19
2025-12-19,9:31:19.986719159,T,KO,F I,68,70.18
2025-12-19,9:31:20.631647254,T,KO,F I,1,70.16
2025-12-19,9:31:31.009059738,T,KO,F I,1,70.17
2025-12-19,9:31:31.009059738,T,KO,F I,99,70.17
2025-12-19,9:31:31.009086812,T,KO,F I,1,70.15
2025-12-19,9:31:31.009114016,T,KO,F I,1,70.15
2025-12-19,9:31:31.009327411,T,KO,,100,70.16
2025-12-19,9:31:31.009331160,T,KO,I,31,70.16
2025-12-19,9:31:31.009331160,T,KO,I,69,70.16
2025-12-19,9:31:31.028101093,T,KO,F,100,70.17
2025-12-19,9:31:31.042503029,T,KO,F I,31,70.16
2025-12-19,9:31:31.042505564,T,KO,F I,69,70.16
2025-12-19,9:31:31.043131139,T,KO,F,100,70.17
2025-12-19,9:31:31.043131139,T,KO,F,100,70.17
2025-12-19,9:31:31.054880098,T,KO,F I,4,70.17
2025-12-19,9:31:31.054880098,T,KO,F I,96,70.17
2025-12-19,9:31:31.054900950,T,KO,I,1,70.17
2025-12-19,9:31:31.055631695,T,KO,F I,16,70.17
2025-12-19,9:31:31.097257227,T,KO,F,100,70.15
2025-12-19,9:31:31.097271817,T,KO,F I,25,70.14
2025-12-19,9:31:31.097316874,T,KO,F I,69,70.15
2025-12-19,9:31:31.106482886,T,KO,F,100,70.15
2025-12-19,9:31:31.106485817,T,KO,F I,69,70.15
2025-12-19,9:31:31.106489883,T,KO,F I,25,70.15
2025-12-19,9:31:31.106489883,T,KO,F,200,70.15
2025-12-19,9:31:31.106494743,T,KO,F,200,70.15
2025-12-19,9:31:31.106494743,T,KO,F,106,70.15
2025-12-19,9:31:31.106494743,T,KO,F I,94,70.15
2025-12-19,9:31:31.106897736,T,KO,I,31,70.16
2025-12-19,9:31:31.106897736,T,KO,I,25,70.16
2025-12-19,9:31:31.106901713,T,KO,I,16,70.16
2025-12-19,9:31:31.106903908,T,KO,I,29,70.16
2025-12-19,9:31:31.107180431,T,KO,F,100,70.16
2025-12-19,9:31:31.107180431,T,KO,F I,25,70.16
2025-12-19,9:31:31.107199477,T,KO,I,1,70.16
2025-12-19,9:31:31.108257722,T,KO,F I,4,70.16
2025-12-19,9:31:31.108257722,T,KO,F,170,70.16
2025-12-19,9:31:31.108263677,T,KO,F I,25,70.16
2025-12-19,9:31:31.118697781,T,KO,F I,25,70.14
2025-12-19,9:31:31.121867387,T,KO,I,12,70.16
2025-12-19,9:31:31.121870425,T,KO,I,39,70.16
2025-12-19,9:31:31.132921728,T,KO,F,100,70.14
2025-12-19,9:31:31.143527939,T,KO,F I,25,70.14
2025-12-19,9:31:31.144051245,T,KO,F I,2,70.14
2025-12-19,9:31:31.155268339,T,KO,F I,6,70.14
2025-12-19,9:31:31.155270913,T,KO,F I,94,70.14
2025-12-19,9:31:31.176856378,T,KO,F I,25,70.13
2025-12-19,9:31:31.176859378,T,KO,F I,75,70.13
2025-12-19,9:31:31.176871387,T,KO,F I,25,70.13
2025-12-19,9:31:31.176949630,T,KO,I,25,70.13
2025-12-19,9:31:31.188259452,T,KO,F I,25,70.13
2025-12-19,9:31:31.198435788,T,KO,F I,25,70.13
2025-12-19,9:31:31.207857153,T,KO,F I,25,70.12
2025-12-19,9:31:31.207857153,T,KO,F,200,70.12
2025-12-19,9:31:31.207938351,T,KO,I,25,70.11
2025-12-19,9:31:31.220938299,T,KO,F,100,70.12
2025-12-19,9:31:31.230140293,T,KO,F I,25,70.125
2025-12-19,9:31:31.230362767,T,KO,F I,16,70.12
2025-12-19,9:31:31.230393517,T,KO,F I,25,70.12
2025-12-19,9:31:31.264509120,T,KO,I,25,70.12
2025-12-19,9:31:31.276062623,T,KO,F I,25,70.12
2025-12-19,9:31:31.287577034,T,KO,F I,25,70.11
2025-12-19,9:31:31.319212443,T,KO,F,126,70.12
2025-12-19,9:31:31.445393257,T,KO,I,2,70.12
2025-12-19,9:31:31.445398968,T,KO,I,25,70.12
2025-12-19,9:31:31.445398968,T,KO,I,29,70.12
2025-12-19,9:31:31.937105973,T,KO,I,1,70.14
2025-12-19,9:31:33.297320559,T,KO,,100,70.15
2025-12-19,9:31:33.297323575,T,KO,,100,70.15
2025-12-19,9:31:37.594970762,T,KO,,200,70.13
2025-12-19,9:31:37.594973283,T,KO,I,25,70.13
2025-12-19,9:31:37.594976037,T,KO,,200,70.13
2025-12-19,9:31:37.796828855,T,KO,F I,25,70.11
2025-12-19,9:31:37.796828855,T,KO,F I,75,70.11
2025-12-19,9:31:37.796846859,T,KO,I,1,70.11
2025-12-19,9:31:37.834045408,T,KO,F,100,70.11
2025-12-19,9:31:37.834060520,T,KO,F I,25,70.1
2025-12-19,9:31:37.834123889,T,KO,F I,78,70.11
2025-12-19,9:31:37.834132678,T,KO,F I,78,70.11
2025-12-19,9:31:37.834141742,T,KO,F I,22,70.11
2025-12-19,9:31:37.834180754,T,KO,,100,70.12
2025-12-19,9:31:37.834232808,T,KO,F I,23,70.12
2025-12-19,9:31:37.834319572,T,KO,F I,43,70.12
2025-12-19,9:31:37.834322287,T,KO,F I,31,70.12
2025-12-19,9:31:37.834616974,T,KO,F I,41,70.12
2025-12-19,9:31:37.834620462,T,KO,F I,34,70.12
2025-12-19,9:31:37.834624049,T,KO,F I,38,70.12
2025-12-19,9:31:37.834624049,T,KO,F,100,70.12
2025-12-19,9:31:37.834629879,T,KO,F I,38,70.12
2025-12-19,9:31:37.834629879,T,KO,F,100,70.12
2025-12-19,9:31:37.846248481,T,KO,F,100,70.12
2025-12-19,9:31:37.846711616,T,KO,F I,78,70.12
2025-12-19,9:31:37.866002581,T,KO,,100,70.12
2025-12-19,9:31:39.432364160,T,KO,F I,2,70.14
2025-12-19,9:31:41.856242404,T,KO,,100,70.14
2025-12-19,9:31:41.856245012,T,KO,I,83,70.14
2025-12-19,9:31:41.858241785,T,KO,,100,70.14
2025-12-19,9:31:41.858244821,T,KO,I,25,70.14
2025-12-19,9:31:41.858906442,T,KO,I,22,70.15
2025-12-19,9:31:41.860653570,T,KO,F I,35,70.13
2025-12-19,9:31:41.860656595,T,KO,F I,65,70.13
2025-12-19,9:31:41.860675162,T,KO,I,1,70.13
2025-12-19,9:31:44.240988624,T,KO,I,35,70.14
2025-12-19,9:31:44.240988624,T,KO,I,65,70.14
2025-12-19,9:31:44.240990886,T,KO,I,1,70.14
2025-12-19,9:31:44.240993730,T,KO,F I,80,70.14
2025-12-19,9:31:44.241604179,T,KO,,100,70.15
2025-12-19,9:31:44.544750231,T,KO,,100,70.17
2025-12-19,9:31:44.555750400,T,KO,F,100,70.15
2025-12-19,9:31:44.555774481,T,KO,F I,26,70.15
2025-12-19,9:31:44.555816601,T,KO,I,74,70.15
2025-12-19,9:31:44.555831647,T,KO,F,100,70.15
2025-12-19,9:31:44.555885757,T,KO,I,25,70.16
2025-12-19,9:31:44.556670598,T,KO,F,100,70.16
2025-12-19,9:31:44.556679674,T,KO,F I,27,70.16
2025-12-19,9:31:44.556682674,T,KO,F,100,70.16
2025-12-19,9:31:44.557203459,T,KO,,100,70.16
2025-12-19,9:31:44.557203459,T,KO,,100,70.16
2025-12-19,9:31:44.557208994,T,KO,I,25,70.16
2025-12-19,9:31:44.557208994,T,KO,I,39,70.16
2025-12-19,9:31:44.557208994,T,KO,,100,70.16
2025-12-19,9:31:45.940780165,T,KO,I,1,70.145
2025-12-19,9:31:46.769481816,T,KO,I,38,70.14
2025-12-19,9:31:50.046293150,T,KO,F,100,70.11
2025-12-19,9:31:57.182153568,T,KO,,100,70.095
2025-12-19,9:32:02.414570466,T,KO,F,100,70.095
2025-12-19,9:32:11.020791705,T,KO,F I,2,70.11
2025-12-19,9:32:11.020794692,T,KO,F I,23,70.11
2025-12-19,9:32:11.908081960,T,KO,I,1,70.11
2025-12-19,9:32:12.117043585,T,KO,F I,2,70.1
2025-12-19,9:32:13.908202550,T,KO,F,100,70.09
2025-12-19,9:32:13.937453177,T,KO,F I,25,70.1
2025-12-19,9:32:13.937457404,T,KO,I,75,70.1
2025-12-19,9:32:13.946974129,T,KO,F I,5,70.1
2025-12-19,9:32:13.946974129,T,KO,F,395,70.1
2025-12-19,9:32:13.946991893,T,KO,I,1,70.1
2025-12-19,9:32:13.946991893,T,KO,I,4,70.1
2025-12-19,9:32:14.658724033,T,KO,F,200,70.07
2025-12-19,9:32:14.658739058,T,KO,,112,70.07
2025-12-19,9:32:14.664984877,T,KO,I,10,70.07
2025-12-19,9:32:14.684062368,T,KO,F I,4,70.07
2025-12-19,9:32:15.222100740,T,KO,F,100,70.08
2025-12-19,9:32:15.267999112,T,KO,F I,30,70.07
2025-12-19,9:32:15.903123822,T,KO,I,1,70.08
2025-12-19,9:32:15.903156859,T,KO,I,29,70.08
2025-12-19,9:32:17.624537701,T,KO,F I,2,70.07
2025-12-19,9:32:21.313682072,T,KO,F I,17,70.08
2025-12-19,9:32:21.313682072,T,KO,F I,17,70.08
2025-12-19,9:32:22.728007501,T,KO,F I,7,70.07
2025-12-19,9:32:22.728043606,T,KO,F,100,70.07
2025-12-19,9:32:22.728052620,T,KO,F,100,70.07
2025-12-19,9:32:25.532691371,T,KO,F I,2,70.06
2025-12-19,9:32:25.532691371,T,KO,F I,98,70.06
2025-12-19,9:32:25.532706593,T,KO,I,1,70.06
2025-12-19,9:32:25.533452504,T,KO,F I,1,70.06
2025-12-19,9:32:25.533452504,T,KO,F I,5,70.06
2025-12-19,9:32:31.810307655,T,KO,,100,70.08
2025-12-19,9:32:31.812905810,T,KO,F I,1,70.08
2025-12-19,9:32:33.330488165,T,KO,F,100,70.08
2025-12-19,9:32:45.872582349,T,KO,I,1,70.08
2025-12-19,9:32:47.053663229,T,KO,F I,1,70.07
2025-12-19,9:32:47.054189503,T,KO,I,1,70.06
2025-12-19,9:32:47.054192511,T,KO,,100,70.06
2025-12-19,9:32:47.054212619,T,KO,I,1,70.06
2025-12-19,9:32:47.054216528,T,KO,I,64,70.06
2025-12-19,9:32:47.054246614,T,KO,I,35,70.06
2025-12-19,9:32:47.054896195,T,KO,F,100,70.06
2025-12-19,9:32:47.077140169,T,KO,I,1,70.06
2025-12-19,9:32:55.954646891,T,KO,F I,10,70.05
2025-12-19,9:32:55.954649472,T,KO,F I,1,70.05
2025-12-19,9:32:55.956174081,T,KO,F I,1,70.04
2025-12-19,9:32:55.998099977,T,KO,F I,1,70.04
2025-12-19,9:32:56.532364485,T,KO,,100,70.04
2025-12-19,9:32:56.532364485,T,KO,I,25,70.04
2025-12-19,9:32:56.685783801,T,KO,I,84,70.05
2025-12-19,9:32:56.685801968,T,KO,F I,16,70.05
2025-12-19,9:33:01.280787711,T,KO,F,100,70.06
2025-12-19,9:33:01.280790572,T,KO,F I,34,70.06
2025-12-19,9:33:01.280808629,T,KO,I,66,70.06
2025-12-19,9:33:02.594944623,T,KO,F I,2,70.05
2025-12-19,9:33:03.849219936,T,KO,I,1,70.05
2025-12-19,9:33:04.298688945,T,KO,F I,10,70.04
2025-12-19,9:33:04.298691939,T,KO,F I,4,70.04
2025-12-19,9:33:06.895381925,T,KO,I,25,70.03
2025-12-19,9:33:06.895385016,T,KO,I,2,70.03
2025-12-19,9:33:06.895983362,T,KO,I,41,70.04
2025-12-19,9:33:06.895983362,T,KO,I,25,70.04
2025-12-19,9:33:06.895989391,T,KO,I,25,70.04
2025-12-19,9:33:06.896005099,T,KO,I,1,70.04
2025-12-19,9:33:08.648620548,T,KO,F I,41,70.04
2025-12-19,9:33:11.839360806,T,KO,I,1,70.045
2025-12-19,9:33:16.060288721,T,KO,,100,70.05
2025-12-19,9:33:19.313966015,T,KO,F,100,70.06
2025-12-19,9:33:19.313984102,T,KO,F,100,70.06
2025-12-19,9:33:19.313984102,T,KO,F,426,70.06
2025-12-19,9:33:19.829107928,T,KO,I,1,70.055
2025-12-19,9:33:20.380777726,T,KO,F I,25,70.05
2025-12-19,9:33:20.520231845,T,KO,F I,25,70.04
2025-12-19,9:33:24.777762975,T,KO,F,100,70.04
2025-12-19,9:33:29.826436315,T,KO,I,1,70.05
2025-12-19,9:33:37.818529013,T,KO,I,1,70.085
2025-12-19,9:33:38.990910225,T,KO,,100,70.085
2025-12-19,9:33:40.613948193,T,KO,F,100,70.07
2025-12-19,9:33:40.613948193,T,KO,F I,1,70.07
2025-12-19,9:33:40.613968862,T,KO,I,1,70.07
2025-12-19,9:33:40.614005617,T,KO,F I,99,70.07
2025-12-19,9:33:40.714320820,T,KO,F I,25,70.08
2025-12-19,9:33:47.405244519,T,KO,,100,70.12
2025-12-19,9:33:47.448472375,T,KO,F,100,70.12
2025-12-19,9:33:47.448664933,T,KO,F,100,70.11
2025-12-19,9:33:47.448683485,T,KO,I,1,70.11
2025-12-19,9:33:47.448749688,T,KO,F I,54,70.11
2025-12-19,9:33:47.448755108,T,KO,F I,46,70.11
2025-12-19,9:33:47.448758467,T,KO,F I,25,70.12
2025-12-19,9:33:47.448758467,T,KO,F,113,70.12
2025-12-19,9:33:47.448785106,T,KO,F I,57,70.12
2025-12-19,9:33:47.448794122,T,KO,I,30,70.12
2025-12-19,9:33:47.473913045,T,KO,,200,70.115
2025-12-19,9:33:47.473913045,T,KO,I,3,70.12
2025-12-19,9:33:49.807272322,T,KO,I,1,70.115
2025-12-19,9:33:59.795546415,T,KO,I,1,70.115
2025-12-19,9:34:01.206477290,T,KO,F,100,70.1
2025-12-19,9:34:01.206479729,T,KO,F,200,70.1
2025-12-19,9:34:03.795246351,T,KO,F I,10,70.1
2025-12-19,9:34:05.831513862,T,KO,I,25,70.16
2025-12-19,9:34:11.786719436,T,KO,I,1,70.17
2025-12-19,9:34:13.084309960,T,KO,F,100,70.16
2025-12-19,9:34:13.084312815,T,KO,F I,1,70.16
2025-12-19,9:34:17.219729099,T,KO,F,165,70.16
2025-12-19,9:34:17.220177411,T,KO,F,100,70.17
2025-12-19,9:34:17.220330510,T,KO,F,100,70.17
2025-12-19,9:34:17.220369596,T,KO,,100,70.17
2025-12-19,9:34:17.220528988,T,KO,,100,70.17
2025-12-19,9:34:17.220532015,T,KO,F,324,70.17
2025-12-19,9:34:17.221049908,T,KO,F I,32,70.16
2025-12-19,9:34:17.468547932,T,KO,F,100,70.16
2025-12-19,9:34:17.468547932,T,KO,F,401,70.16
2025-12-19,9:34:17.468550980,T,KO,F,324,70.16
2025-12-19,9:34:17.468553628,T,KO,F,100,70.16
2025-12-19,9:34:17.468583862,T,KO,,100,70.17
2025-12-19,9:34:17.468587721,T,KO,I,32,70.17
2025-12-19,9:34:17.468589774,T,KO,I,25,70.17
2025-12-19,9:34:17.469452840,T,KO,F I,33,70.17
2025-12-19,9:34:19.666001806,T,KO,F I,25,70.16
2025-12-19,9:34:19.666001806,T,KO,F I,36,70.16
2025-12-19,9:34:19.666007856,T,KO,F I,25,70.16
2025-12-19,9:34:19.666007856,T,KO,F,100,70.16
2025-12-19,9:34:19.666010377,T,KO,F I,36,70.16
2025-12-19,9:34:19.666013426,T,KO,F,200,70.16
2025-12-19,9:34:19.666013426,T,KO,F,197,70.16
2025-12-19,9:34:19.666025464,T,KO,F I,3,70.16
2025-12-19,9:34:31.359489346,T,KO,F,100,70.15
2025-12-19,9:34:31.760473403,T,KO,I,1,70.16
2025-12-19,9:34:46.062873108,T,KO,,100,70.16
2025-12-19,9:34:46.062876156,T,KO,I,2,70.16
2025-12-19,9:34:46.062891327,T,KO,I,1,70.16
2025-12-19,9:34:46.075458095,T,KO,,200,70.16
2025-12-19,9:34:47.599018750,T,KO,,100,70.17
2025-12-19,9:34:47.599018750,T,KO,,300,70.17
2025-12-19,9:34:47.599037260,T,KO,I,1,70.17
2025-12-19,9:34:47.599265316,T,KO,F I,99,70.17
2025-12-19,9:34:48.254922869,T,KO,I,1,70.17
2025-12-19,9:34:53.734802299,T,KO,I,1,70.18
2025-12-19,9:34:59.733525388,T,KO,I,1,70.18
2025-12-19,9:35:00.194475234,T,KO,I,2,70.18
2025-12-19,9:35:00.194944294,T,KO,F I,54,70.18
2025-12-19,9:35:00.233354783,T,KO,F I,1,70.17
2025-12-19,9:35:00.233354783,T,KO,F I,1,70.17
2025-12-19,9:35:00.233372864,T,KO,F I,1,70.17
2025-12-19,9:35:00.351939240,T,KO,F,100,70.16
2025-12-19,9:35:00.351963261,T,KO,I,1,70.16
2025-12-19,9:35:00.352787284,T,KO,F,100,70.16
2025-12-19,9:35:00.352808273,T,KO,I,1,70.16
2025-12-19,9:35:00.352832292,T,KO,F I,99,70.16
2025-12-19,9:35:00.365615789,T,KO,F I,25,70.16
2025-12-19,9:35:00.479785826,T,KO,I,25,70.14
2025-12-19,9:35:00.479794752,T,KO,F I,25,70.14
2025-12-19,9:35:00.479864281,T,KO,I,29,70.14
2025-12-19,9:35:00.479866966,T,KO,,100,70.14
2025-12-19,9:35:00.640278070,T,KO,,190,70.14
2025-12-19,9:35:00.640281069,T,KO,,100,70.14
2025-12-19,9:35:00.643664135,T,KO,I,10,70.14
2025-12-19,9:35:00.764254471,T,KO,I,11,70.14
2025-12-19,9:35:02.584922503,T,KO,I,2,70.14
2025-12-19,9:35:04.163544198,T,KO,,100,70.13
2025-12-19,9:35:04.163560123,T,KO,I,1,70.13
2025-12-19,9:35:04.163658557,T,KO,F,100,70.13
2025-12-19,9:35:04.163703602,T,KO,I,32,70.13
2025-12-19,9:35:04.163787855,T,KO,,100,70.12
2025-12-19,9:35:04.164293015,T,KO,F I,22,70.13
2025-12-19,9:35:04.164298990,T,KO,F I,8,70.13
2025-12-19,9:35:04.181226374,T,KO,I,30,70.14
2025-12-19,9:35:04.181229400,T,KO,,100,70.14
2025-12-19,9:35:04.181247896,T,KO,F,100,70.14
2025-12-19,9:35:04.181250598,T,KO,I,1,70.14
2025-12-19,9:35:04.181250598,T,KO,I,1,70.14
2025-12-19,9:35:04.181256389,T,KO,,100,70.14
2025-12-19,9:35:04.181289512,T,KO,,100,70.14
2025-12-19,9:35:04.181289512,T,KO,,100,70.14
2025-12-19,9:35:04.181313484,T,KO,,100,70.14
2025-12-19,9:35:04.181328982,T,KO,,478,70.14
2025-12-19,9:35:04.181331633,T,KO,,873,70.14
2025-12-19,9:35:04.181602316,T,KO,,100,70.14
2025-12-19,9:35:04.181629483,T,KO,F I,25,70.14
2025-12-19,9:35:04.181629483,T,KO,F,100,70.14
2025-12-19,9:35:04.181854782,T,KO,,100,70.14
2025-12-19,9:35:04.181854782,T,KO,,100,70.14
2025-12-19,9:35:04.181875892,T,KO,F,100,70.14
2025-12-19,9:35:04.182074689,T,KO,,100,70.14
2025-12-19,9:35:04.182077417,T,KO,,100,70.14
2025-12-19,9:35:04.182077417,T,KO,I,25,70.14
2025-12-19,9:35:04.182258540,T,KO,F I,25,70.14
2025-12-19,9:35:04.183656142,T,KO,F,100,70.14
2025-12-19,9:35:04.610402498,T,KO,I,2,70.14
2025-12-19,9:35:05.184454770,T,KO,I,2,70.15
2025-12-19,9:35:05.492207738,T,KO,I,25,70.15
2025-12-19,9:35:05.492210716,T,KO,,200,70.15
2025-12-19,9:35:05.492210716,T,KO,,300,70.15
2025-12-19,9:35:07.529836715,T,KO,I,1,70.15
2025-12-19,9:35:08.201543831,T,KO,F I,25,70.15
2025-12-19,9:35:08.201546516,T,KO,F I,42,70.15
2025-12-19,9:35:11.576129616,T,KO,I,1,70.16
2025-12-19,9:35:15.619400397,T,KO,I,1,70.15
2025-12-19,9:35:15.721310106,T,KO,F,100,70.15
2025-12-19,9:35:15.721310106,T,KO,F I,60,70.15
2025-12-19,9:35:15.721349252,T,KO,I,40,70.15
2025-12-19,9:35:15.734878536,T,KO,F,100,70.14
2025-12-19,9:35:15.734878536,T,KO,F,100,70.14
2025-12-19,9:35:16.044279419,T,KO,I,18,70.14
2025-12-19,9:35:16.044352023,T,KO,I,25,70.13
2025-12-19,9:35:16.044354534,T,KO,I,18,70.13
2025-12-19,9:35:16.044357507,T,KO,,100,70.13
2025-12-19,9:35:16.044586120,T,KO,I,25,70.13
2025-12-19,9:35:16.045437115,T,KO,I,25,70.13
2025-12-19,9:35:16.045590630,T,KO,I,25,70.13
2025-12-19,9:35:16.049283438,T,KO,I,7,70.13
2025-12-19,9:35:16.049283438,T,KO,I,11,70.13
2025-12-19,9:35:16.049287136,T,KO,I,5,70.13
2025-12-19,9:35:16.049287136,T,KO,I,7,70.13
2025-12-19,9:35:16.049289306,T,KO,I,8,70.13
2025-12-19,9:35:16.079078794,T,KO,,100,70.13
2025-12-19,9:35:16.079078794,T,KO,I,25,70.13
2025-12-19,9:35:16.079081422,T,KO,,100,70.13
2025-12-19,9:35:16.079100443,T,KO,I,1,70.13
2025-12-19,9:35:17.717930448,T,KO,F I,37,70.12
2025-12-19,9:35:23.708031962,T,KO,I,22,70.11
2025-12-19,9:35:26.624489262,T,KO,F I,5,70.1
2025-12-19,9:35:26.624492033,T,KO,F I,31,70.1
2025-12-19,9:35:26.625103203,T,KO,I,4,70.09
2025-12-19,9:35:26.625105511,T,KO,I,16,70.09
2025-12-19,9:35:26.644770098,T,KO,F I,25,70.085
2025-12-19,9:35:26.645373994,T,KO,F,100,70.09
2025-12-19,9:35:26.645373994,T,KO,F,100,70.09
2025-12-19,9:35:27.758913919,T,KO,I,1,70.1
2025-12-19,9:35:29.749301021,T,KO,F I,21,70.1
2025-12-19,9:35:29.749730393,T,KO,F,100,70.1
2025-12-19,9:35:29.749733662,T,KO,F,100,70.1
2025-12-19,9:35:29.749751413,T,KO,I,1,70.1
2025-12-19,9:35:29.750521449,T,KO,I,11,70.1
2025-12-19,9:35:29.750525067,T,KO,I,5,70.1
2025-12-19,9:35:29.750525067,T,KO,I,14,70.1
2025-12-19,9:35:29.750527340,T,KO,I,25,70.1
2025-12-19,9:35:29.750531082,T,KO,I,8,70.1
2025-12-19,9:35:29.750531082,T,KO,I,7,70.1
2025-12-19,9:35:29.750533293,T,KO,I,70,70.1
2025-12-19,9:35:29.919598938,T,KO,I,8,70.09
2025-12-19,9:35:31.462158912,T,KO,I,1,70.1
2025-12-19,9:35:31.462767105,T,KO,I,3,70.1
2025-12-19,9:35:31.462770190,T,KO,I,7,70.1
2025-12-19,9:35:31.462772901,T,KO,I,15,70.1
2025-12-19,9:35:31.462772901,T,KO,I,5,70.1
2025-12-19,9:35:31.462775343,T,KO,I,14,70.1
2025-12-19,9:35:31.462778394,T,KO,I,4,70.1
2025-12-19,9:35:36.994777772,T,KO,I,1,70.105
2025-12-19,9:35:40.325366342,T,KO,F,100,70.09
2025-12-19,9:35:40.325366342,T,KO,F I,10,70.09
2025-12-19,9:35:40.325366342,T,KO,F I,65,70.09
2025-12-19,9:35:40.325378270,T,KO,I,1,70.09
2025-12-19,9:35:41.815781793,T,KO,F,100,70.09
2025-12-19,9:35:42.976982451,T,KO,F,100,70.09
2025-12-19,9:35:42.976997421,T,KO,I,1,70.09
2025-12-19,9:35:42.977731616,T,KO,F,100,70.09
2025-12-19,9:35:42.977962780,T,KO,F,100,70.09
2025-12-19,9:35:43.186798152,T,KO,,100,70.09
2025-12-19,9:35:43.186816263,T,KO,I,12,70.09
2025-12-19,9:35:43.186864280,T,KO,,100,70.09
2025-12-19,9:35:43.186864280,T,KO,I,70,70.09
2025-12-19,9:35:43.959542569,T,KO,F,100,70.08
2025-12-19,9:35:43.959542569,T,KO,F I,11,70.08
2025-12-19,9:35:43.959560812,T,KO,F I,89,70.08
2025-12-19,9:35:43.959563830,T,KO,F I,29,70.08
2025-12-19,9:35:43.959563830,T,KO,F,200,70.08
2025-12-19,9:35:44.638749284,T,KO,F I,25,70.07
2025-12-19,9:35:44.897858953,T,KO,F,100,70.08
2025-12-19,9:35:48.477560046,T,KO,I,3,70.07
2025-12-19,9:35:48.785950590,T,KO,F I,25,70.08
2025-12-19,9:35:48.785950590,T,KO,F I,2,70.08
2025-12-19,9:35:48.785953510,T,KO,F,100,70.08
2025-12-19,9:35:48.786464706,T,KO,,100,70.08
2025-12-19,9:35:57.442926758,T,KO,I,1,70.06
2025-12-19,9:35:57.442930685,T,KO,,100,70.06
2025-12-19,9:35:57.442930685,T,KO,I,14,70.06
2025-12-19,9:35:57.442932965,T,KO,,115,70.06
2025-12-19,9:35:57.442941793,T,KO,I,1,70.06
2025-12-19,9:35:57.609400190,T,KO,F,100,70.06
2025-12-19,9:35:57.609403178,T,KO,F I,25,70.06
2025-12-19,9:35:57.623708218,T,KO,F I,67,70.06
2025-12-19,9:35:57.761791131,T,KO,F I,17,70.06
2025-12-19,9:35:57.847841015,T,KO,F I,48,70.07
2025-12-19,9:35:57.847862151,T,KO,F I,52,70.07
2025-12-19,9:35:57.862588147,T,KO,F I,8,70.07
2025-12-19,9:36:00.117385439,T,KO,I,1,70.075
2025-12-19,9:36:00.463660110,T,KO,I,3,70.07
2025-12-19,9:36:05.018500707,T,KO,F I,12,70.07
2025-12-19,9:36:05.018503635,T,KO,F I,2,70.07
2025-12-19,9:36:05.018506336,T,KO,F I,14,70.07
2025-12-19,9:36:09.476311526,T,KO,F I,10,70.07
2025-12-19,9:36:09.476311526,T,KO,F I,10,70.07
2025-12-19,9:36:09.476350948,T,KO,I,76,70.07
2025-12-19,9:36:09.476353535,T,KO,,132,70.07
2025-12-19,9:36:16.223974215,T,KO,I,1,70.08
2025-12-19,9:36:20.342547372,T,KO,I,1,70.09
2025-12-19,9:36:20.632389616,T,KO,I,1,70.09
2025-12-19,9:36:20.632915832,T,KO,I,2,70.09
2025-12-19,9:36:24.296030232,T,KO,F I,10,70.08
2025-12-19,9:36:24.296030232,T,KO,F I,8,70.08
2025-12-19,9:36:24.296033289,T,KO,F I,1,70.08
2025-12-19,9:36:24.296045350,T,KO,F I,19,70.08
2025-12-19,9:36:24.296069405,T,KO,F I,19,70.08
2025-12-19,9:36:24.296072387,T,KO,,184,70.08
2025-12-19,9:36:24.418172172,T,KO,I,26,70.08
2025-12-19,9:36:24.418172172,T,KO,,100,70.08
2025-12-19,9:36:24.418190185,T,KO,I,1,70.08
2025-12-19,9:36:29.277536372,T,KO,I,26,70.09
2025-12-19,9:36:29.277538768,T,KO,I,1,70.09
2025-12-19,9:36:29.277538768,T,KO,I,71,70.09
2025-12-19,9:36:29.277556683,T,KO,I,1,70.09
2025-12-19,9:36:29.338205143,T,KO,,100,70.09
2025-12-19,9:36:29.338205143,T,KO,,100,70.09
2025-12-19,9:36:29.511586024,T,KO,I,6,70.1
2025-12-19,9:36:31.530155597,T,KO,I,50,70.1
2025-12-19,9:36:31.874268177,T,KO,I,50,70.095
2025-12-19,9:36:33.380917205,T,KO,,100,70.09
2025-12-19,9:36:33.380920147,T,KO,I,13,70.09
2025-12-19,9:36:33.380922636,T,KO,I,5,70.09
2025-12-19,9:36:33.380928575,T,KO,,118,70.09
2025-12-19,9:36:33.380937668,T,KO,I,1,70.09
2025-12-19,9:36:33.380955676,T,KO,F I,48,70.09
2025-12-19,9:36:34.490427061,T,KO,I,21,70.09
2025-12-19,9:36:37.238597335,T,KO,I,3,70.09
2025-12-19,9:36:37.239141660,T,KO,I,1,70.09
2025-12-19,9:36:41.868312960,T,KO,I,1,70.1
2025-12-19,9:36:41.874519659,T,KO,,190,70.1
2025-12-19,9:36:42.007845161,T,KO,F I,25,70.09
2025-12-19,9:36:42.007848305,T,KO,F,100,70.09
2025-12-19,9:36:42.007848305,T,KO,F I,3,70.09
2025-12-19,9:36:42.007911362,T,KO,I,5,70.09
2025-12-19,9:36:42.007929426,T,KO,F I,25,70.09
2025-12-19,9:36:42.007963283,T,KO,I,98,70.09
2025-12-19,9:36:42.007963283,T,KO,I,25,70.09
2025-12-19,9:36:42.008203385,T,KO,F,100,70.09
2025-12-19,9:36:42.008203385,T,KO,F I,24,70.09
2025-12-19,9:36:42.114710848,T,KO,I,24,70.09
2025-12-19,9:36:50.673286519,T,KO,,100,70.12
2025-12-19,9:36:50.682704932,T,KO,,100,70.12
2025-12-19,9:36:50.740042503,T,KO,,100,70.12
2025-12-19,9:36:51.341526108,T,KO,I,1,70.12
2025-12-19,9:36:56.796794774,T,KO,F I,2,70.14
2025-12-19,9:36:56.796797783,T,KO,F I,1,70.14
2025-12-19,9:36:56.799017059,T,KO,,140,70.14
2025-12-19,9:36:56.799272680,T,KO,,100,70.14
2025-12-19,9:36:56.805139635,T,KO,F I,32,70.14
2025-12-19,9:36:56.858047690,T,KO,,100,70.14
2025-12-19,9:36:56.858050665,T,KO,I,21,70.14
2025-12-19,9:36:56.858050665,T,KO,,100,70.14
2025-12-19,9:36:56.858640047,T,KO,F I,21,70.14
2025-12-19,9:36:56.858739869,T,KO,,100,70.13
2025-12-19,9:36:56.858742382,T,KO,,100,70.13
2025-12-19,9:36:56.858742382,T,KO,I,21,70.13
2025-12-19,9:36:56.915018373,T,KO,F I,21,70.13
2025-12-19,9:36:56.915018373,T,KO,F,100,70.13
2025-12-19,9:36:56.915021457,T,KO,F I,27,70.13
2025-12-19,9:36:56.915021457,T,KO,F,100,70.13
2025-12-19,9:37:01.973263452,T,KO,F,100,70.14
2025-12-19,9:37:01.973266498,T,KO,F I,27,70.14
2025-12-19,9:37:01.973266498,T,KO,F I,31,70.14
2025-12-19,9:37:01.979488351,T,KO,I,27,70.15
2025-12-19,9:37:01.979491289,T,KO,,100,70.15
2025-12-19,9:37:01.980601013,T,KO,I,21,70.15
2025-12-19,9:37:03.948358573,T,KO,F I,19,70.15
2025-12-19,9:37:03.948358573,T,KO,F I,7,70.15
2025-12-19,9:37:03.948400627,T,KO,F I,7,70.15
2025-12-19,9:37:03.948403646,T,KO,F I,7,70.15
2025-12-19,9:37:06.908651003,T,KO,F I,2,70.16
2025-12-19,9:37:07.350935359,T,KO,,200,70.165
2025-12-19,9:37:09.903567949,T,KO,F I,2,70.16
2025-12-19,9:37:09.943987233,T,KO,F I,12,70.16
2025-12-19,9:37:10.016137988,T,KO,I,17,70.15
2025-12-19,9:37:10.122450237,T,KO,F I,20,70.145
2025-12-19,9:37:10.122534413,T,KO,F I,20,70.145
2025-12-19,9:37:10.122588591,T,KO,F I,20,70.15
2025-12-19,9:37:11.056814562,T,KO,F I,20,70.15
2025-12-19,9:37:11.056814562,T,KO,F I,2,70.15
2025-12-19,9:37:18.155491372,T,KO,F I,20,70.16
2025-12-19,9:37:18.155494375,T,KO,F I,1,70.16
2025-12-19,9:37:18.155557495,T,KO,F I,21,70.16
2025-12-19,9:37:18.155795104,T,KO,F I,21,70.16
2025-12-19,9:37:18.156241734,T,KO,F,100,70.16
2025-12-19,9:37:18.156246172,T,KO,F,100,70.16
2025-12-19,9:37:18.156246172,T,KO,F I,21,70.16
2025-12-19,9:37:18.156249216,T,KO,F I,21,70.16
2025-12-19,9:37:18.156249216,T,KO,F I,25,70.16
2025-12-19,9:37:18.322085787,T,KO,I,21,70.16
2025-12-19,9:37:18.322088800,T,KO,I,21,70.16
2025-12-19,9:37:18.322091159,T,KO,I,25,70.16
2025-12-19,9:37:18.789515763,T,KO,F I,20,70.16
2025-12-19,9:37:18.789551479,T,KO,F I,1,70.16
2025-12-19,9:37:21.022047574,T,KO,I,1,70.17
2025-12-19,9:37:21.151301478,T,KO,I,1,70.17
2025-12-19,9:37:23.159947392,T,KO,,100,70.16
2025-12-19,9:37:23.159950624,T,KO,,100,70.16
2025-12-19,9:37:23.159953389,T,KO,I,25,70.16
2025-12-19,9:37:23.159971453,T,KO,I,1,70.16
2025-12-19,9:37:23.159992507,T,KO,F I,99,70.16
2025-12-19,9:37:25.195179938,T,KO,,100,70.15
2025-12-19,9:37:25.195179938,T,KO,I,12,70.15
2025-12-19,9:37:25.195182639,T,KO,I,88,70.15
2025-12-19,9:37:25.195200774,T,KO,I,12,70.15
2025-12-19,9:37:25.195203994,T,KO,I,1,70.15
2025-12-19,9:37:25.195207358,T,KO,I,63,70.15
2025-12-19,9:37:25.195207358,T,KO,,212,70.15
2025-12-19,9:37:25.841060913,T,KO,I,47,70.15
2025-12-19,9:37:26.359988901,T,KO,F,100,70.15
2025-12-19,9:37:31.631108064,T,KO,F,100,70.15
2025-12-19,9:37:37.053703893,T,KO,F I,14,70.14
2025-12-19,9:37:37.053718948,T,KO,F I,1,70.14
2025-12-19,9:37:37.053721976,T,KO,F I,1,70.14
2025-12-19,9:37:37.053721976,T,KO,F,100,70.14
2025-12-19,9:37:37.054115889,T,KO,F,100,70.14
2025-12-19,9:37:37.056413384,T,KO,F I,57,70.14
2025-12-19,9:37:37.071253855,T,KO,F,100,70.14
2025-12-19,9:37:37.071256871,T,KO,F I,26,70.14
2025-12-19,9:37:37.071256871,T,KO,F,100,70.14
2025-12-19,9:37:37.587959491,T,KO,I,15,70.13
2025-12-19,9:37:37.587959491,T,KO,I,26,70.13
2025-12-19,9:37:40.097583508,T,KO,F,100,70.13
2025-12-19,9:37:41.615502693,T,KO,F I,2,70.14
2025-12-19,9:37:41.616266570,T,KO,F,100,70.14
2025-12-19,9:37:45.955947453,T,KO,I,22,70.14
2025-12-19,9:37:45.955947453,T,KO,I,12,70.14
2025-12-19,9:37:45.955950232,T,KO,,100,70.14
2025-12-19,9:37:45.955962305,T,KO,F I,80,70.14
2025-12-19,9:37:45.956010431,T,KO,I,27,70.14
2025-12-19,9:37:45.956010431,T,KO,I,53,70.14
2025-12-19,9:37:46.008951490,T,KO,I,53,70.13
2025-12-19,9:37:46.008951490,T,KO,I,27,70.13
2025-12-19,9:37:47.588081517,T,KO,I,12,70.13
2025-12-19,9:37:53.385138908,T,KO,I,1,70.135
2025-12-19,9:37:55.890796164,T,KO,F I,7,70.13
2025-12-19,9:37:55.890798905,T,KO,F,100,70.13
2025-12-19,9:37:55.891409345,T,KO,F I,10,70.12
2025-12-19,9:37:55.891409345,T,KO,F I,1,70.12
2025-12-19,9:37:55.891421291,T,KO,F,100,70.12
2025-12-19,9:37:55.892555155,T,KO,F I,28,70.12
2025-12-19,9:37:55.892558086,T,KO,F,100,70.12
2025-12-19,9:37:56.416817656,T,KO,I,28,70.12
2025-12-19,9:37:57.430231330,T,KO,I,1,70.115
2025-12-19,9:38:00.268207423,T,KO,I,3,70.13
2025-12-19,9:38:00.268207423,T,KO,I,10,70.13
2025-12-19,9:38:00.274916382,T,KO,F,100,70.12
2025-12-19,9:38:00.377352378,T,KO,F I,25,70.11
2025-12-19,9:38:00.377891394,T,KO,F I,27,70.11
2025-12-19,9:38:00.378131661,T,KO,F I,27,70.11
2025-12-19,9:38:00.378131661,T,KO,F,100,70.11
2025-12-19,9:38:00.378134292,T,KO,F I,27,70.11
2025-12-19,9:38:00.378209395,T,KO,F I,27,70.11
2025-12-19,9:38:00.378362812,T,KO,F I,73,70.11
2025-12-19,9:38:00.378367058,T,KO,F I,27,70.11
2025-12-19,9:38:00.378367058,T,KO,F,100,70.11
2025-12-19,9:38:00.378368841,T,KO,F I,27,70.11
2025-12-19,9:38:00.529193004,T,KO,F I,27,70.11
2025-12-19,9:38:00.529193004,T,KO,F,100,70.11
2025-12-19,9:38:00.529196055,T,KO,F I,27,70.11
2025-12-19,9:38:00.704697073,T,KO,F I,25,70.1
2025-12-19,9:38:01.475757389,T,KO,I,1,70.085
2025-12-19,9:38:04.908336814,T,KO,I,27,70.09
2025-12-19,9:38:04.908343062,T,KO,I,53,70.09
2025-12-19,9:38:04.908343062,T,KO,I,47,70.09
2025-12-19,9:38:04.908343062,T,KO,I,2,70.09
2025-12-19,9:38:06.095285629,T,KO,F,100,70.1
2025-12-19,9:38:06.095285629,T,KO,F I,6,70.1
2025-12-19,9:38:06.095287664,T,KO,F I,15,70.1
2025-12-19,9:38:06.103834064,T,KO,I,27,70.1
2025-12-19,9:38:13.613770360,T,KO,I,1,70.12
2025-12-19,9:38:13.613806453,T,KO,F I,2,70.12
2025-12-19,9:38:13.618181855,T,KO,I,27,70.13
2025-12-19,9:38:14.458996407,T,KO,F,100,70.13
2025-12-19,9:38:17.588393746,T,KO,F I,10,70.12
2025-12-19,9:38:21.309119263,T,KO,I,1,70.11
2025-12-19,9:38:24.850094730,T,KO,I,1,70.11
2025-12-19,9:38:27.264891067,T,KO,F I,1,70.12
2025-12-19,9:38:29.606129151,T,KO,F,200,70.13
2025-12-19,9:38:29.606658362,T,KO,I,1,70.13
2025-12-19,9:38:29.606724569,T,KO,,118,70.13
2025-12-19,9:38:29.607142557,T,KO,I,1,70.13
2025-12-19,9:38:29.607844283,T,KO,F I,81,70.13
2025-12-19,9:38:29.607846261,T,KO,F,119,70.13
2025-12-19,9:38:29.609178561,T,KO,F I,81,70.13
2025-12-19,9:38:29.609181430,T,KO,F I,41,70.13
2025-12-19,9:38:37.589401823,T,KO,F I,10,70.13
2025-12-19,9:38:37.589404780,T,KO,F,100,70.13
2025-12-19,9:38:37.589919048,T,KO,F I,6,70.12
2025-12-19,9:38:37.590367047,T,KO,I,25,70.12
2025-12-19,9:38:37.590367047,T,KO,I,75,70.12
2025-12-19,9:38:37.611540540,T,KO,I,25,70.13
2025-12-19,9:38:37.611540540,T,KO,I,25,70.13
2025-12-19,9:38:38.504740015,T,KO,I,31,70.14
2025-12-19,9:38:38.504742819,T,KO,I,10,70.14
2025-12-19,9:38:38.589529712,T,KO,F,100,70.13
2025-12-19,9:38:38.589529712,T,KO,F I,6,70.13
2025-12-19,9:38:38.589532701,T,KO,F I,14,70.13
2025-12-19,9:38:38.589535740,T,KO,F I,19,70.13
2025-12-19,9:38:51.983044632,T,KO,F I,10,70.12
2025-12-19,9:38:51.983068724,T,KO,I,10,70.12
2025-12-19,9:38:51.983354397,T,KO,I,25,70.13
2025-12-19,9:38:51.983423584,T,KO,F I,10,70.12
2025-12-19,9:38:51.988746205,T,KO,I,5,70.11
2025-12-19,9:38:51.988860522,T,KO,,100,70.115
2025-12-19,9:39:00.628749982,T,KO,I,25,70.11
2025-12-19,9:39:04.173737908,T,KO,F,100,70.08
2025-12-19,9:39:04.173751990,T,KO,F I,25,70.08
2025-12-19,9:39:04.173755067,T,KO,I,1,70.08
2025-12-19,9:39:04.173773098,T,KO,F I,25,70.08
2025-12-19,9:39:04.173797123,T,KO,I,13,70.08
2025-12-19,9:39:04.173818822,T,KO,F I,21,70.08
2025-12-19,9:39:04.173821203,T,KO,F,100,70.075
2025-12-19,9:39:04.173824233,T,KO,F I,4,70.07
2025-12-19,9:39:04.173908443,T,KO,F,100,70.075
2025-12-19,9:39:04.173914393,T,KO,F I,20,70.08
2025-12-19,9:39:04.173929418,T,KO,F I,1,70.08
2025-12-19,9:39:04.174441150,T,KO,I,1,70.08
2025-12-19,9:39:04.174441150,T,KO,I,21,70.08
2025-12-19,9:39:04.174443920,T,KO,I,78,70.08
2025-12-19,9:39:04.174461723,T,KO,I,22,70.08
2025-12-19,9:39:04.174461723,T,KO,I,1,70.08
2025-12-19,9:39:04.174494760,T,KO,F,100,70.075
2025-12-19,9:39:04.174498794,T,KO,F I,96,70.07
2025-12-19,9:39:04.174500851,T,KO,F I,4,70.07
2025-12-19,9:39:04.174513052,T,KO,F I,96,70.07
2025-12-19,9:39:04.174513052,T,KO,F I,25,70.07
2025-12-19,9:39:04.174515900,T,KO,F I,55,70.07
2025-12-19,9:39:04.174651125,T,KO,F I,44,70.07
2025-12-19,9:39:04.175415017,T,KO,,700,70.06
2025-12-19,9:39:04.176960674,T,KO,F I,1,70.05
2025-12-19,9:39:04.176984781,T,KO,F I,99,70.05
2025-12-19,9:39:04.176987782,T,KO,F I,22,70.05
2025-12-19,9:39:04.177017806,T,KO,F I,78,70.05
2025-12-19,9:39:04.177017806,T,KO,F I,50,70.05
2025-12-19,9:39:04.177459935,T,KO,F I,14,70.05
2025-12-19,9:39:04.177477882,T,KO,F I,24,70.05
2025-12-19,9:39:04.177492916,T,KO,F I,8,70.05
2025-12-19,9:39:04.177508116,T,KO,F I,4,70.05
2025-12-19,9:39:04.178055478,T,KO,I,21,70.05
2025-12-19,9:39:04.178055478,T,KO,,100,70.05
2025-12-19,9:39:04.178653846,T,KO,F I,21,70.06
2025-12-19,9:39:04.178653846,T,KO,F,100,70.06
2025-12-19,9:39:04.178660062,T,KO,F I,25,70.06
2025-12-19,9:39:04.178660062,T,KO,F,100,70.06
2025-12-19,9:39:04.178662695,T,KO,F I,38,70.06
2025-12-19,9:39:04.179499949,T,KO,F I,5,70.065
2025-12-19,9:39:04.179499949,T,KO,F I,21,70.07
2025-12-19,9:39:04.196170446,T,KO,F,100,70.08
2025-12-19,9:39:04.273153861,T,KO,F I,50,70.09
2025-12-19,9:39:04.273159814,T,KO,F,100,70.09
2025-12-19,9:39:04.273159814,T,KO,F,100,70.09
2025-12-19,9:39:04.273162766,T,KO,F,100,70.09
2025-12-19,9:39:04.273971752,T,KO,I,2,70.1
2025-12-19,9:39:04.274437846,T,KO,I,4,70.1
2025-12-19,9:39:04.274479998,T,KO,F I,21,70.1
2025-12-19,9:39:04.274479998,T,KO,F I,2,70.1
2025-12-19,9:39:04.274485958,T,KO,F I,26,70.1
2025-12-19,9:39:04.274485958,T,KO,F I,4,70.1
2025-12-19,9:39:07.179377449,T,KO,F,100,70.1
2025-12-19,9:39:07.468086058,T,KO,I,27,70.11
2025-12-19,9:39:11.046642068,T,KO,F,100,70.12
2025-12-19,9:39:11.046642068,T,KO,F I,27,70.12
2025-12-19,9:39:11.046744337,T,KO,I,2,70.12
2025-12-19,9:39:14.293998211,T,KO,I,1,70.12
2025-12-19,9:39:16.873247029,T,KO,I,10,70.11
2025-12-19,9:39:16.873247029,T,KO,I,20,70.11
2025-12-19,9:39:16.873250485,T,KO,I,27,70.11
2025-12-19,9:39:16.873250485,T,KO,I,25,70.11
2025-12-19,9:39:16.873253606,T,KO,,100,70.11
2025-12-19,9:39:16.873256117,T,KO,I,1,70.11
2025-12-19,9:39:16.873256117,T,KO,I,17,70.11
2025-12-19,9:39:17.607680189,T,KO,I,1,70.11
2025-12-19,9:39:17.607683482,T,KO,I,26,70.11
2025-12-19,9:39:17.607686212,T,KO,I,46,70.11
2025-12-19,9:39:19.048667220,T,KO,I,57,70.11
2025-12-19,9:39:19.048670182,T,KO,I,10,70.11
2025-12-19,9:39:19.049133357,T,KO,F I,12,70.11
2025-12-19,9:39:20.982850574,T,KO,F I,50,70.1
2025-12-19,9:39:20.982852976,T,KO,F I,1,70.1
2025-12-19,9:39:20.982855837,T,KO,F,100,70.1
2025-12-19,9:39:20.982858804,T,KO,F I,9,70.1
2025-12-19,9:39:30.471267148,T,KO,I,1,70.095
2025-12-19,9:39:35.332747911,T,KO,I,7,70.1
2025-12-19,9:39:35.332751329,T,KO,I,3,70.1
2025-12-19,9:39:35.332753819,T,KO,,165,70.1
2025-12-19,9:39:35.332753819,T,KO,I,1,70.1
2025-12-19,9:39:35.332816861,T,KO,F I,2,70.1
2025-12-19,9:39:35.336257082,T,KO,I,31,70.105
2025-12-19,9:39:35.926914869,T,KO,F,100,70.105
2025-12-19,9:39:37.589854492,T,KO,I,1,70.115
2025-12-19,9:39:40.202648430,T,KO,I,10,70.115
2025-12-19,9:39:42.606074603,T,KO,I,1,70.115
2025-12-19,9:39:47.305316028,T,KO,F,100,70.12
2025-12-19,9:39:47.305316028,T,KO,F,100,70.12
2025-12-19,9:39:47.305318718,T,KO,F I,25,70.12
2025-12-19,9:39:47.305318718,T,KO,F,282,70.12
2025-12-19,9:39:47.305336676,T,KO,I,1,70.12
2025-12-19,9:39:47.305836152,T,KO,,100,70.12
2025-12-19,9:39:47.306026013,T,KO,F,100,70.12
2025-12-19,9:39:47.306028370,T,KO,F I,30,70.12
2025-12-19,9:39:47.306031334,T,KO,F I,8,70.12
2025-12-19,9:39:47.306121616,T,KO,F I,30,70.12
2025-12-19,9:39:47.306121616,T,KO,F I,67,70.12
2025-12-19,9:39:54.455220132,T,KO,F I,10,70.12
2025-12-19,9:39:54.455223356,T,KO,F I,10,70.12
2025-12-19,9:39:55.973926497,T,KO,I,11,70.11
2025-12-19,9:39:55.973926497,T,KO,I,1,70.11
2025-12-19,9:39:55.975183388,T,KO,F I,1,70.1
2025-12-19,9:39:58.787075486,T,KO,I,1,70.12
2025-12-19,9:40:04.062933766,T,KO,F I,10,70.11
2025-12-19,9:40:04.063408902,T,KO,F I,10,70.11
2025-12-19,9:40:04.790453493,T,KO,,100,70.1
2025-12-19,9:40:10.005507125,T,KO,I,8,70.12
2025-12-19,9:40:10.005507125,T,KO,I,25,70.12
2025-12-19,9:40:10.005510051,T,KO,I,2,70.12
2025-12-19,9:40:10.032598552,T,KO,I,6,70.13
2025-12-19,9:40:10.556034203,T,KO,,100,70.135
2025-12-19,9:40:10.641025669,T,KO,F I,1,70.14
2025-12-19,9:40:10.641407570,T,KO,I,26,70.14
2025-12-19,9:40:12.010953352,T,KO,I,26,70.14
2025-12-19,9:40:12.011774333,T,KO,F I,50,70.14
2025-12-19,9:40:12.685318855,T,KO,I,28,70.15
2025-12-19,9:40:12.685336794,T,KO,F I,2,70.15
2025-12-19,9:40:13.706298488,T,KO,F I,25,70.16
2025-12-19,9:40:13.706301180,T,KO,F I,75,70.16
2025-12-19,9:40:13.706316211,T,KO,I,1,70.16
2025-12-19,9:40:16.319699575,T,KO,F I,1,70.16
2025-12-19,9:40:16.356380855,T,KO,,200,70.165
2025-12-19,9:40:16.796572193,T,KO,I,9,70.17
2025-12-19,9:40:18.448448414,T,KO,F I,10,70.17
2025-12-19,9:40:18.448448414,T,KO,F I,10,70.17
2025-12-19,9:40:18.766317499,T,KO,I,1,70.165
2025-12-19,9:40:19.665567322,T,KO,F I,50,70.16
2025-12-19,9:40:19.702808007,T,KO,F I,1,70.15
2025-12-19,9:40:23.055234394,T,KO,,100,70.145
2025-12-19,9:40:23.055270677,T,KO,I,50,70.14
2025-12-19,9:40:23.055273457,T,KO,I,24,70.14
2025-12-19,9:40:24.874576274,T,KO,I,10,70.16
2025-12-19,9:40:24.874579315,T,KO,I,1,70.16
2025-12-19,9:40:30.120648816,T,KO,F,100,70.17
2025-12-19,9:40:30.120663837,T,KO,F I,39,70.17
2025-12-19,9:40:32.028151729,T,KO,I,10,70.17
2025-12-19,9:40:32.030693404,T,KO,I,10,70.16
2025-12-19,9:40:32.030695833,T,KO,,250,70.16
2025-12-19,9:40:32.033044446,T,KO,,200,70.155
2025-12-19,9:40:32.033426256,T,KO,,125,70.155
2025-12-19,9:40:32.033651881,T,KO,,100,70.155
2025-12-19,9:40:32.793420372,T,KO,I,42,70.16
2025-12-19,9:40:33.988520827,T,KO,I,1,70.17
2025-12-19,9:40:37.962795145,T,KO,F,100,70.17
2025-12-19,9:40:42.425207085,T,KO,I,5,70.17
2025-12-19,9:40:53.582683823,T,KO,I,8,70.18
2025-12-19,9:40:53.582686632,T,KO,I,4,70.18
2025-12-19,9:40:53.582689985,T,KO,I,1,70.18
2025-12-19,9:40:53.584132935,T,KO,F I,1,70.18
2025-12-19,9:40:53.584265318,T,KO,I,94,70.18
2025-12-19,9:40:53.584286369,T,KO,I,1,70.18
2025-12-19,9:40:53.584918382,T,KO,I,25,70.18
2025-12-19,9:40:53.584918382,T,KO,I,10,70.18
2025-12-19,9:40:53.584921365,T,KO,I,10,70.18
2025-12-19,9:40:53.584923881,T,KO,I,20,70.18
2025-12-19,9:40:53.585967395,T,KO,F I,57,70.18
2025-12-19,9:40:56.600208542,T,KO,I,43,70.18
2025-12-19,9:40:56.600211500,T,KO,,100,70.18
2025-12-19,9:40:56.600211500,T,KO,,139,70.18
2025-12-19,9:41:00.274680741,T,KO,F,139,70.2
2025-12-19,9:41:00.283681129,T,KO,I,40,70.21
2025-12-19,9:41:00.621707837,T,KO,F I,20,70.21
2025-12-19,9:41:00.621710147,T,KO,F I,10,70.21
2025-12-19,9:41:00.994718597,T,KO,F I,14,70.21
2025-12-19,9:41:03.710793446,T,KO,F I,25,70.2
2025-12-19,9:41:03.710793446,T,KO,F I,10,70.2
2025-12-19,9:41:03.710796596,T,KO,F,100,70.2
2025-12-19,9:41:03.711533182,T,KO,F,122,70.2
2025-12-19,9:41:03.711551143,T,KO,I,1,70.2
2025-12-19,9:41:03.712898346,T,KO,F I,12,70.2
2025-12-19,9:41:03.712898346,T,KO,F,100,70.2
2025-12-19,9:41:03.712901392,T,KO,F I,23,70.2
2025-12-19,9:41:03.712901392,T,KO,F I,25,70.2
2025-12-19,9:41:04.387666499,T,KO,F I,7,70.21
2025-12-19,9:41:04.388712961,T,KO,,100,70.21
2025-12-19,9:41:04.388716189,T,KO,I,23,70.21
2025-12-19,9:41:04.388719816,T,KO,I,23,70.21
2025-12-19,9:41:04.391249297,T,KO,I,5,70.21
2025-12-19,9:41:04.391249297,T,KO,,100,70.21
2025-12-19,9:41:04.391249297,T,KO,,100,70.21
2025-12-19,9:41:04.391253964,T,KO,I,23,70.21
2025-12-19,9:41:04.391256975,T,KO,I,23,70.21
2025-12-19,9:41:04.391256975,T,KO,I,25,70.21
2025-12-19,9:41:09.489792793,T,KO,I,23,70.22
2025-12-19,9:41:09.489792793,T,KO,I,25,70.22
2025-12-19,9:41:09.489797977,T,KO,I,14,70.22
2025-12-19,9:41:09.489797977,T,KO,I,1,70.22
2025-12-19,9:41:11.080725571,T,KO,I,25,70.22
2025-12-19,9:41:11.080728071,T,KO,I,25,70.22
2025-12-19,9:41:11.080731241,T,KO,,100,70.22
2025-12-19,9:41:11.080734123,T,KO,,100,70.22
2025-12-19,9:41:11.080785168,T,KO,F,100,70.23
2025-12-19,9:41:11.080788638,T,KO,F,100,70.23
2025-12-19,9:41:11.080791326,T,KO,F I,23,70.23
2025-12-19,9:41:11.080791326,T,KO,F,100,70.23
2025-12-19,9:41:11.080800202,T,KO,F I,78,70.23
2025-12-19,9:41:11.080807030,T,KO,F I,31,70.23
2025-12-19,9:41:11.080809461,T,KO,I,1,70.23
2025-12-19,9:41:11.080818358,T,KO,F I,99,70.23
2025-12-19,9:41:11.080821333,T,KO,F I,1,70.23
2025-12-19,9:41:11.479547333,T,KO,F,100,70.24
2025-12-19,9:41:11.479547333,T,KO,F I,19,70.24
2025-12-19,9:41:11.480361948,T,KO,F I,15,70.25
2025-12-19,9:41:11.480388993,T,KO,F I,16,70.25
2025-12-19,9:41:11.480411132,T,KO,I,25,70.24
2025-12-19,9:41:11.480411132,T,KO,I,78,70.24
2025-12-19,9:41:11.480416268,T,KO,,521,70.24
2025-12-19,9:41:11.480419097,T,KO,,100,70.24
2025-12-19,9:41:11.480419097,T,KO,I,14,70.24
2025-12-19,9:41:11.480422539,T,KO,I,1,70.24
2025-12-19,9:41:11.480431521,T,KO,I,1,70.24
2025-12-19,9:41:11.480710723,T,KO,F I,30,70.24
2025-12-19,9:41:11.480710723,T,KO,F I,1,70.24
2025-12-19,9:41:11.487314549,T,KO,I,25,70.24
2025-12-19,9:41:11.682737936,T,KO,F I,47,70.24
2025-12-19,9:41:11.682737936,T,KO,F I,3,70.24
2025-12-19,9:41:12.436419921,T,KO,F I,1,70.24
2025-12-19,9:41:14.290549260,T,KO,F I,10,70.25
2025-12-19,9:41:14.290551883,T,KO,F I,30,70.25
2025-12-19,9:41:14.290554991,T,KO,F I,20,70.25
2025-12-19,9:41:14.290557870,T,KO,F I,1,70.25
2025-12-19,9:41:14.290557870,T,KO,F I,1,70.25
2025-12-19,9:41:14.290560912,T,KO,F I,11,70.25
2025-12-19,9:41:14.530980506,T,KO,I,10,70.245
2025-12-19,9:41:18.476368085,T,KO,,100,70.25
2025-12-19,9:41:20.499553697,T,KO,,100,70.255
2025-12-19,9:41:27.250611915,T,KO,F I,1,70.24
2025-12-19,9:41:27.250611915,T,KO,F I,5,70.24
2025-12-19,9:41:27.250617928,T,KO,F I,52,70.24
2025-12-19,9:41:27.580052315,T,KO,I,75,70.23
2025-12-19,9:41:29.849467333,T,KO,I,1,70.23
2025-12-19,9:41:32.080865889,T,KO,I,9,70.22
2025-12-19,9:41:36.000166417,T,KO,I,1,70.23
2025-12-19,9:41:53.085026688,T,KO,F,100,70.25
2025-12-19,9:41:55.214677896,T,KO,I,1,70.245
2025-12-19,9:41:55.467408737,T,KO,I,25,70.25
2025-12-19,9:41:55.991478969,T,KO,I,50,70.25
2025-12-19,9:41:58.316376593,T,KO,F I,10,70.25
2025-12-19,9:41:58.316376593,T,KO,F I,8,70.25
2025-12-19,9:42:00.608549148,T,KO,F I,10,70.26
2025-12-19,9:42:01.732788846,T,KO,F,100,70.26
2025-12-19,9:42:02.800707242,T,KO,I,10,70.265
2025-12-19,9:42:04.807218829,T,KO,F,135,70.27
2025-12-19,9:42:04.807816370,T,KO,,100,70.27
2025-12-19,9:42:04.807816370,T,KO,I,20,70.27
2025-12-19,9:42:04.807820221,T,KO,I,13,70.27
2025-12-19,9:42:04.807822444,T,KO,,100,70.27
2025-12-19,9:42:04.808087206,T,KO,F,100,70.27
2025-12-19,9:42:04.808091345,T,KO,F,100,70.27
2025-12-19,9:42:04.808091345,T,KO,F I,21,70.27
2025-12-19,9:42:04.808096031,T,KO,F I,20,70.27
2025-12-19,9:42:04.808390776,T,KO,I,42,70.27
2025-12-19,9:42:04.808583244,T,KO,F I,25,70.27
2025-12-19,9:42:04.809353092,T,KO,I,21,70.27
2025-12-19,9:42:04.809353092,T,KO,I,13,70.27
2025-12-19,9:42:04.809356083,T,KO,I,21,70.27
2025-12-19,9:42:04.809356083,T,KO,I,22,70.27
2025-12-19,9:42:04.809374732,T,KO,I,25,70.27
2025-12-19,9:42:04.809374732,T,KO,I,29,70.27
2025-12-19,9:42:04.809401181,T,KO,F,100,70.27
2025-12-19,9:42:04.819851176,T,KO,F I,21,70.27
2025-12-19,9:42:04.820834599,T,KO,F,100,70.28
2025-12-19,9:42:04.820834599,T,KO,F I,25,70.28
2025-12-19,9:42:04.821833439,T,KO,F I,1,70.29
2025-12-19,9:42:04.821835837,T,KO,F,300,70.29
2025-12-19,9:42:04.822211708,T,KO,,100,70.29
2025-12-19,9:42:04.822214685,T,KO,I,21,70.29
2025-12-19,9:42:04.822244777,T,KO,I,7,70.29
2025-12-19,9:42:04.822707885,T,KO,F I,14,70.29
2025-12-19,9:42:04.822711298,T,KO,F,100,70.29
2025-12-19,9:42:04.822714324,T,KO,F,100,70.29
2025-12-19,9:42:04.822714324,T,KO,F I,14,70.29
2025-12-19,9:42:04.822716962,T,KO,F I,25,70.29
2025-12-19,9:42:04.822716962,T,KO,F,100,70.29
2025-12-19,9:42:04.822867242,T,KO,F,100,70.29
2025-12-19,9:42:04.822867242,T,KO,F I,21,70.29
2025-12-19,9:42:04.824022298,T,KO,F I,7,70.29
2025-12-19,9:42:04.824022298,T,KO,F,100,70.29
2025-12-19,9:42:04.824025779,T,KO,F I,19,70.29
2025-12-19,9:42:04.824647449,T,KO,F I,19,70.29
2025-12-19,9:42:04.824650741,T,KO,F I,7,70.29
2025-12-19,9:42:04.824653483,T,KO,F I,25,70.29
2025-12-19,9:42:04.825005895,T,KO,F I,19,70.29
2025-12-19,9:42:04.825011346,T,KO,F I,7,70.29
2025-12-19,9:42:04.825011346,T,KO,F I,25,70.29
2025-12-19,9:42:04.825038449,T,KO,I,7,70.29
2025-12-19,9:42:04.825077495,T,KO,F I,19,70.29
2025-12-19,9:42:04.825140659,T,KO,F I,13,70.29
2025-12-19,9:42:04.825167973,T,KO,I,13,70.29
2025-12-19,9:42:04.825206803,T,KO,I,4,70.29
2025-12-19,9:42:04.825224878,T,KO,F I,13,70.29
2025-12-19,9:42:04.825231412,T,KO,F I,21,70.29
2025-12-19,9:42:04.825231412,T,KO,F,100,70.29
2025-12-19,9:42:04.825234824,T,KO,F I,25,70.29
2025-12-19,9:42:04.825234824,T,KO,F I,3,70.29
2025-12-19,9:42:04.825236850,T,KO,F I,13,70.29
2025-12-19,9:42:04.825513896,T,KO,F I,2,70.29
2025-12-19,9:42:04.825513896,T,KO,F I,2,70.29
2025-12-19,9:42:04.825516755,T,KO,F I,2,70.29
2025-12-19,9:42:04.826499936,T,KO,F I,13,70.29
2025-12-19,9:42:04.826505914,T,KO,F I,21,70.29
2025-12-19,9:42:04.826505914,T,KO,F I,25,70.29
2025-12-19,9:42:04.826508877,T,KO,F,100,70.29
2025-12-19,9:42:04.826508877,T,KO,F,100,70.29
2025-12-19,9:42:04.826563066,T,KO,I,13,70.29
2025-12-19,9:42:04.827179547,T,KO,F I,21,70.29
2025-12-19,9:42:04.827183935,T,KO,F,100,70.29
2025-12-19,9:42:04.827188556,T,KO,F I,25,70.29
2025-12-19,9:42:04.827188556,T,KO,F I,9,70.29
2025-12-19,9:42:04.827188556,T,KO,F I,25,70.3
2025-12-19,9:42:04.827191590,T,KO,F,100,70.3
2025-12-19,9:42:04.827191590,T,KO,F,100,70.3
2025-12-19,9:42:04.827195259,T,KO,F I,25,70.3
2025-12-19,9:42:04.827195259,T,KO,F I,13,70.29
2025-12-19,9:42:04.828454712,T,KO,F I,21,70.29
2025-12-19,9:42:04.828457567,T,KO,F I,26,70.29
2025-12-19,9:42:04.828467108,T,KO,I,47,70.29
2025-12-19,9:42:04.828467108,T,KO,F I,31,70.29
2025-12-19,9:42:04.828719164,T,KO,F I,75,70.29
2025-12-19,9:42:04.828732248,T,KO,F I,25,70.29
2025-12-19,9:42:04.828732248,T,KO,F I,21,70.29
2025-12-19,9:42:04.828734161,T,KO,F I,29,70.29
2025-12-19,9:42:04.828752299,T,KO,F I,36,70.29
2025-12-19,9:42:04.828782284,T,KO,F I,35,70.29
2025-12-19,9:42:04.828785336,T,KO,F,100,70.29
2025-12-19,9:42:04.829071062,T,KO,I,4,70.29
2025-12-19,9:42:04.829074289,T,KO,I,26,70.29
2025-12-19,9:42:04.829076996,T,KO,I,25,70.29
2025-12-19,9:42:04.829162329,T,KO,F I,13,70.29
2025-12-19,9:42:04.829162329,T,KO,F I,21,70.29
2025-12-19,9:42:04.829164394,T,KO,F,100,70.29
2025-12-19,9:42:04.829164394,T,KO,F I,29,70.29
2025-12-19,9:42:04.829170461,T,KO,F I,25,70.29
2025-12-19,9:42:04.829170461,T,KO,F I,25,70.3
2025-12-19,9:42:04.829173296,T,KO,F,100,70.3
2025-12-19,9:42:04.829173296,T,KO,F I,50,70.3
2025-12-19,9:42:04.829176342,T,KO,F,161,70.3
2025-12-19,9:42:04.829519415,T,KO,I,21,70.29
2025-12-19,9:42:04.829519415,T,KO,I,24,70.29
2025-12-19,9:42:04.829522859,T,KO,I,25,70.29
2025-12-19,9:42:04.829888966,T,KO,F I,92,70.29
2025-12-19,9:42:04.830532541,T,KO,F I,8,70.29
2025-12-19,9:42:04.830532541,T,KO,F I,5,70.29
2025-12-19,9:42:05.463491990,T,KO,I,25,70.285
2025-12-19,9:42:05.713624827,T,KO,I,41,70.285
2025-12-19,9:42:05.733751760,T,KO,I,59,70.285
2025-12-19,9:42:07.060842413,T,KO,I,34,70.28
2025-12-19,9:42:07.060845408,T,KO,,128,70.28
2025-12-19,9:42:07.060893678,T,KO,I,21,70.28
2025-12-19,9:42:07.060893678,T,KO,,100,70.28
2025-12-19,9:42:07.060899685,T,KO,I,13,70.28
2025-12-19,9:42:07.460082247,T,KO,I,50,70.29
2025-12-19,9:42:07.675148476,T,KO,I,25,70.29
2025-12-19,9:42:07.680296704,T,KO,I,5,70.28
2025-12-19,9:42:07.680300468,T,KO,I,1,70.28
2025-12-19,9:42:07.680302715,T,KO,I,28,70.28
2025-12-19,9:42:07.687958994,T,KO,I,14,70.275
2025-12-19,9:42:07.965631697,T,KO,F I,50,70.27
2025-12-19,9:42:09.258861485,T,KO,I,1,70.26
2025-12-19,9:42:11.492235524,T,KO,I,25,70.26
2025-12-19,9:42:13.058906963,T,KO,F I,25,70.26
2025-12-19,9:42:14.725127211,T,KO,F I,10,70.25
2025-12-19,9:42:17.312047361,T,KO,F I,2,70.23
2025-12-19,9:42:17.377308764,T,KO,F I,21,70.23
2025-12-19,9:42:17.377311836,T,KO,F I,3,70.23
2025-12-19,9:42:24.762292089,T,KO,I,15,70.23
2025-12-19,9:42:24.762294572,T,KO,I,21,70.23
2025-12-19,9:42:24.762297415,T,KO,,130,70.23
2025-12-19,9:42:25.653178205,T,KO,I,1,70.23
2025-12-19,9:42:26.379687536,T,KO,F I,33,70.23
2025-12-19,9:42:27.519576362,T,KO,F,100,70.24
2025-12-19,9:42:30.416601174,T,KO,F I,10,70.26
2025-12-19,9:42:30.416604182,T,KO,F I,10,70.26
2025-12-19,9:42:30.723430923,T,KO,I,1,70.25
2025-12-19,9:42:33.671995420,T,KO,,100,70.24
2025-12-19,9:42:35.801998407,T,KO,I,1,70.24
2025-12-19,9:42:39.174094570,T,KO,I,50,70.235
2025-12-19,9:42:39.311996982,T,KO,I,25,70.24
2025-12-19,9:42:40.870615216,T,KO,I,1,70.24
2025-12-19,9:42:45.944139606,T,KO,I,1,70.24
2025-12-19,9:42:45.944169692,T,KO,I,73,70.24
2025-12-19,9:42:45.944235919,T,KO,,100,70.24
2025-12-19,9:42:45.952102579,T,KO,F I,5,70.24
2025-12-19,9:42:45.952129978,T,KO,F I,18,70.24
2025-12-19,9:42:45.952129978,T,KO,F I,1,70.24
2025-12-19,9:42:46.119451222,T,KO,F I,23,70.24
2025-12-19,9:42:46.119454458,T,KO,F I,32,70.24
2025-12-19,9:42:46.119454458,T,KO,F I,5,70.24
2025-12-19,9:42:46.119457141,T,KO,F I,6,70.24
2025-12-19,9:42:46.119475877,T,KO,F I,7,70.24
2025-12-19,9:42:46.119475877,T,KO,F I,5,70.24
2025-12-19,9:42:46.119478185,T,KO,F I,43,70.24
2025-12-19,9:42:48.507435530,T,KO,F I,23,70.24
2025-12-19,9:42:50.041022004,T,KO,I,40,70.245
2025-12-19,9:42:51.017327210,T,KO,I,1,70.245
2025-12-19,9:43:07.281018945,T,KO,F I,32,70.26
2025-12-19,9:43:07.281040028,T,KO,I,25,70.26
2025-12-19,9:43:07.281043026,T,KO,I,1,70.26
2025-12-19,9:43:07.281043026,T,KO,I,6,70.26
2025-12-19,9:43:07.281545618,T,KO,F,100,70.26
2025-12-19,9:43:07.281545618,T,KO,F I,15,70.26
2025-12-19,9:43:07.281548959,T,KO,F,100,70.26
2025-12-19,9:43:07.281551249,T,KO,F,100,70.26
2025-12-19,9:43:07.281551249,T,KO,F I,23,70.26
2025-12-19,9:43:10.539372267,T,KO,F I,2,70.27
2025-12-19,9:43:11.518248614,T,KO,I,23,70.27
2025-12-19,9:43:11.518252273,T,KO,I,1,70.27
2025-12-19,9:43:11.518252273,T,KO,I,25,70.27
2025-12-19,9:43:11.518648632,T,KO,I,22,70.27
2025-12-19,9:43:11.518651586,T,KO,I,15,70.27
2025-12-19,9:43:13.944309794,T,KO,F I,60,70.28
2025-12-19,9:43:13.945377231,T,KO,I,22,70.28
2025-12-19,9:43:13.945380499,T,KO,I,22,70.28
2025-12-19,9:43:13.945380499,T,KO,I,30,70.28
2025-12-19,9:43:13.945383269,T,KO,I,15,70.28
2025-12-19,9:43:13.945389316,T,KO,I,16,70.28
2025-12-19,9:43:13.945389316,T,KO,I,48,70.28
2025-12-19,9:43:13.961618931,T,KO,I,22,70.27
2025-12-19,9:43:19.075337182,T,KO,F I,29,70.27
2025-12-19,9:43:21.454685007,T,KO,I,1,70.27
2025-12-19,9:43:23.129316468,T,KO,F I,3,70.26
2025-12-19,9:43:23.129340538,T,KO,I,7,70.26
2025-12-19,9:43:24.264700554,T,KO,F I,29,70.26
2025-12-19,9:43:24.265187637,T,KO,I,25,70.26
2025-12-19,9:43:34.378613534,T,KO,I,12,70.25
2025-12-19,9:43:34.379281150,T,KO,I,21,70.25
2025-12-19,9:43:34.379284162,T,KO,I,11,70.25
2025-12-19,9:43:34.386429164,T,KO,I,47,70.255
2025-12-19,9:43:36.673153279,T,KO,I,1,70.26
2025-12-19,9:43:36.673199332,T,KO,F,100,70.26
2025-12-19,9:43:36.673204426,T,KO,F I,21,70.26
2025-12-19,9:43:36.673207735,T,KO,F I,62,70.26
2025-12-19,9:43:36.673213436,T,KO,F I,21,70.26
2025-12-19,9:43:36.673216686,T,KO,I,1,70.26
2025-12-19,9:43:36.673216686,T,KO,F I,63,70.26
2025-12-19,9:43:36.673276644,T,KO,I,25,70.25
2025-12-19,9:43:36.673279622,T,KO,I,10,70.25
2025-12-19,9:43:45.107406877,T,KO,F I,21,70.25
2025-12-19,9:43:46.818647481,T,KO,I,1,70.27
2025-12-19,9:43:49.912512079,T,KO,I,8,70.27
2025-12-19,9:43:49.912512079,T,KO,I,23,70.27
2025-12-19,9:43:53.343404794,T,KO,F I,10,70.26
2025-12-19,9:43:53.343441166,T,KO,I,10,70.26
2025-12-19,9:43:59.142072830,T,KO,F,100,70.27
2025-12-19,9:43:59.142096886,T,KO,I,1,70.27
2025-12-19,9:43:59.142627176,T,KO,,100,70.27
2025-12-19,9:43:59.142629897,T,KO,I,20,70.27
2025-12-19,9:43:59.142632150,T,KO,I,15,70.27
2025-12-19,9:43:59.144872464,T,KO,I,20,70.27
2025-12-19,9:43:59.261544599,T,KO,F I,20,70.27
2025-12-19,9:43:59.261544599,T,KO,F I,81,70.27
2025-12-19,9:43:59.261562482,T,KO,,100,70.27
2025-12-19,9:44:05.114140289,T,KO,F I,25,70.26
2025-12-19,9:44:05.114143718,T,KO,F I,10,70.26
2025-12-19,9:44:05.114146296,T,KO,F I,10,70.26
2025-12-19,9:44:06.114148064,T,KO,F,101,70.255
2025-12-19,9:44:06.114449080,T,KO,F I,99,70.255
2025-12-19,9:44:06.114449080,T,KO,F I,1,70.25
2025-12-19,9:44:06.114451806,T,KO,F I,1,70.25
2025-12-19,9:44:06.114704313,T,KO,F I,99,70.25
2025-12-19,9:44:06.122291480,T,KO,I,20,70.25
2025-12-19,9:44:06.122294485,T,KO,I,20,70.25
2025-12-19,9:44:06.122294485,T,KO,I,3,70.25
2025-12-19,9:44:06.122331007,T,KO,I,25,70.26
2025-12-19,9:44:06.122334163,T,KO,,100,70.26
2025-12-19,9:44:06.122336726,T,KO,,300,70.26
2025-12-19,9:44:06.294890496,T,KO,I,70,70.255
2025-12-19,9:44:10.790140807,T,KO,,400,70.26
2025-12-19,9:44:10.790143896,T,KO,I,5,70.26
2025-12-19,9:44:10.790143896,T,KO,I,40,70.26
2025-12-19,9:44:10.801258322,T,KO,I,1,70.27
2025-12-19,9:44:10.820570277,T,KO,I,20,70.28
2025-12-19,9:44:16.233784288,T,KO,F I,11,70.29
2025-12-19,9:44:16.233787162,T,KO,F I,1,70.29
2025-12-19,9:44:16.233787162,T,KO,F I,25,70.29
2025-12-19,9:44:16.235299387,T,KO,,100,70.28
2025-12-19,9:44:17.257253333,T,KO,I,1,70.275
2025-12-19,9:44:19.620290799,T,KO,F I,15,70.275
2025-12-19,9:44:19.620293312,T,KO,F I,86,70.27
2025-12-19,9:44:19.620302423,T,KO,I,1,70.27
2025-12-19,9:44:19.620350394,T,KO,F I,13,70.27
2025-12-19,9:44:19.620350394,T,KO,F I,1,70.27
2025-12-19,9:44:19.620353403,T,KO,F I,11,70.27
2025-12-19,9:44:21.371700608,T,KO,I,10,70.27
2025-12-19,9:44:24.281019251,T,KO,I,1,70.26
2025-12-19,9:44:27.581463287,T,KO,F I,80,70.25
2025-12-19,9:44:27.581463287,T,KO,F I,20,70.25
2025-12-19,9:44:32.477228327,T,KO,I,1,70.26
2025-12-19,9:44:34.586187371,T,KO,F I,1,70.25
2025-12-19,9:44:36.057958402,T,KO,I,5,70.25
2025-12-19,9:44:40.124056529,T,KO,I,20,70.265
2025-12-19,9:44:41.014964544,T,KO,,120,70.27
2025-12-19,9:44:41.014964544,T,KO,I,40,70.27
2025-12-19,9:44:41.014982795,T,KO,I,1,70.27
2025-12-19,9:44:41.016311624,T,KO,I,11,70.27
2025-12-19,9:44:42.287333786,T,KO,,100,70.27
2025-12-19,9:44:42.287351854,T,KO,I,1,70.27
2025-12-19,9:44:42.288467496,T,KO,I,10,70.27
2025-12-19,9:44:42.620575485,T,KO,I,1,70.275
2025-12-19,9:44:43.964000920,T,KO,F I,1,70.27
2025-12-19,9:44:43.964000920,T,KO,F I,25,70.27
2025-12-19,9:44:46.227937649,T,KO,I,10,70.26
2025-12-19,9:44:46.227943135,T,KO,I,33,70.26
2025-12-19,9:44:46.227943135,T,KO,I,1,70.26
2025-12-19,9:44:46.227943135,T,KO,I,25,70.26
2025-12-19,9:44:47.695395970,T,KO,I,1,70.26
2025-12-19,9:44:51.769968302,T,KO,F I,25,70.25
2025-12-19,9:44:51.769971330,T,KO,F I,18,70.25
2025-12-19,9:44:51.769974179,T,KO,F I,10,70.25
2025-12-19,9:44:55.964932253,T,KO,F I,25,70.25
2025-12-19,9:44:57.842255411,T,KO,I,1,70.25
2025-12-19,9:45:02.154333359,T,KO,F I,38,70.24
2025-12-19,9:45:02.154343123,T,KO,F I,2,70.24
2025-12-19,9:45:02.154343123,T,KO,F I,1,70.24
2025-12-19,9:45:03.287783861,T,KO,,100,70.24
2025-12-19,9:45:05.304212279,T,KO,F I,1,70.24
2025-12-19,9:45:05.304239316,T,KO,I,24,70.24
2025-12-19,9:45:05.633283038,T,KO,F I,2,70.23
2025-12-19,9:45:05.633283038,T,KO,F I,10,70.23
2025-12-19,9:45:05.634341574,T,KO,I,6,70.22
2025-12-19,9:45:05.634341574,T,KO,I,94,70.22
2025-12-19,9:45:05.634392797,T,KO,I,23,70.22
2025-12-19,9:45:05.634395697,T,KO,I,11,70.22
2025-12-19,9:45:13.048941561,T,KO,I,26,70.25
2025-12-19,9:45:13.049242365,T,KO,F I,23,70.25
2025-12-19,9:45:14.878883993,T,KO,,200,70.25
2025-12-19,9:45:15.387070239,T,KO,I,7,70.27
2025-12-19,9:45:15.432219861,T,KO,I,7,70.27
2025-12-19,9:45:15.666597977,T,KO,I,6,70.275
2025-12-19,9:45:15.749815210,T,KO,I,38,70.27
2025-12-19,9:45:15.750275274,T,KO,F I,25,70.27
2025-12-19,9:45:15.750392615,T,KO,I,7,70.27
2025-12-19,9:45:18.859010274,T,KO,F,100,70.27
2025-12-19,9:45:19.276503807,T,KO,F I,26,70.26
2025-12-19,9:45:19.276506624,T,KO,F I,2,70.26
2025-12-19,9:45:19.276560736,T,KO,I,38,70.26
2025-12-19,9:45:19.516412067,T,KO,I,5,70.26
2025-12-19,9:45:20.206264418,T,KO,I,21,70.25
2025-12-19,9:45:25.064776365,T,KO,,200,70.245
2025-12-19,9:45:25.959130576,T,KO,,120,70.26
2025-12-19,9:45:25.959151448,T,KO,I,1,70.26
2025-12-19,9:45:25.962075005,T,KO,F I,23,70.26
2025-12-19,9:45:25.962075005,T,KO,F I,17,70.26
2025-12-19,9:45:25.962077611,T,KO,F I,26,70.26
2025-12-19,9:45:25.962077611,T,KO,F,100,70.26
2025-12-19,9:45:25.963275072,T,KO,I,23,70.26
2025-12-19,9:45:25.963277485,T,KO,I,17,70.26
2025-12-19,9:45:25.963280594,T,KO,I,23,70.26
2025-12-19,9:45:25.963740649,T,KO,I,23,70.26
2025-12-19,9:45:25.963740649,T,KO,I,23,70.26
2025-12-19,9:45:25.963968957,T,KO,I,23,70.26
2025-12-19,9:45:25.963972081,T,KO,,114,70.26
2025-12-19,9:45:25.966031888,T,KO,I,23,70.26
2025-12-19,9:45:25.966034876,T,KO,I,17,70.26
2025-12-19,9:45:26.005224851,T,KO,I,5,70.255
2025-12-19,9:45:29.416136967,T,KO,I,92,70.255
2025-12-19,9:45:29.625889546,T,KO,F I,23,70.26
2025-12-19,9:45:29.625889546,T,KO,F I,17,70.26
2025-12-19,9:45:29.967169301,T,KO,F,100,70.26
2025-12-19,9:45:29.967509082,T,KO,F,160,70.26
2025-12-19,9:45:29.971069550,T,KO,,100,70.26
2025-12-19,9:45:29.971072693,T,KO,I,23,70.26
2025-12-19,9:45:29.971075575,T,KO,I,25,70.26
2025-12-19,9:45:30.144988887,T,KO,I,23,70.26
2025-12-19,9:45:30.144988887,T,KO,I,23,70.26
2025-12-19,9:45:32.587667561,T,KO,,100,70.265
2025-12-19,9:45:32.685568975,T,KO,F,100,70.265
2025-12-19,9:45:32.685575321,T,KO,F I,23,70.26
2025-12-19,9:45:32.685575321,T,KO,F,100,70.26
2025-12-19,9:45:32.685575321,T,KO,F I,45,70.26
2025-12-19,9:45:32.685577935,T,KO,F,100,70.26
2025-12-19,9:45:32.685577935,T,KO,F I,97,70.26
2025-12-19,9:45:32.811280301,T,KO,,100,70.26
2025-12-19,9:45:32.811280301,T,KO,I,24,70.26
2025-12-19,9:45:32.811283099,T,KO,I,3,70.26
2025-12-19,9:45:33.528202609,T,KO,I,18,70.28
2025-12-19,9:45:33.528533566,T,KO,I,94,70.275
2025-12-19,9:45:35.392390363,T,KO,F,162,70.28
2025-12-19,9:45:35.397713043,T,KO,I,1,70.29
2025-12-19,9:45:35.444152651,T,KO,F I,25,70.3
2025-12-19,9:45:35.444155691,T,KO,F,100,70.3
2025-12-19,9:45:35.445795463,T,KO,F I,13,70.31
2025-12-19,9:45:35.445797933,T,KO,F,181,70.31
2025-12-19,9:45:35.445800664,T,KO,F I,25,70.31
2025-12-19,9:45:35.445800664,T,KO,F I,75,70.31
2025-12-19,9:45:36.002997677,T,KO,I,6,70.32
2025-12-19,9:45:36.002997677,T,KO,I,24,70.32
2025-12-19,9:45:36.106356853,T,KO,I,1,70.32
2025-12-19,9:45:37.419623749,T,KO,F I,17,70.32
2025-12-19,9:45:37.419623749,T,KO,F I,1,70.32
2025-12-19,9:45:37.450042130,T,KO,,100,70.325
2025-12-19,9:45:38.377934033,T,KO,I,1,70.33
2025-12-19,9:45:38.578015548,T,KO,F I,7,70.33
2025-12-19,9:45:38.888147221,T,KO,F I,16,70.33
2025-12-19,9:45:38.888150149,T,KO,F I,10,70.33
2025-12-19,9:45:43.917622752,T,KO,I,2,70.32
2025-12-19,9:45:47.103283966,T,KO,,100,70.33
2025-12-19,9:45:47.103296005,T,KO,I,1,70.33
2025-12-19,9:45:49.178415279,T,KO,I,25,70.32
2025-12-19,9:45:49.178418245,T,KO,I,10,70.32
2025-12-19,9:45:49.356697810,T,KO,F I,2,70.31
2025-12-19,9:45:50.630017433,T,KO,F I,76,70.3
2025-12-19,9:45:50.630039132,T,KO,F I,13,70.3
2025-12-19,9:45:50.630047546,T,KO,I,11,70.3
2025-12-19,9:45:50.676929168,T,KO,F I,24,70.3
2025-12-19,9:45:50.676932253,T,KO,F I,25,70.3
2025-12-19,9:45:50.676935171,T,KO,F,165,70.3
2025-12-19,9:45:50.676935171,T,KO,F I,3,70.3
2025-12-19,9:45:50.676950729,T,KO,F I,1,70.3
2025-12-19,9:46:00.755213281,T,KO,I,1,70.325
2025-12-19,9:46:00.755249354,T,KO,I,12,70.32
2025-12-19,9:46:01.963510007,T,KO,F I,12,70.32
2025-12-19,9:46:01.963510007,T,KO,F I,10,70.32
2025-12-19,9:46:01.963512415,T,KO,F I,20,70.32
2025-12-19,9:46:01.963515193,T,KO,F,100,70.32
2025-12-19,9:46:01.963518269,T,KO,F,100,70.32
2025-12-19,9:46:01.978484892,T,KO,,100,70.32
2025-12-19,9:46:05.401562019,T,KO,F I,1,70.31
2025-12-19,9:46:05.401564487,T,KO,F I,10,70.31
2025-12-19,9:46:05.401567377,T,KO,F I,1,70.31
2025-12-19,9:46:06.256031455,T,KO,F,100,70.3
2025-12-19,9:46:06.256034485,T,KO,F,100,70.3
2025-12-19,9:46:06.256049594,T,KO,I,1,70.3
2025-12-19,9:46:06.256082932,T,KO,,100,70.3
2025-12-19,9:46:06.256085564,T,KO,I,24,70.3
2025-12-19,9:46:06.256088560,T,KO,I,18,70.3
2025-12-19,9:46:06.273121273,T,KO,F I,18,70.3
2025-12-19,9:46:06.273124161,T,KO,F I,82,70.3
2025-12-19,9:46:06.275890845,T,KO,F I,18,70.3
2025-12-19,9:46:06.275893734,T,KO,F I,24,70.3
2025-12-19,9:46:06.275896728,T,KO,F I,10,70.3
2025-12-19,9:46:06.284019143,T,KO,I,24,70.3
2025-12-19,9:46:07.101212377,T,KO,F I,24,70.31
2025-12-19,9:46:08.252254746,T,KO,F,100,70.31
2025-12-19,9:46:08.644328528,T,KO,I,25,70.31
2025-12-19,9:46:08.644478882,T,KO,I,1,70.31
2025-12-19,9:46:12.397381746,T,KO,I,1,70.32
2025-12-19,9:46:12.397432275,T,KO,I,1,70.32
2025-12-19,9:46:12.397438258,T,KO,,100,70.32
2025-12-19,9:46:12.397438258,T,KO,I,24,70.32
2025-12-19,9:46:12.397441274,T,KO,I,18,70.32
2025-12-19,9:46:12.397736017,T,KO,F I,1,70.32
2025-12-19,9:46:12.397955571,T,KO,F I,1,70.32
2025-12-19,9:46:12.398039692,T,KO,F I,24,70.32
2025-12-19,9:46:12.398042809,T,KO,F I,18,70.32
2025-12-19,9:46:12.398042809,T,KO,F I,24,70.32
2025-12-19,9:46:12.398045762,T,KO,F I,34,70.32
2025-12-19,9:46:18.258222882,T,KO,I,13,70.34
2025-12-19,9:46:18.258222882,T,KO,I,12,70.34
2025-12-19,9:46:18.258225772,T,KO,I,27,70.34
2025-12-19,9:46:18.660190216,T,KO,F I,24,70.34
2025-12-19,9:46:18.660190216,T,KO,F I,2,70.34
2025-12-19,9:46:22.668688987,T,KO,,100,70.36
2025-12-19,9:46:22.669110030,T,KO,I,1,70.36
2025-12-19,9:46:22.669112973,T,KO,I,8,70.36
2025-12-19,9:46:22.669792604,T,KO,F,100,70.36
2025-12-19,9:46:22.669792604,T,KO,F I,25,70.36
2025-12-19,9:46:22.679388409,T,KO,I,25,70.36
2025-12-19,9:46:23.415262106,T,KO,,100,70.35
2025-12-19,9:46:23.415265058,T,KO,I,19,70.35
2025-12-19,9:46:23.415268226,T,KO,,100,70.35
2025-12-19,9:46:23.415268226,T,KO,I,25,70.35
2025-12-19,9:46:23.415716119,T,KO,F I,33,70.35
2025-12-19,9:46:23.415755265,T,KO,I,2,70.34
2025-12-19,9:46:23.415779419,T,KO,F I,23,70.34
2025-12-19,9:46:23.458505020,T,KO,F I,25,70.33
2025-12-19,9:46:23.537100196,T,KO,I,9,70.32
2025-12-19,9:46:26.914705698,T,KO,I,41,70.32
2025-12-19,9:46:26.914705698,T,KO,I,11,70.32
2025-12-19,9:46:26.914708579,T,KO,,100,70.32
2025-12-19,9:46:26.914726845,T,KO,F,100,70.32
2025-12-19,9:46:27.610779350,T,KO,I,35,70.31
2025-12-19,9:46:30.705428894,T,KO,F I,19,70.3
2025-12-19,9:46:30.705456576,T,KO,F I,6,70.3
2025-12-19,9:46:36.057022632,T,KO,,100,70.31
2025-12-19,9:46:41.036287569,T,KO,I,1,70.33
2025-12-19,9:46:45.511579250,T,KO,I,1,70.335
2025-12-19,9:46:46.152176929,T,KO,I,50,70.335
2025-12-19,9:46:49.984850148,T,KO,I,1,70.335
2025-12-19,9:46:51.674520429,T,KO,I,47,70.335
2025-12-19,9:46:54.463082741,T,KO,I,1,70.34
2025-12-19,9:46:56.031317764,T,KO,I,20,70.335
2025-12-19,9:46:56.044693721,T,KO,I,66,70.335
2025-12-19,9:46:57.088591320,T,KO,F I,1,70.33
2025-12-19,9:46:57.088591320,T,KO,F I,25,70.33
2025-12-19,9:47:17.178767059,T,KO,F I,14,70.35
2025-12-19,9:47:21.319554081,T,KO,I,1,70.345
2025-12-19,9:47:27.095058468,T,KO,I,71,70.355
2025-12-19,9:47:27.098011464,T,KO,I,13,70.355
2025-12-19,9:47:32.737195192,T,KO,F,100,70.35
2025-12-19,9:47:32.737198208,T,KO,F I,1,70.35
2025-12-19,9:47:32.737198208,T,KO,F I,34,70.35
2025-12-19,9:47:32.738828949,T,KO,I,26,70.35
2025-12-19,9:47:32.738828949,T,KO,I,7,70.35
2025-12-19,9:47:32.738846178,T,KO,F I,8,70.35
2025-12-19,9:47:33.987077028,T,KO,F I,26,70.36
2025-12-19,9:47:33.987080037,T,KO,F I,15,70.36
2025-12-19,9:47:34.987111725,T,KO,F I,25,70.35
2025-12-19,9:47:42.132618939,T,KO,F I,10,70.35
2025-12-19,9:47:42.146307569,T,KO,F I,25,70.35
2025-12-19,9:47:48.593551932,T,KO,I,1,70.36
2025-12-19,9:47:48.593554735,T,KO,I,3,70.36
2025-12-19,9:47:52.240313259,T,KO,F I,25,70.36
2025-12-19,9:47:54.947613024,T,KO,F I,57,70.36
2025-12-19,9:47:54.947631422,T,KO,F I,43,70.36
2025-12-19,9:47:57.126160653,T,KO,I,1,70.36
2025-12-19,9:47:58.269510798,T,KO,F I,5,70.37
2025-12-19,9:47:58.269510798,T,KO,F I,4,70.37
2025-12-19,9:47:58.661145542,T,KO,I,10,70.37
2025-12-19,9:48:05.403242196,T,KO,F I,1,70.37
2025-12-19,9:48:05.403245155,T,KO,F I,79,70.37
2025-12-19,9:48:05.403262975,T,KO,F I,21,70.37
2025-12-19,9:48:11.616381599,T,KO,I,75,70.35
2025-12-19,9:48:12.705744064,T,KO,F,100,70.34
2025-12-19,9:48:16.006326974,T,KO,I,1,70.335
2025-12-19,9:48:20.100560229,T,KO,F I,10,70.33
2025-12-19,9:48:20.239415833,T,KO,F I,3,70.32
2025-12-19,9:48:20.240083314,T,KO,I,24,70.32
2025-12-19,9:48:20.240086378,T,KO,I,76,70.32
2025-12-19,9:48:22.573172030,T,KO,F I,24,70.32
2025-12-19,9:48:28.139732805,T,KO,,100,70.32
2025-12-19,9:48:28.139747954,T,KO,I,1,70.32
2025-12-19,9:48:28.139753955,T,KO,F I,1,70.32
2025-12-19,9:48:28.139753955,T,KO,F,100,70.32
2025-12-19,9:48:29.914469583,T,KO,F I,50,70.33
2025-12-19,9:48:29.914472873,T,KO,F,100,70.33
2025-12-19,9:48:29.914475658,T,KO,F,100,70.33
2025-12-19,9:48:29.914475658,T,KO,F I,25,70.33
2025-12-19,9:48:29.914487715,T,KO,F,225,70.33
2025-12-19,9:48:29.914490721,T,KO,I,75,70.33
2025-12-19,9:48:32.336068079,T,KO,F I,58,70.34
2025-12-19,9:48:32.336098181,T,KO,F I,42,70.34
2025-12-19,9:48:41.882631910,T,KO,I,1,70.345
2025-12-19,9:48:50.989443359,T,KO,F,100,70.34
2025-12-19,9:48:50.989443359,T,KO,F I,1,70.34
2025-12-19,9:48:50.989446432,T,KO,F,100,70.34
2025-12-19,9:48:56.209978772,T,KO,I,19,70.34
2025-12-19,9:48:56.209999819,T,KO,F I,81,70.34
2025-12-19,9:48:56.209999819,T,KO,F I,3,70.34
2025-12-19,9:48:56.210003234,T,KO,F I,25,70.34
2025-12-19,9:48:56.210667463,T,KO,I,2,70.34
2025-12-19,9:48:59.784691679,T,KO,I,1,70.335
2025-12-19,9:49:02.300146659,T,KO,F I,2,70.34
2025-12-19,9:49:05.955081434,T,KO,F I,77,70.35
2025-12-19,9:49:05.955739987,T,KO,I,31,70.35
2025-12-19,9:49:05.955743220,T,KO,I,14,70.35
2025-12-19,9:49:05.955745997,T,KO,,100,70.35
2025-12-19,9:49:05.955745997,T,KO,I,25,70.35
2025-12-19,9:49:05.955749259,T,KO,,100,70.35
2025-12-19,9:49:05.955767093,T,KO,F I,21,70.35
2025-12-19,9:49:06.033938732,T,KO,,100,70.34
2025-12-19,9:49:06.033941235,T,KO,I,10,70.34
2025-12-19,9:49:06.033959332,T,KO,I,15,70.34
2025-12-19,9:49:06.033962320,T,KO,I,85,70.34
2025-12-19,9:49:06.033962320,T,KO,I,1,70.34
2025-12-19,9:49:11.521467694,T,KO,I,14,70.35
2025-12-19,9:49:11.521467694,T,KO,I,10,70.35
2025-12-19,9:49:11.522339745,T,KO,I,8,70.35
2025-12-19,9:49:11.522342800,T,KO,I,26,70.35
2025-12-19,9:49:11.522346058,T,KO,,100,70.35
2025-12-19,9:49:11.523293540,T,KO,I,31,70.35
2025-12-19,9:49:11.523296118,T,KO,I,69,70.35
2025-12-19,9:49:11.532239371,T,KO,I,8,70.35
2025-12-19,9:49:12.443069638,T,KO,,100,70.355
2025-12-19,9:49:12.454000833,T,KO,I,26,70.355
2025-12-19,9:49:15.280312118,T,KO,,126,70.355
2025-12-19,9:49:15.424385263,T,KO,F I,39,70.36
2025-12-19,9:49:19.022039835,T,KO,F I,1,70.35
2025-12-19,9:49:19.022039835,T,KO,F I,39,70.35
2025-12-19,9:49:19.022045582,T,KO,F I,3,70.35
2025-12-19,9:49:25.325547387,T,KO,I,1,70.35
2025-12-19,9:49:30.466776122,T,KO,F I,21,70.35
2025-12-19,9:49:30.466776122,T,KO,F I,1,70.35
2025-12-19,9:49:30.466781134,T,KO,F,100,70.35
2025-12-19,9:49:30.466781134,T,KO,F I,1,70.35
2025-12-19,9:49:30.466784183,T,KO,F,100,70.35
2025-12-19,9:49:30.479826243,T,KO,F,223,70.35
2025-12-19,9:49:30.479826243,T,KO,F I,28,70.35
2025-12-19,9:49:30.479829234,T,KO,F I,15,70.35
2025-12-19,9:49:30.479832191,T,KO,F I,25,70.35
2025-12-19,9:49:30.479832191,T,KO,F I,10,70.35
2025-12-19,9:49:30.479835301,T,KO,F I,25,70.35
2025-12-19,9:49:30.479835301,T,KO,F,100,70.35
2025-12-19,9:49:30.481729927,T,KO,F I,15,70.35
2025-12-19,9:49:30.481732867,T,KO,F I,28,70.35
2025-12-19,9:49:30.481735728,T,KO,F I,23,70.35
2025-12-19,9:49:30.481739387,T,KO,F I,3,70.35
2025-12-19,9:49:30.481741866,T,KO,F,100,70.35
2025-12-19,9:49:30.481741866,T,KO,F I,4,70.35
2025-12-19,9:49:30.481747805,T,KO,F I,21,70.35
2025-12-19,9:49:30.858569198,T,KO,F,100,70.33
2025-12-19,9:49:31.616440253,T,KO,F I,25,70.32
2025-12-19,9:49:41.011136349,T,KO,F I,1,70.32
2025-12-19,9:49:41.011139690,T,KO,F I,1,70.32
2025-12-19,9:49:41.011139690,T,KO,F I,1,70.32
2025-12-19,9:49:44.668425770,T,KO,F,200,70.33
2025-12-19,9:49:44.668425770,T,KO,F,100,70.33
2025-12-19,9:49:47.280016730,T,KO,,100,70.32
2025-12-19,9:49:49.862898451,T,KO,F I,53,70.31
2025-12-19,9:49:55.894980146,T,KO,F I,4,70.3
2025-12-19,9:49:55.894980146,T,KO,F I,43,70.3
2025-12-19,9:49:55.894982770,T,KO,F I,1,70.3
2025-12-19,9:49:55.894982770,T,KO,F I,61,70.3
2025-12-19,9:49:58.877173300,T,KO,F I,2,70.28
2025-12-19,9:50:11.366059444,T,KO,,100,70.27
2025-12-19,9:50:11.366059444,T,KO,F,100,70.27
2025-12-19,9:50:11.366061627,T,KO,F,100,70.27
2025-12-19,9:50:11.366064684,T,KO,F,100,70.27
2025-12-19,9:50:12.972950793,T,KO,F I,5,70.29
2025-12-19,9:50:12.972953777,T,KO,F,100,70.29
2025-12-19,9:50:12.972968832,T,KO,F,105,70.29
2025-12-19,9:50:12.972971875,T,KO,I,1,70.29
2025-12-19,9:50:12.973374799,T,KO,F,100,70.29
2025-12-19,9:50:14.342776249,T,KO,F,100,70.28
2025-12-19,9:50:14.360407287,T,KO,I,10,70.275
2025-12-19,9:50:14.360410570,T,KO,I,26,70.28
2025-12-19,9:50:14.360410570,T,KO,I,25,70.28
2025-12-19,9:50:14.360413299,T,KO,I,90,70.28
2025-12-19,9:50:18.027373699,T,KO,F I,26,70.28
2025-12-19,9:50:18.027376800,T,KO,F I,1,70.28
2025-12-19,9:50:18.874539397,T,KO,F I,3,70.27
2025-12-19,9:50:19.219545179,T,KO,F I,5,70.27
2025-12-19,9:50:20.410137737,T,KO,I,1,70.285
2025-12-19,9:50:23.832288118,T,KO,I,2,70.275
2025-12-19,9:50:23.937959772,T,KO,,100,70.28
2025-12-19,9:50:23.944355987,T,KO,F,100,70.29
2025-12-19,9:50:24.896886638,T,KO,I,1,70.295
2025-12-19,9:50:27.614804895,T,KO,F I,7,70.29
2025-12-19,9:50:27.614807818,T,KO,F I,1,70.29
2025-12-19,9:50:27.801053432,T,KO,I,24,70.29
2025-12-19,9:50:27.801056486,T,KO,I,20,70.29
2025-12-19,9:50:29.782165867,T,KO,F I,24,70.29
2025-12-19,9:50:33.872844446,T,KO,I,1,70.285
2025-12-19,9:50:39.256491425,T,KO,F,100,70.28
2025-12-19,9:50:44.026854867,T,KO,F,100,70.27
2025-12-19,9:50:50.603644646,T,KO,I,1,70.27
2025-12-19,9:50:51.827288962,T,KO,,100,70.28
2025-12-19,9:50:59.391998189,T,KO,,100,70.28
2025-12-19,9:51:02.779024253,T,KO,F I,1,70.27
2025-12-19,9:51:02.887886618,T,KO,I,26,70.27
2025-12-19,9:51:04.612638427,T,KO,F I,1,70.28
2025-12-19,9:51:04.615688250,T,KO,,100,70.28
2025-12-19,9:51:04.615690827,T,KO,I,12,70.28
2025-12-19,9:51:04.615694554,T,KO,I,26,70.28
2025-12-19,9:51:04.615696653,T,KO,I,26,70.28
2025-12-19,9:51:04.615699950,T,KO,I,25,70.28
2025-12-19,9:51:04.618048256,T,KO,F,100,70.28
2025-12-19,9:51:04.618048256,T,KO,F I,26,70.28
2025-12-19,9:51:04.618069363,T,KO,I,1,70.28
2025-12-19,9:51:04.618078562,T,KO,F I,25,70.28
2025-12-19,9:51:04.695669094,T,KO,I,6,70.29
2025-12-19,9:51:04.695669094,T,KO,,100,70.29
2025-12-19,9:51:15.672165473,T,KO,I,10,70.305
2025-12-19,9:51:16.226006633,T,KO,F I,31,70.3
2025-12-19,9:51:16.226006633,T,KO,F I,50,70.3
2025-12-19,9:51:16.470798635,T,KO,F I,10,70.29
2025-12-19,9:51:16.470801600,T,KO,F I,31,70.29
2025-12-19,9:51:16.471129477,T,KO,F I,22,70.29
2025-12-19,9:51:16.471135395,T,KO,F I,9,70.29
2025-12-19,9:51:16.472419562,T,KO,I,22,70.29
2025-12-19,9:51:16.472423323,T,KO,,100,70.29
2025-12-19,9:51:16.472428509,T,KO,I,25,70.29
2025-12-19,9:51:16.472428509,T,KO,I,16,70.29
2025-12-19,9:51:16.472711154,T,KO,,100,70.29
2025-12-19,9:51:17.062776508,T,KO,I,10,70.295
2025-12-19,9:51:18.755171216,T,KO,I,1,70.295
2025-12-19,9:51:31.677509034,T,KO,F I,16,70.29
2025-12-19,9:51:31.677511979,T,KO,F I,30,70.29
2025-12-19,9:51:31.677511979,T,KO,F,100,70.29
2025-12-19,9:51:35.532528431,T,KO,,100,70.305
2025-12-19,9:51:38.451775919,T,KO,F I,10,70.32
2025-12-19,9:51:38.451784938,T,KO,F I,28,70.32
2025-12-19,9:51:38.451815029,T,KO,F,100,70.32
2025-12-19,9:51:42.237952319,T,KO,,100,70.315
2025-12-19,9:51:42.339188416,T,KO,F I,1,70.31
2025-12-19,9:51:47.927274550,T,KO,F I,25,70.31
2025-12-19,9:51:47.927274550,T,KO,F I,1,70.31
2025-12-19,9:51:47.928781010,T,KO,,100,70.31
2025-12-19,9:51:47.928781010,T,KO,I,25,70.31
2025-12-19,9:51:47.928784211,T,KO,I,16,70.31
2025-12-19,9:51:47.928784211,T,KO,,100,70.31
2025-12-19,9:51:47.928787792,T,KO,I,25,70.31
2025-12-19,9:51:54.160805706,T,KO,F I,25,70.32
2025-12-19,9:51:54.160808595,T,KO,F I,16,70.32
2025-12-19,9:51:54.160812822,T,KO,F I,25,70.32
2025-12-19,9:51:54.657841395,T,KO,I,1,70.315
2025-12-19,9:52:03.632566268,T,KO,I,1,70.305
2025-12-19,9:52:07.197815914,T,KO,I,10,70.305
2025-12-19,9:52:12.608674374,T,KO,I,1,70.305
2025-12-19,9:52:13.172863895,T,KO,F I,1,70.3
2025-12-19,9:52:13.172866115,T,KO,F I,12,70.3
2025-12-19,9:52:17.099780634,T,KO,,100,70.31
2025-12-19,9:52:17.128935043,T,KO,F,200,70.32
2025-12-19,9:52:17.445631762,T,KO,I,25,70.325
2025-12-19,9:52:17.514155627,T,KO,I,25,70.34
2025-12-19,9:52:17.514155627,T,KO,I,25,70.34
2025-12-19,9:52:17.514158610,T,KO,I,41,70.34
2025-12-19,9:52:21.455224851,T,KO,F,100,70.36
2025-12-19,9:52:21.455227860,T,KO,F I,49,70.36
2025-12-19,9:52:31.427564098,T,KO,I,15,70.38
2025-12-19,9:52:37.257095388,T,KO,I,1,70.39
2025-12-19,9:52:37.257095388,T,KO,I,6,70.39
2025-12-19,9:52:37.257128008,T,KO,I,34,70.39
2025-12-19,9:52:37.257131555,T,KO,I,78,70.39
2025-12-19,9:52:37.257765308,T,KO,,100,70.39
2025-12-19,9:52:37.257765308,T,KO,,100,70.39
2025-12-19,9:52:37.257768370,T,KO,,100,70.39
2025-12-19,9:52:39.255832047,T,KO,I,12,70.39
2025-12-19,9:52:39.255838069,T,KO,I,10,70.39
2025-12-19,9:52:39.255841003,T,KO,I,21,70.39
2025-12-19,9:52:39.255841003,T,KO,I,7,70.39
2025-12-19,9:52:39.355002239,T,KO,I,4,70.39
2025-12-19,9:52:40.022303643,T,KO,,100,70.39
2025-12-19,9:52:40.022306476,T,KO,,100,70.39
2025-12-19,9:52:40.022309494,T,KO,,100,70.39
2025-12-19,9:52:40.022315510,T,KO,,100,70.39
2025-12-19,9:52:40.022331089,T,KO,I,1,70.39
2025-12-19,9:52:40.022331089,T,KO,,100,70.39
2025-12-19,9:52:40.022505056,T,KO,I,12,70.39
2025-12-19,9:52:40.022589656,T,KO,I,18,70.39
2025-12-19,9:52:40.022589656,T,KO,I,12,70.39
2025-12-19,9:52:40.022895883,T,KO,I,12,70.39
2025-12-19,9:52:40.026185823,T,KO,F I,12,70.39
2025-12-19,9:52:40.026185823,T,KO,F I,18,70.39
2025-12-19,9:52:42.547261157,T,KO,I,1,70.39
2025-12-19,9:52:42.547267349,T,KO,I,11,70.39
2025-12-19,9:52:42.547270107,T,KO,,100,70.39
2025-12-19,9:52:42.547273177,T,KO,,100,70.39
2025-12-19,9:52:43.677073021,T,KO,F I,12,70.39
2025-12-19,9:52:43.677073021,T,KO,F I,60,70.39
2025-12-19,9:52:43.677075958,T,KO,F,100,70.39
2025-12-19,9:52:43.677075958,T,KO,F I,25,70.39
2025-12-19,9:52:43.677079208,T,KO,F I,1,70.39
2025-12-19,9:52:45.087131308,T,KO,,100,70.395
2025-12-19,9:52:45.095004010,T,KO,,100,70.395
2025-12-19,9:52:45.104353338,T,KO,,100,70.395
2025-12-19,9:52:46.220527645,T,KO,,300,70.395
2025-12-19,9:52:47.130503938,T,KO,F I,59,70.39
2025-12-19,9:52:47.322454548,T,KO,F,100,70.38
2025-12-19,9:52:47.322457125,T,KO,F I,10,70.38
2025-12-19,9:52:47.322460147,T,KO,F I,1,70.38
2025-12-19,9:52:47.368247199,T,KO,I,25,70.38
2025-12-19,9:52:47.368268248,T,KO,I,1,70.38
2025-12-19,9:52:47.423693265,T,KO,I,6,70.38
2025-12-19,9:52:48.509853029,T,KO,I,1,70.385
2025-12-19,9:52:48.942905416,T,KO,F I,26,70.38
2025-12-19,9:52:48.942908414,T,KO,F I,5,70.38
2025-12-19,9:52:48.942908414,T,KO,F I,1,70.38
2025-12-19,9:52:48.942911474,T,KO,F I,44,70.38
2025-12-19,9:52:48.942914458,T,KO,F,100,70.38
2025-12-19,9:52:54.254762615,T,KO,I,11,70.37
2025-12-19,9:52:54.262373784,T,KO,I,10,70.37
2025-12-19,9:52:58.453488558,T,KO,F,100,70.38
2025-12-19,9:53:03.406837750,T,KO,,100,70.41
2025-12-19,9:53:06.459919111,T,KO,I,1,70.425
2025-12-19,9:53:07.431963223,T,KO,F,100,70.43
2025-12-19,9:53:16.239790604,T,KO,F I,3,70.42
2025-12-19,9:53:16.239814699,T,KO,F I,7,70.42
2025-12-19,9:53:16.239817718,T,KO,F,100,70.42
2025-12-19,9:53:20.500599391,T,KO,F,165,70.42
2025-12-19,9:53:20.500602337,T,KO,F,100,70.42
2025-12-19,9:53:20.570007615,T,KO,,100,70.43
2025-12-19,9:53:20.570011047,T,KO,,100,70.43
2025-12-19,9:53:20.570011047,T,KO,,100,70.43
2025-12-19,9:53:28.475054840,T,KO,F I,3,70.44
2025-12-19,9:53:28.475054840,T,KO,F I,54,70.44
2025-12-19,9:53:34.329824991,T,KO,F,100,70.44
2025-12-19,9:53:34.329827942,T,KO,F,100,70.44
2025-12-19,9:53:34.333496692,T,KO,,100,70.435
2025-12-19,9:53:34.341321273,T,KO,,100,70.435
2025-12-19,9:53:34.341468632,T,KO,,100,70.435
2025-12-19,9:53:34.433644208,T,KO,I,10,70.435
2025-12-19,9:53:34.488939928,T,KO,I,10,70.435
2025-12-19,9:53:44.050957792,T,KO,F I,10,70.44
2025-12-19,9:53:44.050960459,T,KO,F I,50,70.44
2025-12-19,9:53:44.050960459,T,KO,F I,50,70.44
2025-12-19,9:53:46.851876223,T,KO,I,1,70.445
2025-12-19,9:53:47.505958130,T,KO,I,3,70.435
2025-12-19,9:53:51.341286620,T,KO,I,1,70.435
2025-12-19,9:53:55.225093548,T,KO,F I,36,70.43
2025-12-19,9:53:55.225123535,T,KO,F I,14,70.43
2025-12-19,9:53:55.225126627,T,KO,F I,61,70.43
2025-12-19,9:53:55.225142140,T,KO,F I,39,70.43
2025-12-19,9:53:55.225658922,T,KO,I,30,70.43
2025-12-19,9:53:55.225658922,T,KO,I,13,70.43
2025-12-19,9:53:55.226660961,T,KO,F I,13,70.43
2025-12-19,9:53:55.226660961,T,KO,F I,30,70.43
2025-12-19,9:53:57.140980504,T,KO,F,100,70.42
2025-12-19,9:53:57.140983496,T,KO,F I,43,70.42
2025-12-19,9:53:57.141100741,T,KO,I,1,70.42
2025-12-19,9:53:57.141109791,T,KO,I,6,70.42
2025-12-19,9:53:57.141109791,T,KO,I,10,70.42
2025-12-19,9:53:57.273524128,T,KO,I,23,70.415
2025-12-19,9:54:02.244227675,T,KO,F,100,70.41
2025-12-19,9:54:02.490875069,T,KO,F,100,70.41
2025-12-19,9:54:03.361893556,T,KO,F,100,70.41
2025-12-19,9:54:06.858108019,T,KO,F I,3,70.42
2025-12-19,9:54:17.755503447,T,KO,F I,91,70.43
2025-12-19,9:54:17.755506397,T,KO,F I,1,70.43
2025-12-19,9:54:38.217551396,T,KO,F I,8,70.44
2025-12-19,9:54:44.066316097,T,KO,I,11,70.425
2025-12-19,9:54:45.038206884,T,KO,I,33,70.42
2025-12-19,9:54:45.038210353,T,KO,,100,70.42
2025-12-19,9:54:45.199108031,T,KO,I,1,70.415
2025-12-19,9:55:03.278608413,T,KO,,100,70.405
2025-12-19,9:55:06.194557415,T,KO,F I,5,70.4
2025-12-19,9:55:06.194557415,T,KO,F I,11,70.4
2025-12-19,9:55:07.520405889,T,KO,I,56,70.395
2025-12-19,9:55:07.521040913,T,KO,F I,11,70.39
2025-12-19,9:55:07.521043549,T,KO,F I,10,70.39
2025-12-19,9:55:07.521043549,T,KO,F I,10,70.39
2025-12-19,9:55:07.543579120,T,KO,,100,70.385
2025-12-19,9:55:10.953764020,T,KO,,100,70.38
2025-12-19,9:55:10.953833594,T,KO,F I,10,70.38
2025-12-19,9:55:10.953836131,T,KO,F I,25,70.38
2025-12-19,9:55:12.617073414,T,KO,I,25,70.37
2025-12-19,9:55:12.617077280,T,KO,I,80,70.37
2025-12-19,9:55:12.617077280,T,KO,I,11,70.37
2025-12-19,9:55:12.617079579,T,KO,I,25,70.37
2025-12-19,9:55:12.617536516,T,KO,F I,15,70.37
2025-12-19,9:55:12.621223264,T,KO,I,11,70.365
2025-12-19,9:55:13.398791202,T,KO,F I,1,70.36
2025-12-19,9:55:17.563410194,T,KO,F I,10,70.35
2025-12-19,9:55:17.563410194,T,KO,F,100,70.35
2025-12-19,9:55:19.965148997,T,KO,F I,2,70.35
2025-12-19,9:55:19.965154972,T,KO,F I,98,70.35
2025-12-19,9:55:21.858079299,T,KO,I,1,70.355
2025-12-19,9:55:26.505855684,T,KO,I,1,70.355
2025-12-19,9:55:31.155490663,T,KO,I,1,70.355
2025-12-19,9:55:40.454252256,T,KO,I,1,70.355
2025-12-19,9:55:55.294123293,T,KO,F I,3,70.36
2025-12-19,9:55:55.294128158,T,KO,F I,97,70.36
2025-12-19,9:55:55.294128158,T,KO,F I,3,70.36
2025-12-19,9:55:55.294130843,T,KO,F I,3,70.36
2025-12-19,9:55:55.294133851,T,KO,F,100,70.36
2025-12-19,9:55:55.307654122,T,KO,F I,32,70.365
2025-12-19,9:56:01.375061126,T,KO,F I,20,70.36
2025-12-19,9:56:01.375061126,T,KO,F I,60,70.36
2025-12-19,9:56:01.375063669,T,KO,F I,10,70.36
2025-12-19,9:56:01.375066652,T,KO,F I,50,70.36
2025-12-19,9:56:03.425235431,T,KO,I,25,70.35
2025-12-19,9:56:12.880394232,T,KO,F I,20,70.35
2025-12-19,9:56:12.880396568,T,KO,F I,25,70.35
2025-12-19,9:56:12.880399812,T,KO,F,100,70.35
2025-12-19,9:56:12.894596620,T,KO,F,100,70.35
2025-12-19,9:56:12.894596620,T,KO,F I,29,70.35
2025-12-19,9:56:12.894599304,T,KO,F I,36,70.35
2025-12-19,9:56:22.460544098,T,KO,I,29,70.35
2025-12-19,9:56:22.460547063,T,KO,I,3,70.35
2025-12-19,9:56:22.461262816,T,KO,,100,70.355
2025-12-19,9:56:32.626014799,T,KO,,194,70.375
2025-12-19,9:56:33.795436979,T,KO,F I,25,70.37
2025-12-19,9:56:33.795439964,T,KO,F,100,70.37
2025-12-19,9:56:33.795439964,T,KO,F I,10,70.37
2025-12-19,9:56:40.573841866,T,KO,I,50,70.37
2025-12-19,9:56:40.890294562,T,KO,I,1,70.37
2025-12-19,9:57:04.138489916,T,KO,I,1,70.4
2025-12-19,9:57:09.739052537,T,KO,F I,11,70.39
2025-12-19,9:57:15.510289789,T,KO,I,7,70.39
2025-12-19,9:57:15.510292841,T,KO,I,1,70.39
2025-12-19,9:57:15.912169951,T,KO,I,24,70.39
2025-12-19,9:57:23.118824779,T,KO,F I,2,70.39
2025-12-19,9:57:24.620992394,T,KO,I,25,70.39
2025-12-19,9:57:25.776244825,T,KO,F I,10,70.4
2025-12-19,9:57:32.029770632,T,KO,I,1,70.4
2025-12-19,9:57:36.490273034,T,KO,F I,1,70.39
2025-12-19,9:57:36.490276868,T,KO,F I,5,70.39
2025-12-19,9:57:36.490279238,T,KO,F I,10,70.39
2025-12-19,9:57:41.326523372,T,KO,I,1,70.395
2025-12-19,9:58:01.270500440,T,KO,,242,70.39
2025-12-19,9:58:03.091481342,T,KO,I,50,70.39
2025-12-19,9:58:03.132709514,T,KO,I,25,70.39
2025-12-19,9:58:03.393580853,T,KO,I,25,70.39
2025-12-19,9:58:03.471294944,T,KO,I,50,70.39
2025-12-19,9:58:03.658995936,T,KO,I,25,70.39
2025-12-19,9:58:04.570665300,T,KO,I,1,70.39
2025-12-19,9:58:16.409681883,T,KO,,100,70.39
2025-12-19,9:58:18.737375990,T,KO,F I,51,70.39
2025-12-19,9:58:18.737375990,T,KO,F I,10,70.39
2025-12-19,9:58:25.366649351,T,KO,F I,10,70.38
2025-12-19,9:58:25.366656124,T,KO,F I,7,70.38
2025-12-19,9:58:25.366656124,T,KO,F I,7,70.38
2025-12-19,9:58:25.366661369,T,KO,F I,7,70.38
2025-12-19,9:58:26.366738239,T,KO,F I,57,70.37
2025-12-19,9:58:31.763252904,T,KO,I,1,70.365
2025-12-19,9:58:31.819940859,T,KO,F,100,70.37
2025-12-19,9:58:31.819940859,T,KO,F,100,70.37
2025-12-19,9:58:33.627082834,T,KO,F,100,70.38
2025-12-19,9:58:33.627101025,T,KO,I,25,70.37
2025-12-19,9:58:33.627101025,T,KO,,100,70.37
2025-12-19,9:58:33.627705409,T,KO,,100,70.37
2025-12-19,9:58:45.993239819,T,KO,,100,70.375
2025-12-19,9:58:45.993243542,T,KO,I,11,70.37
2025-12-19,9:58:45.993243542,T,KO,I,25,70.37
2025-12-19,9:58:45.993245774,T,KO,I,10,70.37
2025-12-19,9:58:45.993263857,T,KO,I,90,70.37
2025-12-19,9:58:45.993267645,T,KO,I,10,70.37
2025-12-19,9:58:45.993288296,T,KO,I,1,70.37
2025-12-19,9:58:45.993288296,T,KO,I,24,70.37
2025-12-19,9:58:51.140590053,T,KO,F I,25,70.36
2025-12-19,9:58:51.140593051,T,KO,F I,25,70.36
2025-12-19,9:59:03.295265574,T,KO,F I,25,70.38
2025-12-19,9:59:14.303051424,T,KO,I,1,70.38
2025-12-19,9:59:25.480393070,T,KO,,100,70.38
2025-12-19,9:59:25.693730490,T,KO,I,10,70.38
2025-12-19,9:59:25.693733261,T,KO,I,25,70.38
2025-12-19,9:59:26.120145802,T,KO,I,25,70.39
2025-12-19,9:59:26.120149357,T,KO,I,1,70.39
2025-12-19,9:59:26.120151824,T,KO,,100,70.39
