DATE,TIME_M,EX,SYM_ROOT,TR_SCOND,SIZE,PRICE
2025-11-11,9:30:01.171497516,T,KO,F I,5,70.87
2025-11-11,9:30:01.171512618,T,KO,Q,5,70.87
2025-11-11,9:30:02.753343069,T,KO,I,1,70.96
2025-11-11,9:30:06.238698159,T,KO,I,10,70.96
2025-11-11,9:30:06.670848417,T,KO,I,1,70.93
2025-11-11,9:30:06.672824104,T,KO,I,10,70.91
2025-11-11,9:30:06.693195511,T,KO,,100,70.98
2025-11-11,9:30:06.693195511,T,KO,,100,70.98
2025-11-11,9:30:06.693197616,T,KO,I,14,70.98
2025-11-11,9:30:06.693507397,T,KO,F,100,70.98
2025-11-11,9:30:06.693899333,T,KO,F I,6,70.99
2025-11-11,9:30:06.693904554,T,KO,F,100,70.99
2025-11-11,9:30:06.693907783,T,KO,F,100,70.99
2025-11-11,9:30:06.693931723,T,KO,F I,99,70.98
2025-11-11,9:30:06.693931723,T,KO,F I,1,70.99
2025-11-11,9:30:06.693947017,T,KO,I,99,70.99
2025-11-11,9:30:06.693947017,T,KO,I,1,70.99
2025-11-11,9:30:06.693967485,T,KO,F I,99,70.99
2025-11-11,9:30:06.694172918,T,KO,F I,2,71.0
2025-11-11,9:30:06.694178611,T,KO,F I,2,71.0
2025-11-11,9:30:06.694178611,T,KO,F I,10,71.0
2025-11-11,9:30:06.694183919,T,KO,F,100,71.0
2025-11-11,9:30:06.694183919,T,KO,F I,7,71.0
2025-11-11,9:30:06.694183919,T,KO,F I,18,71.0
2025-11-11,9:30:06.694187120,T,KO,F I,22,71.0
2025-11-11,9:30:06.694187120,T,KO,F I,15,71.0
2025-11-11,9:30:06.694190289,T,KO,F,378,71.0
2025-11-11,9:30:06.694190289,T,KO,F I,76,71.0
2025-11-11,9:30:06.694382483,T,KO,F,228,71.0
2025-11-11,9:30:06.694406467,T,KO,F I,38,71.0
2025-11-11,9:30:06.694413579,T,KO,F,280,71.0
2025-11-11,9:30:06.694416005,T,KO,F I,1,71.0
2025-11-11,9:30:06.694419574,T,KO,F I,40,71.0
2025-11-11,9:30:06.694419574,T,KO,F I,1,71.0
2025-11-11,9:30:06.694424525,T,KO,F I,98,71.0
2025-11-11,9:30:06.694424525,T,KO,F I,1,71.0
2025-11-11,9:30:06.694515432,T,KO,F I,1,71.0
2025-11-11,9:30:06.694521085,T,KO,F I,4,71.0
2025-11-11,9:30:06.694523732,T,KO,F I,6,71.0
2025-11-11,9:30:06.694527392,T,KO,F I,17,71.0
2025-11-11,9:30:06.694533094,T,KO,F I,2,71.0
2025-11-11,9:30:06.694537061,T,KO,F I,26,71.0
2025-11-11,9:30:06.694942743,T,KO,F I,33,71.0
2025-11-11,9:30:06.694945089,T,KO,F,100,70.99
2025-11-11,9:30:06.694951933,T,KO,I,62,70.99
2025-11-11,9:30:06.694951933,T,KO,,100,70.99
2025-11-11,9:30:06.694958067,T,KO,,100,70.98
2025-11-11,9:30:06.694958067,T,KO,I,50,70.98
2025-11-11,9:30:06.695101262,T,KO,I,17,70.99
2025-11-11,9:30:06.695101262,T,KO,I,83,70.99
2025-11-11,9:30:06.695179269,T,KO,F I,33,71.0
2025-11-11,9:30:06.695233518,T,KO,F,100,70.99
2025-11-11,9:30:06.695380837,T,KO,F,100,71.0
2025-11-11,9:30:06.695507076,T,KO,F,100,71.0
2025-11-11,9:30:06.695888984,T,KO,,120,70.99
2025-11-11,9:30:06.696538559,T,KO,F I,80,70.995
2025-11-11,9:30:06.696541571,T,KO,F I,20,71.0
2025-11-11,9:30:06.696553544,T,KO,F I,80,71.0
2025-11-11,9:30:06.696556860,T,KO,F I,20,71.0
2025-11-11,9:30:06.696559570,T,KO,I,80,71.0
2025-11-11,9:30:06.696944639,T,KO,F,100,71.01
2025-11-11,9:30:06.697182109,T,KO,F,100,71.01
2025-11-11,9:30:06.702799500,T,KO,F I,71,70.99
2025-11-11,9:30:06.702823497,T,KO,I,1,70.99
2025-11-11,9:30:06.724147314,T,KO,F I,50,70.98
2025-11-11,9:30:06.724147314,T,KO,F,100,70.98
2025-11-11,9:30:06.731487837,T,KO,,100,70.96
2025-11-11,9:30:06.731893775,T,KO,,100,70.96
2025-11-11,9:30:06.731917864,T,KO,I,50,70.97
2025-11-11,9:30:06.731920879,T,KO,,100,70.97
2025-11-11,9:30:06.731941930,T,KO,F,100,70.96
2025-11-11,9:30:06.731944960,T,KO,F,100,70.96
2025-11-11,9:30:06.731990039,T,KO,F,100,70.97
2025-11-11,9:30:06.732158369,T,KO,,100,70.97
2025-11-11,9:30:06.732161405,T,KO,I,50,70.97
2025-11-11,9:30:06.732504223,T,KO,I,7,70.96
2025-11-11,9:30:06.732507507,T,KO,I,1,70.96
2025-11-11,9:30:06.732510337,T,KO,I,50,70.96
2025-11-11,9:30:06.732510337,T,KO,,100,70.96
2025-11-11,9:30:06.732513269,T,KO,I,50,70.97
2025-11-11,9:30:06.732612902,T,KO,I,1,70.97
2025-11-11,9:30:06.732615516,T,KO,,100,70.97
2025-11-11,9:30:06.732618707,T,KO,I,50,70.97
2025-11-11,9:30:06.733571845,T,KO,I,50,70.97
2025-11-11,9:30:06.733704114,T,KO,F I,50,70.97
2025-11-11,9:30:06.733794250,T,KO,F I,50,70.97
2025-11-11,9:30:06.733857393,T,KO,F I,50,70.97
2025-11-11,9:30:06.733932579,T,KO,F I,50,70.97
2025-11-11,9:30:06.734230326,T,KO,,100,70.97
2025-11-11,9:30:06.734230326,T,KO,I,50,70.97
2025-11-11,9:30:06.734387037,T,KO,I,50,70.98
2025-11-11,9:30:06.734387037,T,KO,,100,70.98
2025-11-11,9:30:06.734471575,T,KO,I,72,70.98
2025-11-11,9:30:06.734471575,T,KO,I,50,70.98
2025-11-11,9:30:06.734558158,T,KO,F,100,70.98
2025-11-11,9:30:06.734561145,T,KO,F I,50,70.98
2025-11-11,9:30:06.736380470,T,KO,I,50,70.98
2025-11-11,9:30:06.736584988,T,KO,F I,50,70.98
2025-11-11,9:30:06.736729321,T,KO,I,50,70.985
2025-11-11,9:30:06.737703650,T,KO,F I,50,70.99
2025-11-11,9:30:06.752784500,T,KO,,100,70.99
2025-11-11,9:30:06.752817612,T,KO,,100,70.98
2025-11-11,9:30:06.752820739,T,KO,I,50,70.98
2025-11-11,9:30:06.752820739,T,KO,,300,70.98
2025-11-11,9:30:06.752898787,T,KO,F I,1,70.99
2025-11-11,9:30:06.752910877,T,KO,F I,50,70.99
2025-11-11,9:30:06.752922862,T,KO,I,50,70.99
2025-11-11,9:30:06.763811809,T,KO,I,1,70.99
2025-11-11,9:30:06.766380159,T,KO,,100,70.99
2025-11-11,9:30:06.766380159,T,KO,I,50,70.99
2025-11-11,9:30:06.767288122,T,KO,I,62,70.99
2025-11-11,9:30:06.771816912,T,KO,,150,70.985
2025-11-11,9:30:06.771874003,T,KO,F I,50,70.99
2025-11-11,9:30:06.771877044,T,KO,F,100,71.0
2025-11-11,9:30:06.771901563,T,KO,F I,50,71.0
2025-11-11,9:30:06.771958159,T,KO,F I,50,71.0
2025-11-11,9:30:06.772129781,T,KO,I,33,70.99
2025-11-11,9:30:06.772129781,T,KO,I,50,70.99
2025-11-11,9:30:06.772129781,T,KO,,100,70.99
2025-11-11,9:30:06.772331135,T,KO,,100,70.99
2025-11-11,9:30:06.772334092,T,KO,I,50,70.99
2025-11-11,9:30:06.784389848,T,KO,,100,70.98
2025-11-11,9:30:06.798806224,T,KO,,200,70.98
2025-11-11,9:30:06.798806224,T,KO,,100,70.97
2025-11-11,9:30:06.798809190,T,KO,,100,70.97
2025-11-11,9:30:06.798812162,T,KO,,100,70.97
2025-11-11,9:30:06.798812162,T,KO,,100,70.97
2025-11-11,9:30:06.799293316,T,KO,F,100,70.96
2025-11-11,9:30:06.799305438,T,KO,,100,70.95
2025-11-11,9:30:06.799305438,T,KO,I,50,70.95
2025-11-11,9:30:06.806390165,T,KO,,100,70.94
2025-11-11,9:30:06.819230819,T,KO,I,49,70.915
2025-11-11,9:30:06.819306463,T,KO,F I,50,70.93
2025-11-11,9:30:06.819308985,T,KO,F,100,70.93
2025-11-11,9:30:06.819402673,T,KO,F I,50,70.94
2025-11-11,9:30:06.819406411,T,KO,F,100,70.94
2025-11-11,9:30:06.858874215,T,KO,,200,70.95
2025-11-11,9:30:06.941011865,T,KO,,100,70.945
2025-11-11,9:30:06.952878240,T,KO,F I,50,70.93
2025-11-11,9:30:06.952878240,T,KO,F,100,70.93
2025-11-11,9:30:06.959977992,T,KO,,100,70.92
2025-11-11,9:30:06.961653065,T,KO,F,100,70.91
2025-11-11,9:30:06.969228296,T,KO,,100,70.9
2025-11-11,9:30:06.969688166,T,KO,F,100,70.89
2025-11-11,9:30:07.813527952,T,KO,F,100,70.86
2025-11-11,9:30:07.813531016,T,KO,F,100,70.86
2025-11-11,9:30:08.022206941,T,KO,I,91,70.855
2025-11-11,9:30:08.022609968,T,KO,,100,70.855
2025-11-11,9:30:08.094108478,T,KO,F I,20,70.855
2025-11-11,9:30:08.094108478,T,KO,F I,50,70.88
2025-11-11,9:30:08.094111157,T,KO,F,100,70.88
2025-11-11,9:30:08.094114206,T,KO,F,100,70.88
2025-11-11,9:30:08.112878898,T,KO,F I,3,70.89
2025-11-11,9:30:08.112933006,T,KO,I,13,70.88
2025-11-11,9:30:08.114686272,T,KO,F,100,70.885
2025-11-11,9:30:08.114689272,T,KO,F I,13,70.89
2025-11-11,9:30:08.427894132,T,KO,I,50,70.87
2025-11-11,9:30:08.427894132,T,KO,I,6,70.87
2025-11-11,9:30:08.427921271,T,KO,F I,94,70.87
2025-11-11,9:30:08.427927254,T,KO,F I,94,70.87
2025-11-11,9:30:08.427933320,T,KO,I,6,70.87
2025-11-11,9:30:09.112330302,T,KO,F,100,70.91
2025-11-11,9:30:09.112333375,T,KO,F I,50,70.91
2025-11-11,9:30:09.112333375,T,KO,F,100,70.91
2025-11-11,9:30:09.112700167,T,KO,,100,70.91
2025-11-11,9:30:09.112703741,T,KO,,100,70.91
2025-11-11,9:30:09.112706337,T,KO,,100,70.91
2025-11-11,9:30:09.112706337,T,KO,I,62,70.91
2025-11-11,9:30:09.112721196,T,KO,I,1,70.91
2025-11-11,9:30:09.112733278,T,KO,,337,70.91
2025-11-11,9:30:09.114272995,T,KO,,100,70.91
2025-11-11,9:30:10.858959256,T,KO,F I,1,70.93
2025-11-11,9:30:10.859022510,T,KO,I,30,70.92
2025-11-11,9:30:13.198230827,T,KO,F,300,70.91
2025-11-11,9:30:13.198272865,T,KO,I,20,70.91
2025-11-11,9:30:13.198275919,T,KO,,100,70.9
2025-11-11,9:30:13.198279676,T,KO,,300,70.9
2025-11-11,9:30:13.224802147,T,KO,F,200,70.92
2025-11-11,9:30:13.246883809,T,KO,,100,70.9
2025-11-11,9:30:13.246887173,T,KO,,400,70.9
2025-11-11,9:30:13.246889735,T,KO,,100,70.9
2025-11-11,9:30:13.246892729,T,KO,,100,70.9
2025-11-11,9:30:16.704413539,T,KO,I,63,70.92
2025-11-11,9:30:16.704431574,T,KO,I,37,70.92
2025-11-11,9:30:16.704578994,T,KO,I,42,70.9
2025-11-11,9:30:17.111322012,T,KO,I,10,70.895
2025-11-11,9:30:17.111324654,T,KO,,100,70.895
2025-11-11,9:30:17.113159024,T,KO,,100,70.895
2025-11-11,9:30:17.426306913,T,KO,F I,42,70.92
2025-11-11,9:30:17.426306913,T,KO,F I,3,70.92
2025-11-11,9:30:17.426312946,T,KO,F I,47,70.92
2025-11-11,9:30:17.426430187,T,KO,F,100,70.92
2025-11-11,9:30:19.704418790,T,KO,,200,70.915
2025-11-11,9:30:20.531042506,T,KO,,200,70.915
2025-11-11,9:30:21.142930849,T,KO,,100,70.92
2025-11-11,9:30:21.156706638,T,KO,,200,70.92
2025-11-11,9:30:21.532698180,T,KO,I,46,70.92
2025-11-11,9:30:21.532987631,T,KO,F I,50,70.89
2025-11-11,9:30:21.532987631,T,KO,F,100,70.89
2025-11-11,9:30:21.533281527,T,KO,F,100,70.88
2025-11-11,9:30:21.533281527,T,KO,F,200,70.88
2025-11-11,9:30:21.775135651,T,KO,F,100,70.88
2025-11-11,9:30:22.463150302,T,KO,F,200,70.87
2025-11-11,9:30:22.463195410,T,KO,F,200,70.87
2025-11-11,9:30:22.995020988,T,KO,I,55,70.87
2025-11-11,9:30:25.145933048,T,KO,F I,45,70.87
2025-11-11,9:30:25.145935941,T,KO,F I,73,70.88
2025-11-11,9:30:25.145953915,T,KO,I,27,70.88
2025-11-11,9:30:25.146008022,T,KO,,107,70.88
2025-11-11,9:30:25.146266712,T,KO,,100,70.88
2025-11-11,9:30:25.146284705,T,KO,I,1,70.88
2025-11-11,9:30:25.146305820,T,KO,F I,6,70.88
2025-11-11,9:30:25.211903963,T,KO,I,82,70.89
2025-11-11,9:30:25.211907313,T,KO,,100,70.89
2025-11-11,9:30:25.211907313,T,KO,,118,70.89
2025-11-11,9:30:25.211925098,T,KO,I,64,70.89
2025-11-11,9:30:25.212072450,T,KO,F,100,70.9
2025-11-11,9:30:25.212072450,T,KO,F I,50,70.9
2025-11-11,9:30:25.212234828,T,KO,I,10,70.895
2025-11-11,9:30:25.212234828,T,KO,I,90,70.89
2025-11-11,9:30:25.212270861,T,KO,,100,70.9
2025-11-11,9:30:25.212472836,T,KO,F,100,70.9
2025-11-11,9:30:25.212475349,T,KO,F,100,70.9
2025-11-11,9:30:25.212511827,T,KO,,100,70.9
2025-11-11,9:30:25.212514670,T,KO,,100,70.9
2025-11-11,9:30:25.212517726,T,KO,I,2,70.9
2025-11-11,9:30:25.212523522,T,KO,F,100,70.9
2025-11-11,9:30:25.212523522,T,KO,F I,42,70.9
2025-11-11,9:30:25.212526491,T,KO,F I,58,70.91
2025-11-11,9:30:25.212560074,T,KO,F I,2,70.9
2025-11-11,9:30:25.212562915,T,KO,F I,40,70.9
2025-11-11,9:30:25.212565568,T,KO,F I,2,70.9
2025-11-11,9:30:25.212569045,T,KO,F I,2,70.9
2025-11-11,9:30:25.212571558,T,KO,F I,2,70.9
2025-11-11,9:30:25.212574624,T,KO,F I,54,70.9
2025-11-11,9:30:25.212613652,T,KO,F I,90,70.9
2025-11-11,9:30:25.212616741,T,KO,F,100,70.9
2025-11-11,9:30:25.212655738,T,KO,F I,42,70.91
2025-11-11,9:30:25.212706936,T,KO,F I,50,70.91
2025-11-11,9:30:25.212779034,T,KO,F,100,70.91
2025-11-11,9:30:25.213179050,T,KO,,100,70.91
2025-11-11,9:30:27.521425623,T,KO,,100,70.9
2025-11-11,9:30:27.764518568,T,KO,F,100,70.89
2025-11-11,9:30:28.764604535,T,KO,I,90,70.9
2025-11-11,9:30:28.764619470,T,KO,I,10,70.9
2025-11-11,9:30:28.764619470,T,KO,I,1,70.91
2025-11-11,9:30:28.764920384,T,KO,F,161,70.91
2025-11-11,9:30:28.764920384,T,KO,F,100,70.91
2025-11-11,9:30:28.764923254,T,KO,F I,25,70.91
2025-11-11,9:30:28.764944335,T,KO,I,16,70.91
2025-11-11,9:30:28.765142836,T,KO,I,14,70.9
2025-11-11,9:30:28.765146429,T,KO,,200,70.9
2025-11-11,9:30:28.765148732,T,KO,I,22,70.9
2025-11-11,9:30:28.765148732,T,KO,I,50,70.9
2025-11-11,9:30:28.765582004,T,KO,I,50,70.9
2025-11-11,9:30:28.765584833,T,KO,,100,70.9
2025-11-11,9:30:29.041961076,T,KO,,100,70.895
2025-11-11,9:30:29.041961076,T,KO,,134,70.9
2025-11-11,9:30:29.041985721,T,KO,I,66,70.9
2025-11-11,9:30:29.041985721,T,KO,I,22,70.9
2025-11-11,9:30:29.041988119,T,KO,,100,70.9
2025-11-11,9:30:29.042276764,T,KO,,100,70.9
2025-11-11,9:30:29.042294919,T,KO,I,1,70.9
2025-11-11,9:30:29.042303825,T,KO,I,1,70.9
2025-11-11,9:30:29.042309907,T,KO,I,56,70.9
2025-11-11,9:30:29.042339954,T,KO,F I,42,70.9
2025-11-11,9:30:29.044420870,T,KO,F,100,70.89
2025-11-11,9:30:29.046134991,T,KO,F,100,70.87
2025-11-11,9:30:29.773706080,T,KO,F I,8,70.88
2025-11-11,9:30:29.773706080,T,KO,F I,50,70.88
2025-11-11,9:30:29.773708896,T,KO,F,100,70.88
2025-11-11,9:30:29.773708896,T,KO,F,100,70.88
2025-11-11,9:30:29.774078772,T,KO,F,100,70.88
2025-11-11,9:30:29.774409496,T,KO,,100,70.88
2025-11-11,9:30:31.255091112,T,KO,F,200,70.88
2025-11-11,9:30:31.255136174,T,KO,F,100,70.88
2025-11-11,9:30:31.255139216,T,KO,F,100,70.88
2025-11-11,9:30:31.255157246,T,KO,I,1,70.88
2025-11-11,9:30:31.255193669,T,KO,F I,47,70.88
2025-11-11,9:30:31.255202966,T,KO,I,92,70.88
2025-11-11,9:30:31.255208396,T,KO,I,52,70.88
2025-11-11,9:30:31.255232445,T,KO,F I,1,70.88
2025-11-11,9:30:31.255331991,T,KO,,100,70.87
2025-11-11,9:30:31.255331991,T,KO,,100,70.87
2025-11-11,9:30:31.255334688,T,KO,I,50,70.87
2025-11-11,9:30:31.312503958,T,KO,I,1,70.88
2025-11-11,9:30:31.312503958,T,KO,I,48,70.88
2025-11-11,9:30:31.364464839,T,KO,I,52,70.88
2025-11-11,9:30:31.364464839,T,KO,I,52,70.88
2025-11-11,9:30:31.364951715,T,KO,F I,1,70.88
2025-11-11,9:30:31.364951715,T,KO,F I,99,70.88
2025-11-11,9:30:31.482204112,T,KO,F I,22,70.87
2025-11-11,9:30:31.482207072,T,KO,I,78,70.87
2025-11-11,9:30:31.482210035,T,KO,I,22,70.86
2025-11-11,9:30:31.482219018,T,KO,F I,78,70.86
2025-11-11,9:30:33.629140367,T,KO,F I,30,70.87
2025-11-11,9:30:33.629155409,T,KO,F I,70,70.87
2025-11-11,9:30:33.629188995,T,KO,F,100,70.88
2025-11-11,9:30:33.629191490,T,KO,F I,50,70.88
2025-11-11,9:30:33.629194501,T,KO,F,239,70.88
2025-11-11,9:30:33.629194501,T,KO,F,100,70.88
2025-11-11,9:30:33.629474167,T,KO,,100,70.88
2025-11-11,9:30:33.630175009,T,KO,I,87,70.89
2025-11-11,9:30:33.630175009,T,KO,,100,70.89
2025-11-11,9:30:33.630181042,T,KO,,100,70.89
2025-11-11,9:30:33.630181042,T,KO,,100,70.89
2025-11-11,9:30:33.630181042,T,KO,,220,70.89
2025-11-11,9:30:33.630250018,T,KO,I,12,70.89
2025-11-11,9:30:33.630277959,T,KO,I,29,70.89
2025-11-11,9:30:33.630280160,T,KO,I,56,70.89
2025-11-11,9:30:33.630852382,T,KO,,100,70.88
2025-11-11,9:30:33.630854495,T,KO,I,50,70.88
2025-11-11,9:30:33.630857505,T,KO,,100,70.88
2025-11-11,9:30:33.630857505,T,KO,,100,70.88
2025-11-11,9:30:33.631191276,T,KO,,100,70.88
2025-11-11,9:30:33.631191276,T,KO,I,1,70.88
2025-11-11,9:30:33.631236750,T,KO,F,100,70.88
2025-11-11,9:30:33.631239348,T,KO,F I,27,70.88
2025-11-11,9:30:33.631699594,T,KO,I,62,70.88
2025-11-11,9:30:34.647088789,T,KO,I,55,70.88
2025-11-11,9:30:34.647107461,T,KO,F I,2,70.88
2025-11-11,9:30:34.647107461,T,KO,F I,43,70.88
2025-11-11,9:30:34.647112937,T,KO,F,100,70.88
2025-11-11,9:30:34.647404654,T,KO,I,2,70.88
2025-11-11,9:30:34.647404654,T,KO,I,98,70.88
2025-11-11,9:30:34.647678300,T,KO,I,2,70.88
2025-11-11,9:30:35.372680946,T,KO,,100,70.89
2025-11-11,9:30:35.372680946,T,KO,,100,70.89
2025-11-11,9:30:35.372715030,T,KO,I,1,70.89
2025-11-11,9:30:35.372717068,T,KO,F I,82,70.89
2025-11-11,9:30:35.373592136,T,KO,F,276,70.9
2025-11-11,9:30:35.373592136,T,KO,F,100,70.9
2025-11-11,9:30:35.373809371,T,KO,,100,70.89
2025-11-11,9:30:35.373809371,T,KO,,200,70.89
2025-11-11,9:30:35.373813155,T,KO,I,22,70.89
2025-11-11,9:30:35.373813155,T,KO,I,62,70.89
2025-11-11,9:30:35.373817650,T,KO,I,50,70.89
2025-11-11,9:30:35.373817650,T,KO,,100,70.89
2025-11-11,9:30:35.373820647,T,KO,I,2,70.89
2025-11-11,9:30:35.373833387,T,KO,I,1,70.89
2025-11-11,9:30:35.373866287,T,KO,,100,70.89
2025-11-11,9:30:35.373866287,T,KO,,100,70.89
2025-11-11,9:30:35.373869053,T,KO,,100,70.89
2025-11-11,9:30:35.374055297,T,KO,F I,62,70.89
2025-11-11,9:30:35.374178544,T,KO,F I,38,70.89
2025-11-11,9:30:35.374182455,T,KO,F,100,70.89
2025-11-11,9:30:35.374182455,T,KO,F,100,70.89
2025-11-11,9:30:35.374184572,T,KO,F I,62,70.89
2025-11-11,9:30:35.374193536,T,KO,F I,38,70.89
2025-11-11,9:30:35.374250675,T,KO,I,4,70.89
2025-11-11,9:30:35.374250675,T,KO,I,96,70.89
2025-11-11,9:30:35.374434141,T,KO,,100,70.89
2025-11-11,9:30:36.360936878,T,KO,F I,28,70.89
2025-11-11,9:30:36.360936878,T,KO,F I,4,70.89
2025-11-11,9:30:36.360939697,T,KO,F,100,70.89
2025-11-11,9:30:36.361258461,T,KO,,100,70.89
2025-11-11,9:30:36.361736580,T,KO,F I,28,70.89
2025-11-11,9:30:36.939770274,T,KO,,148,70.89
2025-11-11,9:30:36.939773406,T,KO,,100,70.89
2025-11-11,9:30:36.939776339,T,KO,,100,70.89
2025-11-11,9:30:36.939776339,T,KO,I,52,70.89
2025-11-11,9:30:36.939788373,T,KO,I,1,70.89
2025-11-11,9:30:36.939800349,T,KO,I,1,70.89
2025-11-11,9:30:36.939821463,T,KO,I,56,70.89
2025-11-11,9:30:36.940440914,T,KO,I,51,70.89
2025-11-11,9:30:36.940443902,T,KO,,100,70.89
2025-11-11,9:30:37.535335799,T,KO,F,100,70.89
2025-11-11,9:30:37.535338760,T,KO,F I,2,70.89
2025-11-11,9:30:37.535341791,T,KO,I,1,70.89
2025-11-11,9:30:37.961420855,T,KO,,100,70.89
2025-11-11,9:30:37.961423685,T,KO,I,50,70.89
2025-11-11,9:30:37.961426574,T,KO,,148,70.89
2025-11-11,9:30:37.961426574,T,KO,,147,70.89
2025-11-11,9:30:37.961763435,T,KO,F,100,70.89
2025-11-11,9:30:38.013436301,T,KO,I,9,70.9
2025-11-11,9:30:38.013471565,T,KO,I,91,70.9
2025-11-11,9:30:38.013471565,T,KO,,109,70.9
2025-11-11,9:30:38.013803174,T,KO,,100,70.9
2025-11-11,9:30:38.248733962,T,KO,,100,70.9
2025-11-11,9:30:38.525025978,T,KO,F I,50,70.91
2025-11-11,9:30:38.525025978,T,KO,F,100,70.91
2025-11-11,9:30:38.525213219,T,KO,F I,25,70.92
2025-11-11,9:30:38.525213219,T,KO,F,203,70.92
2025-11-11,9:30:38.525216236,T,KO,F I,1,70.92
2025-11-11,9:30:38.525216236,T,KO,F I,71,70.92
2025-11-11,9:30:38.525218423,T,KO,F I,29,70.92
2025-11-11,9:30:38.723068684,T,KO,,151,70.93
2025-11-11,9:30:38.723074667,T,KO,,100,70.93
2025-11-11,9:30:40.241622418,T,KO,F,100,70.98
2025-11-11,9:30:40.242891458,T,KO,I,42,71.0
2025-11-11,9:30:40.242912471,T,KO,I,8,71.0
2025-11-11,9:30:41.406897702,T,KO,F,200,70.99
2025-11-11,9:30:41.406906763,T,KO,F,200,70.99
2025-11-11,9:30:42.172746703,T,KO,F,100,70.97
2025-11-11,9:30:42.172746703,T,KO,F,100,70.97
2025-11-11,9:30:42.174262389,T,KO,F,100,70.95
2025-11-11,9:30:50.860429504,T,KO,,100,70.94
2025-11-11,9:30:50.860432611,T,KO,,100,70.94
2025-11-11,9:30:50.860432611,T,KO,,100,70.94
2025-11-11,9:30:50.897011446,T,KO,F I,61,70.95
2025-11-11,9:30:58.340426545,T,KO,I,1,70.96
2025-11-11,9:30:58.340576846,T,KO,,100,70.96
2025-11-11,9:31:01.728503390,T,KO,F,100,70.92
2025-11-11,9:31:01.728791562,T,KO,F,100,70.9
2025-11-11,9:31:01.729720725,T,KO,F I,13,70.905
2025-11-11,9:31:01.733600026,T,KO,,100,70.91
2025-11-11,9:31:03.013511312,T,KO,F,100,70.89
2025-11-11,9:31:07.720808754,T,KO,,100,70.88
2025-11-11,9:31:07.749446046,T,KO,,100,70.88
2025-11-11,9:31:07.749728575,T,KO,F,100,70.87
2025-11-11,9:31:10.043591891,T,KO,I,1,70.85
2025-11-11,9:31:10.043594930,T,KO,,109,70.85
2025-11-11,9:31:10.043610487,T,KO,I,1,70.85
2025-11-11,9:31:10.043622313,T,KO,I,90,70.85
2025-11-11,9:31:10.043622313,T,KO,I,25,70.85
2025-11-11,9:31:10.043628102,T,KO,I,1,70.85
2025-11-11,9:31:10.043631022,T,KO,F I,99,70.85
2025-11-11,9:31:10.391812296,T,KO,I,3,70.86
2025-11-11,9:31:18.395239745,T,KO,I,13,70.84
2025-11-11,9:31:18.395245112,T,KO,,100,70.84
2025-11-11,9:31:18.395245112,T,KO,I,38,70.84
2025-11-11,9:31:18.395278497,T,KO,,102,70.85
2025-11-11,9:31:18.745756992,T,KO,F I,20,70.85
2025-11-11,9:31:18.745756992,T,KO,F I,7,70.85
2025-11-11,9:31:18.745759932,T,KO,F I,23,70.85
2025-11-11,9:31:18.745763234,T,KO,F,100,70.85
2025-11-11,9:31:18.745766341,T,KO,F I,2,70.85
2025-11-11,9:31:18.745766341,T,KO,F I,5,70.85
2025-11-11,9:31:18.745775361,T,KO,I,1,70.85
2025-11-11,9:31:18.745778710,T,KO,I,65,70.85
2025-11-11,9:31:18.745778710,T,KO,I,5,70.85
2025-11-11,9:31:18.745780979,T,KO,I,74,70.85
2025-11-11,9:31:18.745787053,T,KO,I,1,70.85
2025-11-11,9:31:18.745787053,T,KO,I,3,70.85
2025-11-11,9:31:18.745793206,T,KO,I,2,70.85
2025-11-11,9:31:18.745793206,T,KO,I,9,70.85
2025-11-11,9:31:18.745796776,T,KO,I,3,70.85
2025-11-11,9:31:19.738914382,T,KO,I,50,70.88
2025-11-11,9:31:19.739560850,T,KO,I,50,70.88
2025-11-11,9:31:26.525291958,T,KO,F,100,70.87
2025-11-11,9:31:26.525291958,T,KO,F,100,70.87
2025-11-11,9:31:26.525751639,T,KO,F,100,70.86
2025-11-11,9:31:28.390084046,T,KO,,100,70.85
2025-11-11,9:31:30.100723130,T,KO,F,100,70.86
2025-11-11,9:31:30.100744258,T,KO,I,1,70.86
2025-11-11,9:31:30.102136797,T,KO,F I,33,70.88
2025-11-11,9:31:30.102136797,T,KO,F,100,70.88
2025-11-11,9:31:30.365954832,T,KO,I,58,70.89
2025-11-11,9:31:30.365973728,T,KO,I,5,70.89
2025-11-11,9:31:30.365973728,T,KO,,100,70.89
2025-11-11,9:31:30.365976233,T,KO,I,57,70.89
2025-11-11,9:31:30.365978887,T,KO,I,1,70.89
2025-11-11,9:31:30.365994466,T,KO,I,1,70.89
2025-11-11,9:31:30.366006032,T,KO,F I,99,70.89
2025-11-11,9:31:30.366006032,T,KO,F,142,70.89
2025-11-11,9:31:31.128243446,T,KO,I,10,70.895
2025-11-11,9:31:31.128243446,T,KO,,195,70.89
2025-11-11,9:31:31.128261557,T,KO,I,1,70.89
2025-11-11,9:31:31.128270594,T,KO,F,204,70.89
2025-11-11,9:31:31.128273569,T,KO,F,100,70.89
2025-11-11,9:31:31.475209861,T,KO,F I,45,70.9
2025-11-11,9:31:31.475212912,T,KO,F I,24,70.9
2025-11-11,9:31:31.475224998,T,KO,I,45,70.9
2025-11-11,9:31:31.475423341,T,KO,F I,31,70.9
2025-11-11,9:31:32.178422944,T,KO,I,46,70.91
2025-11-11,9:31:32.178438237,T,KO,I,6,70.91
2025-11-11,9:31:34.427996990,T,KO,F I,2,70.9
2025-11-11,9:31:34.428002486,T,KO,F,100,70.9
2025-11-11,9:31:34.428002486,T,KO,F I,50,70.9
2025-11-11,9:31:34.428005835,T,KO,F I,25,70.9
2025-11-11,9:31:34.428005835,T,KO,F I,42,70.9
2025-11-11,9:31:34.428008651,T,KO,F,100,70.9
2025-11-11,9:31:34.428011466,T,KO,F I,2,70.9
2025-11-11,9:31:37.121135646,T,KO,I,2,70.9
2025-11-11,9:31:37.331162317,T,KO,F I,2,70.91
2025-11-11,9:31:37.331164898,T,KO,F I,2,70.91
2025-11-11,9:31:37.331198028,T,KO,F I,2,70.91
2025-11-11,9:31:37.331261114,T,KO,,100,70.92
2025-11-11,9:31:37.331823451,T,KO,I,92,70.92
2025-11-11,9:31:37.331922752,T,KO,F,100,70.91
2025-11-11,9:31:37.332281232,T,KO,I,17,70.92
2025-11-11,9:31:37.332283646,T,KO,,100,70.92
2025-11-11,9:31:37.332289664,T,KO,,100,70.92
2025-11-11,9:31:37.332289664,T,KO,I,6,70.92
2025-11-11,9:31:37.332292915,T,KO,I,16,70.92
2025-11-11,9:31:37.332295798,T,KO,I,50,70.92
2025-11-11,9:31:37.332295798,T,KO,I,11,70.92
2025-11-11,9:31:37.332305039,T,KO,I,39,70.92
2025-11-11,9:31:37.332305039,T,KO,I,25,70.92
2025-11-11,9:31:37.344721674,T,KO,F,100,70.91
2025-11-11,9:31:37.344721674,T,KO,F,100,70.91
2025-11-11,9:31:37.344724221,T,KO,F I,72,70.91
2025-11-11,9:31:37.344727183,T,KO,F I,28,70.91
2025-11-11,9:31:37.344730267,T,KO,F I,41,70.91
2025-11-11,9:31:37.344940792,T,KO,,100,70.915
2025-11-11,9:31:37.344943786,T,KO,I,75,70.92
2025-11-11,9:31:37.344970828,T,KO,I,1,70.92
2025-11-11,9:31:38.909768634,T,KO,F I,23,70.91
2025-11-11,9:31:38.909786773,T,KO,F I,77,70.91
2025-11-11,9:31:38.921400520,T,KO,,100,70.91
2025-11-11,9:31:39.498186201,T,KO,,100,70.91
2025-11-11,9:31:40.208748602,T,KO,F,100,70.92
2025-11-11,9:31:58.226566667,T,KO,I,49,70.93
2025-11-11,9:31:58.390114239,T,KO,I,20,70.94
2025-11-11,9:31:58.390114239,T,KO,I,51,70.94
2025-11-11,9:31:58.390700625,T,KO,I,39,70.95
2025-11-11,9:31:58.390703652,T,KO,,100,70.95
2025-11-11,9:31:58.390721703,T,KO,I,1,70.95
2025-11-11,9:31:58.390748856,T,KO,F I,99,70.95
2025-11-11,9:31:58.390748856,T,KO,F I,1,70.95
2025-11-11,9:31:58.390751998,T,KO,I,99,70.95
2025-11-11,9:31:58.390754770,T,KO,I,1,70.95
2025-11-11,9:31:58.390763868,T,KO,I,99,70.95
2025-11-11,9:31:58.391720803,T,KO,I,50,70.96
2025-11-11,9:31:58.391723048,T,KO,I,50,70.96
2025-11-11,9:31:58.391750105,T,KO,I,1,70.96
2025-11-11,9:31:58.394877536,T,KO,I,23,70.96
2025-11-11,9:31:58.395972155,T,KO,I,50,70.97
2025-11-11,9:31:58.395975142,T,KO,I,3,70.97
2025-11-11,9:31:58.512755340,T,KO,F I,1,70.97
2025-11-11,9:31:58.518842013,T,KO,F I,31,70.97
2025-11-11,9:31:58.518844814,T,KO,F,100,70.97
2025-11-11,9:31:58.518953106,T,KO,F I,45,70.97
2025-11-11,9:31:58.519109976,T,KO,F I,40,70.97
2025-11-11,9:31:58.529574405,T,KO,F,100,70.97
2025-11-11,9:31:58.531637277,T,KO,F,100,70.96
2025-11-11,9:31:58.532398065,T,KO,F I,48,70.96
2025-11-11,9:31:58.533041622,T,KO,F,100,70.96
2025-11-11,9:31:58.536184153,T,KO,F I,15,70.97
2025-11-11,9:31:58.536184153,T,KO,F I,25,70.98
2025-11-11,9:31:58.537976538,T,KO,F,100,70.97
2025-11-11,9:31:58.590749090,T,KO,F,100,70.97
2025-11-11,9:31:58.590803265,T,KO,F I,1,70.97
2025-11-11,9:31:58.592977456,T,KO,F I,1,70.97
2025-11-11,9:31:58.686659592,T,KO,F,200,70.96
2025-11-11,9:31:58.686662802,T,KO,F I,25,70.96
2025-11-11,9:31:58.686666238,T,KO,F I,49,70.96
2025-11-11,9:31:58.686666238,T,KO,F,100,70.96
2025-11-11,9:31:58.686668588,T,KO,F I,50,70.96
2025-11-11,9:31:58.686773733,T,KO,F,100,70.96
2025-11-11,9:31:58.686791889,T,KO,F,100,70.96
2025-11-11,9:32:00.407923138,T,KO,F,200,70.95
2025-11-11,9:32:00.408341142,T,KO,F,200,70.95
2025-11-11,9:32:00.848529514,T,KO,F I,25,70.93
2025-11-11,9:32:00.848532518,T,KO,F I,1,70.93
2025-11-11,9:32:00.848535514,T,KO,F,100,70.93
2025-11-11,9:32:00.848553812,T,KO,F I,25,70.92
2025-11-11,9:32:00.848556627,T,KO,F I,50,70.92
2025-11-11,9:32:00.848560003,T,KO,F,100,70.92
2025-11-11,9:32:00.848560003,T,KO,F I,30,70.92
2025-11-11,9:32:09.160034220,T,KO,F,100,70.91
2025-11-11,9:32:09.160034220,T,KO,F I,2,70.91
2025-11-11,9:32:09.160043039,T,KO,F,102,70.91
2025-11-11,9:32:09.160073033,T,KO,F I,98,70.91
2025-11-11,9:32:09.176874139,T,KO,F,100,70.89
2025-11-11,9:32:09.177316118,T,KO,F,100,70.87
2025-11-11,9:32:09.177316118,T,KO,F I,50,70.87
2025-11-11,9:32:09.177448469,T,KO,F,100,70.87
2025-11-11,9:32:09.177725083,T,KO,,100,70.88
2025-11-11,9:32:09.177728109,T,KO,I,39,70.88
2025-11-11,9:32:09.177728109,T,KO,I,50,70.88
2025-11-11,9:32:09.177731113,T,KO,,100,70.88
2025-11-11,9:32:09.178233299,T,KO,,100,70.88
2025-11-11,9:32:09.182425334,T,KO,F I,48,70.88
2025-11-11,9:32:09.192171585,T,KO,I,6,70.87
2025-11-11,9:32:09.192195878,T,KO,F I,94,70.87
2025-11-11,9:32:09.192195878,T,KO,F I,39,70.87
2025-11-11,9:32:09.192198802,T,KO,F,300,70.87
2025-11-11,9:32:09.192198802,T,KO,F I,48,70.87
2025-11-11,9:32:09.247584727,T,KO,,100,70.85
2025-11-11,9:32:09.247588112,T,KO,I,50,70.85
2025-11-11,9:32:09.247590832,T,KO,I,25,70.85
2025-11-11,9:32:09.247590832,T,KO,,200,70.85
2025-11-11,9:32:09.249004658,T,KO,F,100,70.84
2025-11-11,9:32:09.249539185,T,KO,,100,70.83
2025-11-11,9:32:09.249942119,T,KO,F I,13,70.82
2025-11-11,9:32:09.250525516,T,KO,,100,70.82
2025-11-11,9:32:09.250630778,T,KO,F,100,70.82
2025-11-11,9:32:09.451124405,T,KO,F,103,70.81
2025-11-11,9:32:09.451124405,T,KO,F,200,70.81
2025-11-11,9:32:09.874214175,T,KO,F,300,70.79
2025-11-11,9:32:09.874845617,T,KO,I,25,70.79
2025-11-11,9:32:09.874893797,T,KO,F,100,70.79
2025-11-11,9:32:09.874896836,T,KO,F I,1,70.79
2025-11-11,9:32:09.874896836,T,KO,F,100,70.79
2025-11-11,9:32:09.874899701,T,KO,F,100,70.79
2025-11-11,9:32:09.874902786,T,KO,F I,7,70.79
2025-11-11,9:32:09.874902786,T,KO,F I,1,70.79
2025-11-11,9:32:09.874906379,T,KO,F I,3,70.79
2025-11-11,9:32:09.874909225,T,KO,F I,1,70.79
2025-11-11,9:32:09.874911765,T,KO,F I,1,70.79
2025-11-11,9:32:09.874914749,T,KO,I,86,70.79
2025-11-11,9:32:09.874938883,T,KO,,100,70.79
2025-11-11,9:32:09.875654589,T,KO,F,100,70.8
2025-11-11,9:32:09.875657594,T,KO,F I,39,70.8
2025-11-11,9:32:09.875657594,T,KO,F I,25,70.8
2025-11-11,9:32:11.776568831,T,KO,I,43,70.81
2025-11-11,9:32:11.776571809,T,KO,,100,70.81
2025-11-11,9:32:11.776577966,T,KO,,100,70.81
2025-11-11,9:32:11.776577966,T,KO,,100,70.81
2025-11-11,9:32:13.455840898,T,KO,I,10,70.815
2025-11-11,9:32:13.455843344,T,KO,I,9,70.81
2025-11-11,9:32:14.827199478,T,KO,I,25,70.81
2025-11-11,9:32:18.007201357,T,KO,I,19,70.815
2025-11-11,9:32:18.871535703,T,KO,,100,70.8
2025-11-11,9:32:18.871535703,T,KO,,100,70.79
2025-11-11,9:32:18.871538923,T,KO,I,25,70.79
2025-11-11,9:32:18.871544004,T,KO,I,2,70.79
2025-11-11,9:32:18.871544004,T,KO,,200,70.79
2025-11-11,9:32:18.871547954,T,KO,,100,70.79
2025-11-11,9:32:19.439464954,T,KO,,100,70.77
2025-11-11,9:32:19.439464954,T,KO,I,25,70.77
2025-11-11,9:32:19.441043310,T,KO,,100,70.75
2025-11-11,9:32:21.556864677,T,KO,,100,70.76
2025-11-11,9:32:21.556867785,T,KO,,100,70.75
2025-11-11,9:32:21.556885604,T,KO,I,1,70.75
2025-11-11,9:32:21.557138252,T,KO,F I,50,70.76
2025-11-11,9:32:21.574997763,T,KO,F I,50,70.78
2025-11-11,9:32:21.575764601,T,KO,F I,25,70.8
2025-11-11,9:32:21.575767515,T,KO,F I,50,70.8
2025-11-11,9:32:21.575770519,T,KO,F I,75,70.8
2025-11-11,9:32:21.576230651,T,KO,F I,15,70.81
2025-11-11,9:32:22.750467893,T,KO,I,23,70.84
2025-11-11,9:32:22.750470326,T,KO,I,50,70.84
2025-11-11,9:32:22.750849287,T,KO,F I,7,70.85
2025-11-11,9:32:22.750852777,T,KO,F I,50,70.85
2025-11-11,9:32:22.751083830,T,KO,I,40,70.86
2025-11-11,9:32:22.751090350,T,KO,I,82,70.86
2025-11-11,9:32:22.751090350,T,KO,I,25,70.86
2025-11-11,9:32:22.751093083,T,KO,F,100,70.85
2025-11-11,9:32:22.751095890,T,KO,F,100,70.85
2025-11-11,9:32:22.751107913,T,KO,F,357,70.85
2025-11-11,9:32:22.751114464,T,KO,I,1,70.85
2025-11-11,9:32:22.751128978,T,KO,,536,70.85
2025-11-11,9:32:22.751186022,T,KO,,100,70.85
2025-11-11,9:32:22.751568165,T,KO,,100,70.86
2025-11-11,9:32:22.751571752,T,KO,,200,70.86
2025-11-11,9:32:22.751571752,T,KO,I,42,70.86
2025-11-11,9:32:22.751573945,T,KO,I,1,70.86
2025-11-11,9:32:22.752352837,T,KO,F I,69,70.85
2025-11-11,9:32:22.752379903,T,KO,I,1,70.85
2025-11-11,9:32:22.758484402,T,KO,F I,49,70.86
2025-11-11,9:32:22.758488386,T,KO,F I,23,70.86
2025-11-11,9:32:22.758488386,T,KO,F I,45,70.86
2025-11-11,9:32:22.758490625,T,KO,F I,49,70.86
2025-11-11,9:32:22.758493433,T,KO,F I,62,70.86
2025-11-11,9:32:22.758493433,T,KO,F I,49,70.86
2025-11-11,9:32:22.758496516,T,KO,F,101,70.86
2025-11-11,9:32:22.758499859,T,KO,F I,39,70.86
2025-11-11,9:32:22.758499859,T,KO,F I,13,70.86
2025-11-11,9:32:22.758502486,T,KO,F I,88,70.86
2025-11-11,9:32:22.758755051,T,KO,I,64,70.87
2025-11-11,9:32:22.901399855,T,KO,I,17,70.87
2025-11-11,9:32:22.901402883,T,KO,,111,70.87
2025-11-11,9:32:22.901405817,T,KO,I,51,70.87
2025-11-11,9:32:22.901447988,T,KO,F I,1,70.87
2025-11-11,9:32:22.901452157,T,KO,F,100,70.87
2025-11-11,9:32:22.901452157,T,KO,F,100,70.87
2025-11-11,9:32:22.901453937,T,KO,F I,20,70.87
2025-11-11,9:32:23.117446918,T,KO,I,50,70.85
2025-11-11,9:32:23.117449361,T,KO,,100,70.85
2025-11-11,9:32:23.117452844,T,KO,I,25,70.85
2025-11-11,9:32:23.117455424,T,KO,,100,70.85
2025-11-11,9:32:23.117458928,T,KO,,190,70.85
2025-11-11,9:32:23.117458928,T,KO,,100,70.85
2025-11-11,9:32:23.145668598,T,KO,,200,70.835
2025-11-11,9:32:23.158849041,T,KO,,100,70.835
2025-11-11,9:32:23.171722705,T,KO,I,50,70.835
2025-11-11,9:32:23.172330051,T,KO,F I,50,70.835
2025-11-11,9:32:23.184641424,T,KO,,200,70.83
2025-11-11,9:32:23.208689732,T,KO,,200,70.83
2025-11-11,9:32:23.231201294,T,KO,,200,70.83
2025-11-11,9:32:23.254515864,T,KO,,200,70.83
2025-11-11,9:32:23.279460304,T,KO,,200,70.83
2025-11-11,9:32:23.301704274,T,KO,,200,70.83
2025-11-11,9:32:24.959826994,T,KO,I,25,70.81
2025-11-11,9:32:24.959829432,T,KO,,100,70.81
2025-11-11,9:32:24.959829432,T,KO,I,50,70.81
2025-11-11,9:32:28.585092696,T,KO,F,100,70.8
2025-11-11,9:32:28.585096220,T,KO,F I,17,70.8
2025-11-11,9:32:28.585098803,T,KO,F I,50,70.8
2025-11-11,9:32:28.585098803,T,KO,F I,25,70.8
2025-11-11,9:32:28.585113807,T,KO,I,1,70.8
2025-11-11,9:32:28.585116786,T,KO,I,4,70.8
2025-11-11,9:32:28.591921982,T,KO,I,50,70.81
2025-11-11,9:32:36.101193837,T,KO,I,90,70.83
2025-11-11,9:32:36.101196956,T,KO,I,25,70.83
2025-11-11,9:32:36.101196956,T,KO,I,2,70.83
2025-11-11,9:32:36.101199813,T,KO,,100,70.83
2025-11-11,9:32:36.101202861,T,KO,I,2,70.83
2025-11-11,9:32:36.101287485,T,KO,F,100,70.83
2025-11-11,9:32:36.102177162,T,KO,F I,71,70.82
2025-11-11,9:32:36.102177162,T,KO,F I,2,70.82
2025-11-11,9:32:36.102180146,T,KO,F,100,70.82
2025-11-11,9:32:38.014795494,T,KO,F I,2,70.8
2025-11-11,9:32:42.855517661,T,KO,F I,2,70.77
2025-11-11,9:32:42.855767214,T,KO,,100,70.76
2025-11-11,9:32:44.042694179,T,KO,,100,70.75
2025-11-11,9:32:44.164808968,T,KO,I,2,70.74
2025-11-11,9:32:44.164812086,T,KO,I,73,70.74
2025-11-11,9:32:44.164812086,T,KO,I,75,70.74
2025-11-11,9:32:44.164830102,T,KO,F I,89,70.74
2025-11-11,9:32:44.165416415,T,KO,I,39,70.75
2025-11-11,9:32:44.165416415,T,KO,I,25,70.75
2025-11-11,9:32:44.165419439,T,KO,,100,70.75
2025-11-11,9:32:44.165464553,T,KO,F,100,70.75
2025-11-11,9:32:48.254823224,T,KO,,100,70.75
2025-11-11,9:32:48.254826837,T,KO,I,39,70.75
2025-11-11,9:32:48.254826837,T,KO,I,50,70.75
2025-11-11,9:32:48.254829477,T,KO,,100,70.75
2025-11-11,9:32:48.254832314,T,KO,I,2,70.75
2025-11-11,9:32:48.254832314,T,KO,,100,70.75
2025-11-11,9:32:48.254847297,T,KO,I,1,70.75
2025-11-11,9:32:50.080928624,T,KO,F I,10,70.755
2025-11-11,9:32:50.080928624,T,KO,F,100,70.74
2025-11-11,9:32:51.124512982,T,KO,I,10,70.74
2025-11-11,9:32:55.166436672,T,KO,F I,50,70.73
2025-11-11,9:32:55.167074260,T,KO,I,2,70.73
2025-11-11,9:32:55.167167437,T,KO,I,11,70.73
2025-11-11,9:32:55.167195064,T,KO,F,100,70.74
2025-11-11,9:32:55.167195064,T,KO,F I,50,70.74
2025-11-11,9:32:55.167200668,T,KO,F I,39,70.74
2025-11-11,9:32:55.167200668,T,KO,F I,50,70.74
2025-11-11,9:32:55.167200668,T,KO,F I,25,70.74
2025-11-11,9:32:55.167230650,T,KO,I,11,70.74
2025-11-11,9:32:55.167308784,T,KO,I,89,70.74
2025-11-11,9:32:55.167308784,T,KO,I,11,70.73
2025-11-11,9:32:55.167314956,T,KO,,100,70.73
2025-11-11,9:32:55.167314956,T,KO,I,39,70.73
2025-11-11,9:32:55.167317750,T,KO,,100,70.73
2025-11-11,9:32:55.167320735,T,KO,,100,70.73
2025-11-11,9:32:55.167320735,T,KO,I,50,70.73
2025-11-11,9:32:55.167480754,T,KO,F I,50,70.74
2025-11-11,9:32:55.167874126,T,KO,F I,40,70.75
2025-11-11,9:32:55.168325581,T,KO,F,100,70.75
2025-11-11,9:32:55.168325581,T,KO,F I,50,70.75
2025-11-11,9:32:55.169392961,T,KO,F,100,70.75
2025-11-11,9:32:55.169398750,T,KO,F I,1,70.75
2025-11-11,9:32:55.169398750,T,KO,F I,27,70.75
2025-11-11,9:32:55.169422745,T,KO,,544,70.75
2025-11-11,9:32:55.169429089,T,KO,,100,70.75
2025-11-11,9:32:55.169429089,T,KO,I,2,70.75
2025-11-11,9:32:55.169431978,T,KO,,100,70.75
2025-11-11,9:32:55.188822020,T,KO,I,50,70.75
2025-11-11,9:32:55.189150737,T,KO,F I,50,70.76
2025-11-11,9:32:55.216668303,T,KO,F I,2,70.76
2025-11-11,9:32:55.217128413,T,KO,F,100,70.75
2025-11-11,9:32:55.217131435,T,KO,F I,36,70.75
2025-11-11,9:32:55.239667084,T,KO,I,50,70.74
2025-11-11,9:32:55.239667084,T,KO,I,36,70.74
2025-11-11,9:32:55.240942184,T,KO,F I,50,70.75
2025-11-11,9:32:57.167603935,T,KO,,100,70.74
2025-11-11,9:32:57.167606954,T,KO,,100,70.735
2025-11-11,9:32:59.344124743,T,KO,I,4,70.74
2025-11-11,9:32:59.344139738,T,KO,F I,46,70.74
2025-11-11,9:32:59.344663056,T,KO,I,50,70.75
2025-11-11,9:33:01.408141669,T,KO,F I,50,70.76
2025-11-11,9:33:01.847761701,T,KO,I,50,70.77
2025-11-11,9:33:02.507451847,T,KO,I,25,70.75
2025-11-11,9:33:02.507451847,T,KO,,100,70.75
2025-11-11,9:33:02.511331126,T,KO,F I,50,70.76
2025-11-11,9:33:02.511334388,T,KO,F I,50,70.76
2025-11-11,9:33:02.511334388,T,KO,F,100,70.76
2025-11-11,9:33:02.511337083,T,KO,F I,25,70.76
2025-11-11,9:33:02.512221169,T,KO,F,100,70.77
2025-11-11,9:33:02.512224293,T,KO,F I,36,70.77
2025-11-11,9:33:02.512227215,T,KO,F I,50,70.77
2025-11-11,9:33:02.558369104,T,KO,I,25,70.76
2025-11-11,9:33:02.558372420,T,KO,,100,70.76
2025-11-11,9:33:02.558375175,T,KO,,125,70.76
2025-11-11,9:33:02.558390140,T,KO,I,1,70.76
2025-11-11,9:33:02.558423287,T,KO,,100,70.76
2025-11-11,9:33:02.558426638,T,KO,I,1,70.76
2025-11-11,9:33:05.443744301,T,KO,F I,1,70.76
2025-11-11,9:33:05.443747450,T,KO,F,100,70.76
2025-11-11,9:33:05.443747450,T,KO,F I,45,70.76
2025-11-11,9:33:05.443795301,T,KO,,100,70.75
2025-11-11,9:33:05.443798320,T,KO,I,45,70.75
2025-11-11,9:33:07.267088915,T,KO,F I,50,70.76
2025-11-11,9:33:07.267100971,T,KO,F,200,70.76
2025-11-11,9:33:12.598679119,T,KO,I,10,70.775
2025-11-11,9:33:16.820289854,T,KO,I,1,70.78
2025-11-11,9:33:17.229284942,T,KO,I,40,70.79
2025-11-11,9:33:17.282223065,T,KO,F I,44,70.8
2025-11-11,9:33:17.282295707,T,KO,F,100,70.81
2025-11-11,9:33:17.282298340,T,KO,F I,35,70.81
2025-11-11,9:33:17.282319653,T,KO,I,1,70.81
2025-11-11,9:33:17.282490938,T,KO,F I,64,70.8
2025-11-11,9:33:17.282493613,T,KO,F,100,70.8
2025-11-11,9:33:17.282496690,T,KO,F I,1,70.8
2025-11-11,9:33:17.282954023,T,KO,F,106,70.8
2025-11-11,9:33:17.284559608,T,KO,F I,29,70.79
2025-11-11,9:33:17.285035359,T,KO,I,65,70.79
2025-11-11,9:33:17.285035359,T,KO,,294,70.79
2025-11-11,9:33:17.285040766,T,KO,,100,70.79
2025-11-11,9:33:17.285045388,T,KO,I,64,70.8
2025-11-11,9:33:17.285056675,T,KO,I,44,70.8
2025-11-11,9:33:17.285056675,T,KO,I,25,70.8
2025-11-11,9:33:17.285062470,T,KO,,100,70.8
2025-11-11,9:33:17.285065627,T,KO,I,33,70.8
2025-11-11,9:33:17.313223864,T,KO,I,59,70.8
2025-11-11,9:33:17.313242056,T,KO,F I,41,70.8
2025-11-11,9:33:18.025217617,T,KO,F I,1,70.8
2025-11-11,9:33:18.025217617,T,KO,F I,37,70.8
2025-11-11,9:33:18.025220657,T,KO,F,100,70.8
2025-11-11,9:33:21.787544321,T,KO,F I,2,70.79
2025-11-11,9:33:21.787544321,T,KO,F I,5,70.79
2025-11-11,9:33:21.790163651,T,KO,,190,70.79
2025-11-11,9:33:22.010242767,T,KO,I,10,70.79
2025-11-11,9:33:30.024194816,T,KO,,100,70.79
2025-11-11,9:33:30.024200642,T,KO,I,69,70.79
2025-11-11,9:33:30.024209656,T,KO,I,25,70.79
2025-11-11,9:33:30.025096851,T,KO,F I,57,70.8
2025-11-11,9:33:30.025096851,T,KO,F I,12,70.8
2025-11-11,9:33:30.027162725,T,KO,I,10,70.805
2025-11-11,9:33:36.703110924,T,KO,F,100,70.81
2025-11-11,9:33:36.703114135,T,KO,F I,25,70.81
2025-11-11,9:33:36.703114135,T,KO,F,100,70.81
2025-11-11,9:33:36.703117195,T,KO,F,100,70.81
2025-11-11,9:33:36.703117195,T,KO,F,100,70.81
2025-11-11,9:33:36.705598436,T,KO,I,53,70.8
2025-11-11,9:33:36.705601556,T,KO,,100,70.8
2025-11-11,9:33:36.705603801,T,KO,I,50,70.8
2025-11-11,9:33:36.705607016,T,KO,,100,70.8
2025-11-11,9:33:36.705607016,T,KO,I,25,70.8
2025-11-11,9:33:36.705607016,T,KO,,100,70.8
2025-11-11,9:33:36.705622386,T,KO,I,1,70.8
2025-11-11,9:33:40.688418801,T,KO,F I,53,70.81
2025-11-11,9:33:40.688418801,T,KO,F I,49,70.81
2025-11-11,9:33:40.688422153,T,KO,F I,49,70.81
2025-11-11,9:33:40.688424742,T,KO,F I,40,70.81
2025-11-11,9:33:40.688427723,T,KO,F I,13,70.81
2025-11-11,9:33:40.688431345,T,KO,F I,50,70.81
2025-11-11,9:33:40.688431345,T,KO,F I,1,70.81
2025-11-11,9:33:40.688433817,T,KO,F I,50,70.81
2025-11-11,9:33:40.690292267,T,KO,I,50,70.81
2025-11-11,9:33:40.690295615,T,KO,,100,70.81
2025-11-11,9:33:40.690295615,T,KO,I,25,70.81
2025-11-11,9:33:40.691389798,T,KO,,500,70.81
2025-11-11,9:33:40.692234827,T,KO,F I,50,70.81
2025-11-11,9:33:40.693022828,T,KO,F I,2,70.81
2025-11-11,9:33:40.964193567,T,KO,,100,70.8
2025-11-11,9:33:40.964196927,T,KO,I,50,70.8
2025-11-11,9:33:40.964196927,T,KO,,100,70.8
2025-11-11,9:33:40.964199565,T,KO,I,25,70.8
2025-11-11,9:33:42.476913471,T,KO,I,50,70.81
2025-11-11,9:33:42.479060667,T,KO,I,55,70.81
2025-11-11,9:33:42.479063997,T,KO,I,28,70.81
2025-11-11,9:33:42.479066661,T,KO,,100,70.81
2025-11-11,9:33:42.479066661,T,KO,I,25,70.81
2025-11-11,9:33:42.479069897,T,KO,I,17,70.81
2025-11-11,9:33:46.042361816,T,KO,F I,17,70.81
2025-11-11,9:33:46.042364332,T,KO,F I,37,70.81
2025-11-11,9:33:46.042367595,T,KO,F I,25,70.81
2025-11-11,9:33:46.042463537,T,KO,I,50,70.82
2025-11-11,9:33:46.042463537,T,KO,I,50,70.82
2025-11-11,9:33:46.042466551,T,KO,,100,70.82
2025-11-11,9:33:46.042478600,T,KO,F,100,70.82
2025-11-11,9:33:46.042484583,T,KO,I,1,70.82
2025-11-11,9:33:46.061691313,T,KO,I,35,70.82
2025-11-11,9:33:46.061715376,T,KO,F I,15,70.82
2025-11-11,9:33:54.953078958,T,KO,F I,16,70.84
2025-11-11,9:34:04.129521492,T,KO,I,37,70.845
2025-11-11,9:34:19.427249987,T,KO,,200,70.87
2025-11-11,9:34:26.136267897,T,KO,F,200,70.88
2025-11-11,9:34:26.152635826,T,KO,F I,9,70.89
2025-11-11,9:34:26.152891528,T,KO,I,72,70.9
2025-11-11,9:34:26.152891528,T,KO,I,6,70.9
2025-11-11,9:34:36.312053616,T,KO,F I,25,70.91
2025-11-11,9:34:36.312056570,T,KO,I,25,70.91
2025-11-11,9:34:36.312068949,T,KO,I,25,70.91
2025-11-11,9:34:36.312071597,T,KO,F I,25,70.91
2025-11-11,9:34:36.312373235,T,KO,I,8,70.92
2025-11-11,9:34:36.363364780,T,KO,I,1,70.93
2025-11-11,9:34:36.384162347,T,KO,F I,25,70.92
2025-11-11,9:34:36.385476896,T,KO,F I,25,70.9
2025-11-11,9:34:36.385479692,T,KO,F,100,70.9
2025-11-11,9:34:36.385479692,T,KO,F I,50,70.9
2025-11-11,9:34:36.386809185,T,KO,F I,36,70.89
2025-11-11,9:34:36.386809185,T,KO,F I,33,70.89
2025-11-11,9:34:36.386811652,T,KO,F I,53,70.89
2025-11-11,9:34:36.386974423,T,KO,F I,36,70.9
2025-11-11,9:34:36.386974423,T,KO,F,100,70.9
2025-11-11,9:34:36.386980004,T,KO,F I,51,70.9
2025-11-11,9:34:36.386980004,T,KO,F I,36,70.9
2025-11-11,9:34:36.386983061,T,KO,F I,25,70.9
2025-11-11,9:34:36.386983061,T,KO,F,100,70.9
2025-11-11,9:34:36.387259715,T,KO,I,3,70.9
2025-11-11,9:34:40.528934000,T,KO,F,100,70.92
2025-11-11,9:34:40.528946408,T,KO,I,1,70.92
2025-11-11,9:34:40.528955055,T,KO,I,1,70.92
2025-11-11,9:34:47.032177880,T,KO,I,25,70.93
2025-11-11,9:34:48.542543083,T,KO,F I,25,70.94
2025-11-11,9:34:48.543051917,T,KO,I,79,70.95
2025-11-11,9:34:51.799570338,T,KO,I,1,70.98
2025-11-11,9:34:53.898867158,T,KO,F I,36,70.97
2025-11-11,9:34:53.898870194,T,KO,F,148,70.97
2025-11-11,9:34:53.898888222,T,KO,F,182,70.97
2025-11-11,9:34:53.931329542,T,KO,F,200,70.96
2025-11-11,9:34:56.556299386,T,KO,I,1,70.945
2025-11-11,9:35:01.150289845,T,KO,F I,23,70.93
2025-11-11,9:35:01.150386269,T,KO,F,200,70.93
2025-11-11,9:35:01.150386269,T,KO,F,100,70.93
2025-11-11,9:35:05.208464324,T,KO,F,100,70.88
2025-11-11,9:35:05.208467355,T,KO,F,100,70.88
2025-11-11,9:35:05.218521010,T,KO,F I,50,70.89
2025-11-11,9:35:05.218571615,T,KO,F I,25,70.89
2025-11-11,9:35:05.218571615,T,KO,F,100,70.89
2025-11-11,9:35:05.218574397,T,KO,F I,50,70.89
2025-11-11,9:35:05.219401383,T,KO,F,108,70.9
2025-11-11,9:35:05.226910337,T,KO,F I,10,70.9
2025-11-11,9:35:05.226913258,T,KO,F I,5,70.9
2025-11-11,9:35:05.226991438,T,KO,F I,4,70.9
2025-11-11,9:35:06.015878296,T,KO,I,1,70.9
2025-11-11,9:35:17.982813942,T,KO,I,6,70.9
2025-11-11,9:35:21.183030161,T,KO,F I,50,70.88
2025-11-11,9:35:21.183030161,T,KO,F I,25,70.88
2025-11-11,9:35:21.183141130,T,KO,,100,70.88
2025-11-11,9:35:21.187748105,T,KO,I,15,70.87
2025-11-11,9:35:21.195178862,T,KO,I,50,70.85
2025-11-11,9:35:21.195182196,T,KO,I,50,70.85
2025-11-11,9:35:21.195184806,T,KO,I,25,70.85
2025-11-11,9:35:21.195184806,T,KO,I,25,70.85
2025-11-11,9:35:21.195202849,T,KO,I,1,70.85
2025-11-11,9:35:21.195380331,T,KO,F I,98,70.86
2025-11-11,9:35:21.195404411,T,KO,F I,2,70.86
2025-11-11,9:35:21.195407739,T,KO,F I,40,70.86
2025-11-11,9:35:21.195413721,T,KO,F,100,70.86
2025-11-11,9:35:21.195413721,T,KO,F I,48,70.86
2025-11-11,9:35:21.195417355,T,KO,F I,25,70.86
2025-11-11,9:35:21.195419445,T,KO,F,100,70.86
2025-11-11,9:35:21.195422424,T,KO,F I,39,70.86
2025-11-11,9:35:21.195422424,T,KO,I,1,70.86
2025-11-11,9:35:21.195422424,T,KO,I,1,70.86
2025-11-11,9:35:21.195452463,T,KO,F I,14,70.86
2025-11-11,9:35:21.195458521,T,KO,F I,4,70.86
2025-11-11,9:35:21.195461469,T,KO,F I,2,70.86
2025-11-11,9:35:21.195647953,T,KO,F I,80,70.86
2025-11-11,9:35:21.199413453,T,KO,I,1,70.86
2025-11-11,9:35:21.199416520,T,KO,,100,70.86
2025-11-11,9:35:21.199418977,T,KO,,146,70.86
2025-11-11,9:35:21.199418977,T,KO,I,40,70.86
2025-11-11,9:35:21.199421945,T,KO,I,50,70.86
2025-11-11,9:35:21.199421945,T,KO,,100,70.86
2025-11-11,9:35:36.314832239,T,KO,F I,72,70.88
2025-11-11,9:35:36.315683264,T,KO,F I,6,70.89
2025-11-11,9:35:48.448960052,T,KO,I,2,70.9
2025-11-11,9:35:59.471364123,T,KO,F I,10,70.91
2025-11-11,9:36:03.064098978,T,KO,,100,70.89
2025-11-11,9:36:03.064098978,T,KO,I,50,70.89
2025-11-11,9:36:03.064634146,T,KO,F,100,70.88
2025-11-11,9:36:03.064634146,T,KO,F,100,70.88
2025-11-11,9:36:03.157534485,T,KO,,100,70.88
2025-11-11,9:36:03.698101848,T,KO,,100,70.88
2025-11-11,9:36:06.411184646,T,KO,I,16,70.9
2025-11-11,9:36:06.411374224,T,KO,F I,41,70.89
2025-11-11,9:36:06.411377309,T,KO,F,100,70.89
2025-11-11,9:36:06.411380201,T,KO,F I,52,70.89
2025-11-11,9:36:06.411380201,T,KO,F I,45,70.89
2025-11-11,9:36:06.411383738,T,KO,F I,25,70.89
2025-11-11,9:36:06.411387296,T,KO,F I,50,70.89
2025-11-11,9:36:06.411389820,T,KO,F I,42,70.89
2025-11-11,9:36:06.411398402,T,KO,I,1,70.89
2025-11-11,9:36:06.411593571,T,KO,I,57,70.89
2025-11-11,9:36:07.996325795,T,KO,F I,15,70.87
2025-11-11,9:36:07.996350059,T,KO,F I,35,70.87
2025-11-11,9:36:08.219649752,T,KO,F I,92,70.87
2025-11-11,9:36:08.219652769,T,KO,F I,41,70.87
2025-11-11,9:36:08.219655779,T,KO,F I,20,70.87
2025-11-11,9:36:08.219670782,T,KO,I,1,70.87
2025-11-11,9:36:14.157267336,T,KO,F I,52,70.88
2025-11-11,9:36:15.088798890,T,KO,F I,10,70.89
2025-11-11,9:36:27.302839076,T,KO,I,2,70.91
2025-11-11,9:36:27.305795159,T,KO,I,6,70.91
2025-11-11,9:36:27.820028874,T,KO,F I,25,70.9
2025-11-11,9:36:29.629552678,T,KO,I,10,70.88
2025-11-11,9:36:31.240594677,T,KO,,100,70.88
2025-11-11,9:36:36.615518059,T,KO,I,10,70.89
2025-11-11,9:36:36.678816772,T,KO,I,25,70.9
2025-11-11,9:36:36.707185386,T,KO,I,16,70.9
2025-11-11,9:36:36.707185386,T,KO,I,24,70.9
2025-11-11,9:36:36.720446936,T,KO,F,100,70.89
2025-11-11,9:36:36.720453053,T,KO,F I,50,70.89
2025-11-11,9:36:36.771286102,T,KO,I,1,70.89
2025-11-11,9:36:36.771289124,T,KO,I,8,70.89
2025-11-11,9:36:36.771292477,T,KO,I,50,70.89
2025-11-11,9:36:40.149718525,T,KO,I,1,70.89
2025-11-11,9:36:50.892651969,T,KO,F I,2,70.88
2025-11-11,9:36:50.892651969,T,KO,F I,25,70.88
2025-11-11,9:36:50.893364694,T,KO,F I,19,70.87
2025-11-11,9:36:50.893840187,T,KO,F,100,70.87
2025-11-11,9:36:50.893840187,T,KO,F,100,70.87
2025-11-11,9:36:50.893867401,T,KO,,100,70.87
2025-11-11,9:36:50.894315546,T,KO,,100,70.88
2025-11-11,9:36:50.894318083,T,KO,I,50,70.88
2025-11-11,9:36:50.895012606,T,KO,F I,12,70.88
2025-11-11,9:36:54.452822652,T,KO,,100,70.86
2025-11-11,9:36:56.060228653,T,KO,I,31,70.84
2025-11-11,9:36:59.466522332,T,KO,F I,50,70.84
2025-11-11,9:37:08.191601827,T,KO,,100,70.845
2025-11-11,9:37:08.838968976,T,KO,I,12,70.86
2025-11-11,9:37:08.838972452,T,KO,I,1,70.86
2025-11-11,9:37:08.838977648,T,KO,I,25,70.86
2025-11-11,9:37:08.838980764,T,KO,I,60,70.86
2025-11-11,9:37:08.838984208,T,KO,,100,70.86
2025-11-11,9:37:08.838984208,T,KO,I,86,70.86
2025-11-11,9:37:08.839512944,T,KO,F,100,70.86
2025-11-11,9:37:08.840213620,T,KO,I,3,70.87
2025-11-11,9:37:09.577440500,T,KO,F I,3,70.86
2025-11-11,9:37:09.640214990,T,KO,I,26,70.86
2025-11-11,9:37:09.640233006,T,KO,I,24,70.86
2025-11-11,9:37:14.242502399,T,KO,F,170,70.88
2025-11-11,9:37:14.242502399,T,KO,F I,14,70.89
2025-11-11,9:37:14.245759135,T,KO,F,116,70.88
2025-11-11,9:37:22.220849233,T,KO,F I,2,70.86
2025-11-11,9:37:22.220867304,T,KO,F,198,70.86
2025-11-11,9:37:24.783234126,T,KO,F,116,70.87
2025-11-11,9:37:24.783237134,T,KO,F,100,70.87
2025-11-11,9:37:24.783237134,T,KO,F,100,70.87
2025-11-11,9:37:25.195540113,T,KO,I,5,70.88
2025-11-11,9:37:25.763115418,T,KO,F I,50,70.87
2025-11-11,9:37:25.763117825,T,KO,F I,25,70.87
2025-11-11,9:37:27.425708600,T,KO,F I,57,70.86
2025-11-11,9:37:27.425729701,T,KO,F I,18,70.86
2025-11-11,9:37:36.532282822,T,KO,F I,75,70.9
2025-11-11,9:37:36.532285789,T,KO,F,100,70.9
2025-11-11,9:37:36.532285789,T,KO,F I,25,70.9
2025-11-11,9:37:36.532288727,T,KO,F,100,70.9
2025-11-11,9:37:36.532291690,T,KO,F I,60,70.9
2025-11-11,9:37:36.532303745,T,KO,I,1,70.9
2025-11-11,9:37:48.685331355,T,KO,,100,70.92
2025-11-11,9:37:48.685352438,T,KO,F I,63,70.91
2025-11-11,9:37:48.685355481,T,KO,F I,50,70.91
2025-11-11,9:38:01.169694428,T,KO,F I,80,70.92
2025-11-11,9:38:01.170945380,T,KO,F,100,70.93
2025-11-11,9:38:01.170948369,T,KO,F,100,70.93
2025-11-11,9:38:02.132704991,T,KO,,100,70.94
2025-11-11,9:38:03.776287482,T,KO,,100,70.94
2025-11-11,9:38:04.534368965,T,KO,I,4,70.94
2025-11-11,9:38:05.734353247,T,KO,F,100,70.93
2025-11-11,9:38:06.006465006,T,KO,I,15,70.93
2025-11-11,9:38:07.387636627,T,KO,,100,70.925
2025-11-11,9:38:10.104836019,T,KO,F,100,70.92
2025-11-11,9:38:10.104839074,T,KO,F I,10,70.92
2025-11-11,9:38:12.414799815,T,KO,F I,7,70.9
2025-11-11,9:38:12.414805694,T,KO,F I,2,70.9
2025-11-11,9:38:17.377062293,T,KO,I,1,70.895
2025-11-11,9:38:21.088375633,T,KO,,100,70.875
2025-11-11,9:38:21.088402770,T,KO,,100,70.875
2025-11-11,9:38:27.415015047,T,KO,I,50,70.87
2025-11-11,9:38:41.812441824,T,KO,,155,70.84
2025-11-11,9:38:41.812444713,T,KO,I,50,70.84
2025-11-11,9:38:41.812444713,T,KO,I,2,70.84
2025-11-11,9:38:46.338383054,T,KO,F,100,70.84
2025-11-11,9:38:46.338401173,T,KO,F,100,70.84
2025-11-11,9:38:55.128501372,T,KO,,100,70.86
2025-11-11,9:39:00.373283846,T,KO,I,3,70.86
2025-11-11,9:39:01.307853092,T,KO,F I,2,70.85
2025-11-11,9:39:01.307853092,T,KO,F I,98,70.85
2025-11-11,9:39:01.307870806,T,KO,I,1,70.85
2025-11-11,9:39:01.307888897,T,KO,I,1,70.85
2025-11-11,9:39:01.307888897,T,KO,I,25,70.85
2025-11-11,9:39:02.134371412,T,KO,I,19,70.84
2025-11-11,9:39:02.134392386,T,KO,F I,81,70.84
2025-11-11,9:39:03.342122740,T,KO,F I,57,70.83
2025-11-11,9:39:03.342128914,T,KO,F,100,70.83
2025-11-11,9:39:03.342128914,T,KO,F I,50,70.83
2025-11-11,9:39:03.342141164,T,KO,F,100,70.83
2025-11-11,9:39:04.005713302,T,KO,I,5,70.82
2025-11-11,9:39:05.531018050,T,KO,F I,25,70.83
2025-11-11,9:39:11.579151799,T,KO,I,2,70.84
2025-11-11,9:39:27.323215029,T,KO,I,4,70.85
2025-11-11,9:39:34.278393230,T,KO,F I,2,70.84
2025-11-11,9:39:34.278393230,T,KO,F I,24,70.84
2025-11-11,9:39:34.290623390,T,KO,F I,86,70.84
2025-11-11,9:39:34.403891164,T,KO,F I,46,70.85
2025-11-11,9:39:34.403891164,T,KO,F I,25,70.85
2025-11-11,9:39:34.403894117,T,KO,F I,55,70.85
2025-11-11,9:39:40.135319725,T,KO,I,46,70.87
2025-11-11,9:39:40.135319725,T,KO,I,25,70.87
2025-11-11,9:39:40.135319725,T,KO,I,50,70.87
2025-11-11,9:39:45.822627263,T,KO,I,10,70.89
2025-11-11,9:39:45.849066178,T,KO,,100,70.9
2025-11-11,9:39:45.901135297,T,KO,F I,5,70.9
2025-11-11,9:39:48.766263174,T,KO,F I,5,70.91
2025-11-11,9:39:53.273917997,T,KO,I,1,70.91
2025-11-11,9:39:53.284106217,T,KO,F I,5,70.9
2025-11-11,9:39:53.285435377,T,KO,F,100,70.89
2025-11-11,9:39:59.984132695,T,KO,I,18,70.89
2025-11-11,9:39:59.984526591,T,KO,I,60,70.88
2025-11-11,9:40:01.797833418,T,KO,I,10,70.885
2025-11-11,9:40:07.884016862,T,KO,F,100,70.875
2025-11-11,9:40:08.090900567,T,KO,I,6,70.88
2025-11-11,9:40:08.090924593,T,KO,I,1,70.88
2025-11-11,9:40:08.202261847,T,KO,I,19,70.87
2025-11-11,9:40:17.924565137,T,KO,I,50,70.9
2025-11-11,9:40:17.924565137,T,KO,I,5,70.9
2025-11-11,9:40:17.924567574,T,KO,I,11,70.9
2025-11-11,9:40:17.924570449,T,KO,I,1,70.9
2025-11-11,9:40:17.924570449,T,KO,I,2,70.9
2025-11-11,9:40:17.924573374,T,KO,I,56,70.9
2025-11-11,9:40:17.938968673,T,KO,I,75,70.905
2025-11-11,9:40:17.951821295,T,KO,I,50,70.905
2025-11-11,9:40:17.966282762,T,KO,I,50,70.905
2025-11-11,9:40:17.979767290,T,KO,I,45,70.9
2025-11-11,9:40:17.979770560,T,KO,I,5,70.9
2025-11-11,9:40:17.979799890,T,KO,I,45,70.9
2025-11-11,9:40:17.979926178,T,KO,I,45,70.9
2025-11-11,9:40:17.979926178,T,KO,I,45,70.9
2025-11-11,9:40:24.722579154,T,KO,,100,70.915
2025-11-11,9:40:27.663048404,T,KO,I,10,70.915
2025-11-11,9:40:30.264884310,T,KO,I,12,70.91
2025-11-11,9:40:30.264887241,T,KO,I,45,70.91
2025-11-11,9:40:30.264890210,T,KO,I,1,70.91
2025-11-11,9:40:30.264899574,T,KO,I,58,70.91
2025-11-11,9:40:31.216566836,T,KO,I,24,70.91
2025-11-11,9:40:31.216587910,T,KO,F I,76,70.91
2025-11-11,9:40:31.216587910,T,KO,F I,1,70.91
2025-11-11,9:40:32.958778345,T,KO,F I,50,70.92
2025-11-11,9:40:32.958778345,T,KO,F I,50,70.92
2025-11-11,9:40:32.958797112,T,KO,F I,12,70.92
2025-11-11,9:40:32.958868482,T,KO,F,138,70.92
2025-11-11,9:40:35.740216735,T,KO,I,4,70.92
2025-11-11,9:40:35.740219782,T,KO,I,50,70.92
2025-11-11,9:40:35.741037787,T,KO,I,50,70.92
2025-11-11,9:40:36.191555808,T,KO,I,6,70.92
2025-11-11,9:40:36.836658240,T,KO,I,94,70.92
2025-11-11,9:40:36.926978790,T,KO,,100,70.92
2025-11-11,9:40:39.313874185,T,KO,,100,70.92
2025-11-11,9:40:39.313892191,T,KO,I,1,70.92
2025-11-11,9:40:39.313895281,T,KO,I,49,70.92
2025-11-11,9:40:43.946139817,T,KO,I,50,70.93
2025-11-11,9:40:43.946160857,T,KO,F I,10,70.93
2025-11-11,9:40:51.610481983,T,KO,F I,50,70.93
2025-11-11,9:40:51.610554249,T,KO,F I,43,70.93
2025-11-11,9:40:51.610557184,T,KO,F I,1,70.93
2025-11-11,9:40:51.793047571,T,KO,F I,75,70.92
2025-11-11,9:40:51.793047571,T,KO,F I,50,70.92
2025-11-11,9:40:52.015808809,T,KO,F I,45,70.91
2025-11-11,9:40:52.015808809,T,KO,F I,50,70.91
2025-11-11,9:40:53.912512812,T,KO,F I,50,70.9
2025-11-11,9:40:53.912512812,T,KO,F I,50,70.9
2025-11-11,9:40:53.912518768,T,KO,I,50,70.9
2025-11-11,9:40:53.912518768,T,KO,I,50,70.9
2025-11-11,9:40:53.913793857,T,KO,F I,43,70.9
2025-11-11,9:40:53.913793857,T,KO,F I,1,70.9
2025-11-11,9:40:54.701679318,T,KO,,200,70.905
2025-11-11,9:40:54.709179266,T,KO,I,83,70.91
2025-11-11,9:40:54.709314531,T,KO,F I,50,70.91
2025-11-11,9:40:54.709338808,T,KO,F,100,70.91
2025-11-11,9:40:54.709630243,T,KO,I,50,70.9
2025-11-11,9:40:55.250471351,T,KO,F I,15,70.89
2025-11-11,9:40:55.250501516,T,KO,I,85,70.89
2025-11-11,9:40:57.143308639,T,KO,I,5,70.885
2025-11-11,9:40:58.124274983,T,KO,F I,30,70.88
2025-11-11,9:40:58.124296131,T,KO,F I,70,70.88
2025-11-11,9:40:58.124299064,T,KO,F I,50,70.88
2025-11-11,9:41:00.520120115,T,KO,F I,31,70.88
2025-11-11,9:41:00.567064986,T,KO,I,42,70.88
2025-11-11,9:41:00.567071488,T,KO,,100,70.88
2025-11-11,9:41:00.567071488,T,KO,I,3,70.88
2025-11-11,9:41:00.567074776,T,KO,,100,70.88
2025-11-11,9:41:00.567076991,T,KO,I,25,70.88
2025-11-11,9:41:00.567076991,T,KO,I,50,70.88
2025-11-11,9:41:01.140919042,T,KO,I,3,70.88
2025-11-11,9:41:01.140919042,T,KO,I,42,70.88
2025-11-11,9:41:01.140921656,T,KO,I,25,70.88
2025-11-11,9:41:02.961520815,T,KO,I,2,70.875
2025-11-11,9:41:02.964200212,T,KO,I,13,70.88
2025-11-11,9:41:08.476923792,T,KO,,100,70.87
2025-11-11,9:41:08.476944912,T,KO,I,1,70.87
2025-11-11,9:41:08.476948026,T,KO,F I,12,70.87
2025-11-11,9:41:08.476950829,T,KO,F I,34,70.87
2025-11-11,9:41:08.480520729,T,KO,F I,45,70.87
2025-11-11,9:41:12.858064248,T,KO,,100,70.87
2025-11-11,9:41:17.257858233,T,KO,F I,12,70.86
2025-11-11,9:41:17.257864328,T,KO,F I,41,70.86
2025-11-11,9:41:17.257867316,T,KO,F,100,70.86
2025-11-11,9:41:17.257879385,T,KO,F,100,70.86
2025-11-11,9:41:19.718415555,T,KO,I,17,70.85
2025-11-11,9:41:19.718417541,T,KO,I,45,70.85
2025-11-11,9:41:20.866206341,T,KO,F I,25,70.86
2025-11-11,9:41:20.866206341,T,KO,F I,75,70.86
2025-11-11,9:41:20.866224385,T,KO,I,1,70.86
2025-11-11,9:41:34.044096517,T,KO,,100,70.87
2025-11-11,9:41:34.054365856,T,KO,I,98,70.87
2025-11-11,9:41:34.054365856,T,KO,I,2,70.87
2025-11-11,9:41:41.058025548,T,KO,F,100,70.87
2025-11-11,9:41:49.862232471,T,KO,F I,10,70.86
2025-11-11,9:41:49.867510028,T,KO,I,1,70.86
2025-11-11,9:41:49.868887365,T,KO,F,200,70.86
2025-11-11,9:41:52.962511471,T,KO,I,38,70.85
2025-11-11,9:41:52.962556870,T,KO,F I,62,70.85
2025-11-11,9:41:52.962556870,T,KO,F I,2,70.85
2025-11-11,9:41:52.962562571,T,KO,F I,1,70.85
2025-11-11,9:41:52.962562571,T,KO,F I,34,70.85
2025-11-11,9:42:00.274651846,T,KO,I,18,70.84
2025-11-11,9:42:00.275060737,T,KO,F I,25,70.84
2025-11-11,9:42:00.275063923,T,KO,F I,47,70.84
2025-11-11,9:42:00.275066799,T,KO,F I,38,70.84
2025-11-11,9:42:00.275072826,T,KO,F,100,70.84
2025-11-11,9:42:00.285092602,T,KO,I,1,70.85
2025-11-11,9:42:00.547019463,T,KO,F,100,70.85
2025-11-11,9:42:00.547019463,T,KO,F I,38,70.85
2025-11-11,9:42:00.547022484,T,KO,F I,26,70.85
2025-11-11,9:42:00.547022484,T,KO,F I,5,70.85
2025-11-11,9:42:03.038678916,T,KO,I,1,70.84
2025-11-11,9:42:03.671301628,T,KO,F I,22,70.85
2025-11-11,9:42:03.672684875,T,KO,I,37,70.85
2025-11-11,9:42:03.672684875,T,KO,I,10,70.85
2025-11-11,9:42:08.746715108,T,KO,I,10,70.83
2025-11-11,9:42:08.746717602,T,KO,I,24,70.83
2025-11-11,9:42:08.746720948,T,KO,I,11,70.83
2025-11-11,9:42:08.746720948,T,KO,I,42,70.83
2025-11-11,9:42:08.783389963,T,KO,I,36,70.83
2025-11-11,9:42:08.783392918,T,KO,I,22,70.83
2025-11-11,9:42:08.783419985,T,KO,F I,15,70.83
2025-11-11,9:42:08.954283904,T,KO,I,1,70.84
2025-11-11,9:42:08.954286965,T,KO,I,4,70.84
2025-11-11,9:42:08.954289971,T,KO,I,50,70.84
2025-11-11,9:42:08.954289971,T,KO,I,94,70.84
2025-11-11,9:42:13.207499702,T,KO,F I,33,70.84
2025-11-11,9:42:13.207499702,T,KO,F I,36,70.84
2025-11-11,9:42:13.438525206,T,KO,F I,12,70.83
2025-11-11,9:42:14.361029010,T,KO,F I,26,70.82
2025-11-11,9:42:18.639084137,T,KO,,100,70.82
2025-11-11,9:42:20.229632180,T,KO,F I,25,70.82
2025-11-11,9:42:20.229638242,T,KO,F I,10,70.82
2025-11-11,9:42:21.897470556,T,KO,I,6,70.815
2025-11-11,9:42:22.105337622,T,KO,F I,11,70.82
2025-11-11,9:42:25.397449503,T,KO,F I,19,70.83
2025-11-11,9:42:28.007985139,T,KO,I,3,70.82
2025-11-11,9:42:28.007988073,T,KO,I,25,70.82
2025-11-11,9:42:35.560160261,T,KO,F I,10,70.85
2025-11-11,9:42:35.560163935,T,KO,F I,5,70.85
2025-11-11,9:42:35.560163935,T,KO,F I,25,70.85
2025-11-11,9:42:35.560166263,T,KO,F I,7,70.85
2025-11-11,9:42:38.007818851,T,KO,I,1,70.845
2025-11-11,9:42:39.480769052,T,KO,,100,70.85
2025-11-11,9:42:40.917913470,T,KO,F I,5,70.86
2025-11-11,9:42:58.931939502,T,KO,I,11,70.87
2025-11-11,9:42:58.931941813,T,KO,I,10,70.87
2025-11-11,9:42:59.231966488,T,KO,I,5,70.87
2025-11-11,9:43:03.428133542,T,KO,,100,70.87
2025-11-11,9:43:03.645689613,T,KO,F I,5,70.88
2025-11-11,9:43:03.645689613,T,KO,F I,5,70.88
2025-11-11,9:43:03.645692650,T,KO,F I,25,70.88
2025-11-11,9:43:03.645695799,T,KO,F,100,70.88
2025-11-11,9:43:03.645695799,T,KO,F I,60,70.88
2025-11-11,9:43:03.646369237,T,KO,F I,60,70.89
2025-11-11,9:43:03.646369237,T,KO,F,100,70.89
2025-11-11,9:43:03.646372598,T,KO,F I,1,70.89
2025-11-11,9:43:03.646372598,T,KO,F I,3,70.89
2025-11-11,9:43:03.646450397,T,KO,F,100,70.89
2025-11-11,9:43:03.652197134,T,KO,F I,50,70.9
2025-11-11,9:43:03.652200105,T,KO,F I,25,70.9
2025-11-11,9:43:03.652347503,T,KO,F,100,70.91
2025-11-11,9:43:03.652351411,T,KO,F I,50,70.91
2025-11-11,9:43:03.652351411,T,KO,F I,60,70.91
2025-11-11,9:43:03.652353680,T,KO,F,300,70.91
2025-11-11,9:43:03.652356572,T,KO,F I,6,70.91
2025-11-11,9:43:03.652356572,T,KO,F,100,70.91
2025-11-11,9:43:03.672388038,T,KO,I,10,70.91
2025-11-11,9:43:03.672390486,T,KO,I,55,70.91
2025-11-11,9:43:03.672393257,T,KO,I,27,70.91
2025-11-11,9:43:03.673352540,T,KO,F I,34,70.91
2025-11-11,9:43:03.673355846,T,KO,F I,29,70.91
2025-11-11,9:43:03.673412810,T,KO,F I,34,70.91
2025-11-11,9:43:03.673416952,T,KO,F,100,70.91
2025-11-11,9:43:03.673421690,T,KO,F I,4,70.91
2025-11-11,9:43:03.673421690,T,KO,F I,58,70.91
2025-11-11,9:43:03.673425020,T,KO,F I,34,70.91
2025-11-11,9:43:03.673425020,T,KO,F I,28,70.91
2025-11-11,9:43:03.673425020,T,KO,F I,22,70.91
2025-11-11,9:43:03.673458051,T,KO,F I,54,70.91
2025-11-11,9:43:03.684232490,T,KO,,200,70.915
2025-11-11,9:43:03.699833603,T,KO,F I,50,70.92
2025-11-11,9:43:03.699836658,T,KO,F I,1,70.92
2025-11-11,9:43:03.702004821,T,KO,I,34,70.92
2025-11-11,9:43:03.702007824,T,KO,I,66,70.92
2025-11-11,9:43:07.513537722,T,KO,I,4,70.91
2025-11-11,9:43:11.782890043,T,KO,F I,9,70.91
2025-11-11,9:43:12.493774317,T,KO,I,7,70.9
2025-11-11,9:43:12.493825281,T,KO,I,3,70.9
2025-11-11,9:43:12.493828531,T,KO,I,10,70.9
2025-11-11,9:43:12.493828531,T,KO,I,3,70.9
2025-11-11,9:43:16.379406835,T,KO,F I,12,70.89
2025-11-11,9:43:16.379409656,T,KO,F I,5,70.89
2025-11-11,9:43:20.754015568,T,KO,I,8,70.87
2025-11-11,9:43:25.140569098,T,KO,,100,70.89
2025-11-11,9:43:25.140587076,T,KO,I,1,70.89
2025-11-11,9:43:25.144228720,T,KO,I,1,70.89
2025-11-11,9:43:25.148790564,T,KO,I,17,70.88
2025-11-11,9:43:28.729803867,T,KO,F I,17,70.87
2025-11-11,9:43:28.729806702,T,KO,F I,24,70.87
2025-11-11,9:43:28.729809453,T,KO,F I,10,70.87
2025-11-11,9:43:28.729812488,T,KO,F,100,70.87
2025-11-11,9:43:30.681539055,T,KO,F I,10,70.86
2025-11-11,9:43:30.681539055,T,KO,F I,22,70.86
2025-11-11,9:43:37.088433239,T,KO,I,10,70.86
2025-11-11,9:43:37.441221562,T,KO,I,32,70.85
2025-11-11,9:43:37.723738318,T,KO,I,5,70.845
2025-11-11,9:43:37.723804470,T,KO,F I,11,70.84
2025-11-11,9:43:38.487104321,T,KO,F I,50,70.83
2025-11-11,9:43:38.487106511,T,KO,F I,29,70.83
2025-11-11,9:43:40.081569972,T,KO,F,179,70.82
2025-11-11,9:43:44.850378949,T,KO,F I,50,70.83
2025-11-11,9:43:47.933460344,T,KO,F,100,70.83
2025-11-11,9:43:50.924590938,T,KO,F I,10,70.82
2025-11-11,9:43:50.924594046,T,KO,F I,50,70.82
2025-11-11,9:43:50.924594046,T,KO,F I,10,70.82
2025-11-11,9:43:55.616882593,T,KO,F I,25,70.81
2025-11-11,9:43:55.616885713,T,KO,F I,10,70.81
2025-11-11,9:43:55.616885713,T,KO,F I,17,70.81
2025-11-11,9:43:55.616888630,T,KO,F I,50,70.81
2025-11-11,9:43:55.640494849,T,KO,I,12,70.81
2025-11-11,9:43:57.414675299,T,KO,,100,70.81
2025-11-11,9:43:57.414690419,T,KO,I,10,70.81
2025-11-11,9:44:01.123627955,T,KO,I,25,70.82
2025-11-11,9:44:01.123627955,T,KO,,100,70.82
2025-11-11,9:44:01.150475831,T,KO,,100,70.82
2025-11-11,9:44:01.676260263,T,KO,,100,70.82
2025-11-11,9:44:02.115320864,T,KO,,100,70.82
2025-11-11,9:44:03.033275142,T,KO,F I,50,70.81
2025-11-11,9:44:03.033275142,T,KO,F I,10,70.81
2025-11-11,9:44:03.033281277,T,KO,F I,25,70.81
2025-11-11,9:44:03.033281277,T,KO,F I,10,70.81
2025-11-11,9:44:03.283949209,T,KO,I,15,70.81
2025-11-11,9:44:04.269417282,T,KO,,200,70.815
2025-11-11,9:44:10.937982827,T,KO,F,100,70.82
2025-11-11,9:44:10.939474363,T,KO,F I,50,70.82
2025-11-11,9:44:10.939474363,T,KO,F I,10,70.82
2025-11-11,9:44:10.983003003,T,KO,F I,33,70.83
2025-11-11,9:44:10.983006037,T,KO,F,100,70.83
2025-11-11,9:44:10.990428398,T,KO,I,33,70.83
2025-11-11,9:44:10.990430726,T,KO,I,4,70.83
2025-11-11,9:44:10.990433790,T,KO,I,33,70.83
2025-11-11,9:44:13.138242222,T,KO,F I,50,70.82
2025-11-11,9:44:13.138245225,T,KO,F I,5,70.82
2025-11-11,9:44:13.138248165,T,KO,F,100,70.82
2025-11-11,9:44:13.138251384,T,KO,F I,25,70.82
2025-11-11,9:44:14.775302145,T,KO,F I,33,70.82
2025-11-11,9:44:14.775305201,T,KO,F I,4,70.82
2025-11-11,9:44:14.775308829,T,KO,F I,25,70.82
2025-11-11,9:44:21.237994401,T,KO,F,100,70.82
2025-11-11,9:44:21.237997376,T,KO,F I,1,70.82
2025-11-11,9:44:21.238012402,T,KO,I,1,70.82
2025-11-11,9:44:21.238045571,T,KO,F I,99,70.82
2025-11-11,9:44:23.448192513,T,KO,F I,11,70.81
2025-11-11,9:44:23.448195449,T,KO,F I,14,70.81
2025-11-11,9:44:23.448198468,T,KO,F I,1,70.81
2025-11-11,9:44:25.745661394,T,KO,F I,1,70.8
2025-11-11,9:44:38.085587555,T,KO,I,12,70.83
2025-11-11,9:44:38.085590502,T,KO,I,11,70.83
2025-11-11,9:44:40.160478205,T,KO,,200,70.83
2025-11-11,9:44:53.681301949,T,KO,F I,20,70.82
2025-11-11,9:44:53.681304917,T,KO,F I,10,70.82
2025-11-11,9:44:53.681307858,T,KO,F,121,70.82
2025-11-11,9:44:53.681804035,T,KO,F,100,70.82
2025-11-11,9:44:53.681825126,T,KO,I,1,70.82
2025-11-11,9:44:53.682306276,T,KO,F I,40,70.82
2025-11-11,9:44:58.602213281,T,KO,F I,9,70.82
2025-11-11,9:44:58.602215986,T,KO,F I,40,70.82
2025-11-11,9:45:00.012337558,T,KO,I,5,70.82
2025-11-11,9:45:00.615372716,T,KO,I,4,70.83
2025-11-11,9:45:00.615375758,T,KO,,149,70.83
2025-11-11,9:45:03.374398929,T,KO,I,15,70.82
2025-11-11,9:45:04.436706055,T,KO,I,1,70.81
2025-11-11,9:45:04.436709218,T,KO,I,1,70.81
2025-11-11,9:45:04.436709218,T,KO,I,6,70.81
2025-11-11,9:45:04.445432815,T,KO,,100,70.815
2025-11-11,9:45:06.576879364,T,KO,F I,1,70.82
2025-11-11,9:45:06.576882407,T,KO,F I,25,70.82
2025-11-11,9:45:11.701354287,T,KO,I,4,70.82
2025-11-11,9:45:12.991439615,T,KO,F I,90,70.83
2025-11-11,9:45:12.991439615,T,KO,F I,86,70.83
2025-11-11,9:45:12.991442136,T,KO,F I,25,70.83
2025-11-11,9:45:12.991445251,T,KO,F,100,70.83
2025-11-11,9:45:12.991445251,T,KO,F I,12,70.83
2025-11-11,9:45:13.047648959,T,KO,F,200,70.84
2025-11-11,9:45:13.047651967,T,KO,F I,1,70.84
2025-11-11,9:45:13.049886269,T,KO,I,2,70.845
2025-11-11,9:45:13.115454437,T,KO,I,53,70.84
2025-11-11,9:45:13.115457373,T,KO,I,25,70.84
2025-11-11,9:45:13.115457373,T,KO,I,22,70.84
2025-11-11,9:45:13.115472464,T,KO,I,1,70.845
2025-11-11,9:45:13.115481401,T,KO,I,1,70.845
2025-11-11,9:45:16.482126054,T,KO,F I,11,70.85
2025-11-11,9:45:16.482126054,T,KO,F I,25,70.85
2025-11-11,9:45:19.440201946,T,KO,,100,70.855
2025-11-11,9:45:22.795800816,T,KO,F I,36,70.85
2025-11-11,9:45:22.795803831,T,KO,F I,5,70.85
2025-11-11,9:45:22.796252390,T,KO,F I,4,70.85
2025-11-11,9:45:23.081673635,T,KO,I,2,70.85
2025-11-11,9:45:24.870033818,T,KO,F I,48,70.85
2025-11-11,9:45:24.870033818,T,KO,F I,5,70.85
2025-11-11,9:45:24.870035997,T,KO,F I,5,70.85
2025-11-11,9:45:26.161516359,T,KO,F,100,70.84
2025-11-11,9:45:26.161519031,T,KO,F I,15,70.84
2025-11-11,9:45:26.161519031,T,KO,F I,11,70.84
2025-11-11,9:45:28.005510783,T,KO,I,29,70.835
2025-11-11,9:45:30.884679262,T,KO,I,10,70.835
2025-11-11,9:45:31.106189794,T,KO,I,65,70.83
2025-11-11,9:45:31.106193330,T,KO,I,40,70.83
2025-11-11,9:45:31.106195889,T,KO,I,10,70.83
2025-11-11,9:45:32.426111427,T,KO,I,1,70.825
2025-11-11,9:45:35.022155435,T,KO,I,50,70.83
2025-11-11,9:45:41.948204015,T,KO,F I,1,70.82
2025-11-11,9:45:41.948207008,T,KO,F I,80,70.82
2025-11-11,9:45:41.948207008,T,KO,F I,12,70.82
2025-11-11,9:45:45.441867493,T,KO,,100,70.81
2025-11-11,9:45:45.441870564,T,KO,I,2,70.81
2025-11-11,9:45:47.448267147,T,KO,I,2,70.83
2025-11-11,9:45:50.147769613,T,KO,F I,2,70.84
2025-11-11,9:45:50.147772557,T,KO,F I,2,70.84
2025-11-11,9:45:50.340122723,T,KO,,190,70.85
2025-11-11,9:45:50.926778012,T,KO,F I,2,70.85
2025-11-11,9:45:50.926798956,T,KO,I,8,70.85
2025-11-11,9:45:53.955303051,T,KO,F I,10,70.84
2025-11-11,9:45:53.955309019,T,KO,F I,10,70.84
2025-11-11,9:45:53.955324203,T,KO,I,10,70.84
2025-11-11,9:45:53.955330012,T,KO,F I,10,70.84
2025-11-11,9:45:53.955337013,T,KO,F I,10,70.84
2025-11-11,9:45:53.955339226,T,KO,F I,10,70.84
2025-11-11,9:45:53.955372114,T,KO,,110,70.84
2025-11-11,9:45:54.111338635,T,KO,I,2,70.835
2025-11-11,9:45:54.164279723,T,KO,I,1,70.83
2025-11-11,9:45:57.174500655,T,KO,F I,2,70.84
2025-11-11,9:45:57.174503171,T,KO,F,130,70.84
2025-11-11,9:45:59.934584914,T,KO,,200,70.87
2025-11-11,9:46:01.174143873,T,KO,F I,10,70.86
2025-11-11,9:46:01.174143873,T,KO,F I,50,70.86
2025-11-11,9:46:05.597068449,T,KO,,100,70.855
2025-11-11,9:46:09.553862130,T,KO,I,25,70.86
2025-11-11,9:46:09.765912241,T,KO,,100,70.86
2025-11-11,9:46:13.375216555,T,KO,F I,11,70.85
2025-11-11,9:46:13.375220864,T,KO,F I,4,70.85
2025-11-11,9:46:13.375220864,T,KO,F I,1,70.85
2025-11-11,9:46:13.375225570,T,KO,F I,81,70.85
2025-11-11,9:46:13.386655815,T,KO,I,10,70.84
2025-11-11,9:46:19.005953303,T,KO,I,12,70.835
2025-11-11,9:46:23.516943055,T,KO,F I,99,70.83
2025-11-11,9:46:23.516943055,T,KO,F I,10,70.83
2025-11-11,9:46:29.976844457,T,KO,,100,70.815
2025-11-11,9:46:32.163466409,T,KO,I,2,70.815
2025-11-11,9:46:32.452776380,T,KO,,100,70.82
2025-11-11,9:46:35.486618091,T,KO,I,42,70.81
2025-11-11,9:46:35.486639214,T,KO,I,8,70.81
2025-11-11,9:46:35.486639214,T,KO,I,10,70.81
2025-11-11,9:46:37.118566013,T,KO,F I,15,70.81
2025-11-11,9:46:37.118566013,T,KO,F I,46,70.81
2025-11-11,9:46:42.885094265,T,KO,I,10,70.82
2025-11-11,9:46:42.888191630,T,KO,I,43,70.82
2025-11-11,9:46:42.888194584,T,KO,,100,70.82
2025-11-11,9:46:47.034584675,T,KO,I,6,70.82
2025-11-11,9:46:47.034587325,T,KO,I,43,70.82
2025-11-11,9:46:47.034587325,T,KO,I,11,70.82
2025-11-11,9:46:47.034590114,T,KO,I,9,70.82
2025-11-11,9:46:47.034602108,T,KO,I,91,70.82
2025-11-11,9:46:47.035008104,T,KO,F I,4,70.82
2025-11-11,9:46:52.090411653,T,KO,F I,75,70.81
2025-11-11,9:46:52.090414690,T,KO,F I,7,70.81
2025-11-11,9:46:53.183142256,T,KO,F I,10,70.8
2025-11-11,9:46:55.346753256,T,KO,F,100,70.78
2025-11-11,9:46:58.842684575,T,KO,I,11,70.78
2025-11-11,9:47:01.495919012,T,KO,F I,1,70.77
2025-11-11,9:47:01.495922533,T,KO,F I,10,70.77
2025-11-11,9:47:01.495922533,T,KO,F I,50,70.77
2025-11-11,9:47:01.495924950,T,KO,F I,15,70.77
2025-11-11,9:47:01.507439362,T,KO,F I,42,70.77
2025-11-11,9:47:05.917237993,T,KO,F I,25,70.78
2025-11-11,9:47:09.877544345,T,KO,F,100,70.785
2025-11-11,9:47:09.881649576,T,KO,I,4,70.78
2025-11-11,9:47:09.881649576,T,KO,I,42,70.78
2025-11-11,9:47:09.881652320,T,KO,I,12,70.78
2025-11-11,9:47:09.881652320,T,KO,I,10,70.78
2025-11-11,9:47:12.788321078,T,KO,I,10,70.76
2025-11-11,9:47:19.248237651,T,KO,F,100,70.76
2025-11-11,9:47:19.989878947,T,KO,,100,70.77
2025-11-11,9:47:19.989894022,T,KO,I,1,70.77
2025-11-11,9:47:19.998810791,T,KO,I,10,70.77
2025-11-11,9:47:19.998813624,T,KO,I,50,70.77
2025-11-11,9:47:25.342871108,T,KO,I,10,70.8
2025-11-11,9:47:31.997254907,T,KO,F I,10,70.81
2025-11-11,9:47:36.277246539,T,KO,I,7,70.82
2025-11-11,9:47:36.277276633,T,KO,I,3,70.82
2025-11-11,9:47:40.429430809,T,KO,F I,25,70.81
2025-11-11,9:47:40.429433857,T,KO,F,170,70.81
2025-11-11,9:47:40.430177061,T,KO,F,100,70.82
2025-11-11,9:47:40.430177061,T,KO,F I,25,70.82
2025-11-11,9:47:40.430179558,T,KO,F I,60,70.82
2025-11-11,9:47:40.438963532,T,KO,I,51,70.83
2025-11-11,9:47:40.447278944,T,KO,F I,37,70.83
2025-11-11,9:47:40.447278944,T,KO,F,100,70.83
2025-11-11,9:47:40.447284365,T,KO,F,100,70.83
2025-11-11,9:47:40.447354047,T,KO,I,37,70.83
2025-11-11,9:47:40.447354047,T,KO,I,9,70.83
2025-11-11,9:47:40.447359521,T,KO,I,37,70.83
2025-11-11,9:47:40.447359521,T,KO,I,17,70.83
2025-11-11,9:47:40.447503841,T,KO,F I,37,70.83
2025-11-11,9:47:40.447506881,T,KO,F,100,70.83
2025-11-11,9:47:40.447657196,T,KO,F I,9,70.83
2025-11-11,9:47:40.448256147,T,KO,I,37,70.83
2025-11-11,9:47:40.448258622,T,KO,,100,70.83
2025-11-11,9:47:40.448262055,T,KO,I,50,70.83
2025-11-11,9:47:40.448276936,T,KO,I,1,70.83
2025-11-11,9:47:40.472142053,T,KO,F I,37,70.83
2025-11-11,9:47:40.472142053,T,KO,F I,37,70.83
2025-11-11,9:47:40.472144614,T,KO,F,100,70.83
2025-11-11,9:47:40.472147613,T,KO,F,100,70.83
2025-11-11,9:47:43.296041390,T,KO,I,37,70.85
2025-11-11,9:47:43.296041390,T,KO,I,17,70.85
2025-11-11,9:47:43.296045538,T,KO,I,25,70.85
2025-11-11,9:47:43.296045538,T,KO,,100,70.85
2025-11-11,9:47:47.837698302,T,KO,I,1,70.845
2025-11-11,9:47:55.004394871,T,KO,F I,84,70.84
2025-11-11,9:47:55.004394871,T,KO,F I,14,70.84
2025-11-11,9:47:55.004400408,T,KO,F I,1,70.84
2025-11-11,9:47:55.004400408,T,KO,F I,1,70.84
2025-11-11,9:47:55.118525334,T,KO,I,40,70.84
2025-11-11,9:47:55.118525334,T,KO,I,4,70.84
2025-11-11,9:47:55.118531133,T,KO,I,50,70.84
2025-11-11,9:47:55.118531133,T,KO,I,6,70.84
2025-11-11,9:47:55.118546263,T,KO,I,1,70.84
2025-11-11,9:47:55.203435406,T,KO,,100,70.84
2025-11-11,9:47:59.405078490,T,KO,I,4,70.84
2025-11-11,9:47:59.405078490,T,KO,I,9,70.84
2025-11-11,9:47:59.405872289,T,KO,I,31,70.84
2025-11-11,9:47:59.405872289,T,KO,I,1,70.84
2025-11-11,9:47:59.405887356,T,KO,F I,32,70.84
2025-11-11,9:47:59.405923480,T,KO,F I,9,70.84
2025-11-11,9:47:59.405932850,T,KO,F,100,70.84
2025-11-11,9:47:59.405932850,T,KO,F I,39,70.84
2025-11-11,9:47:59.405935448,T,KO,F,100,70.84
2025-11-11,9:47:59.405953520,T,KO,I,1,70.84
2025-11-11,9:47:59.405959565,T,KO,F I,49,70.84
2025-11-11,9:47:59.405959565,T,KO,F I,51,70.84
2025-11-11,9:48:04.373353475,T,KO,I,13,70.84
2025-11-11,9:48:04.373358649,T,KO,I,9,70.84
2025-11-11,9:48:04.373358649,T,KO,I,39,70.84
2025-11-11,9:48:04.373364413,T,KO,I,43,70.84
2025-11-11,9:48:04.373364413,T,KO,I,10,70.84
2025-11-11,9:48:04.378098218,T,KO,I,37,70.84
2025-11-11,9:48:04.378100879,T,KO,I,25,70.84
2025-11-11,9:48:04.378106770,T,KO,I,7,70.84
2025-11-11,9:48:04.378106770,T,KO,,100,70.84
2025-11-11,9:48:04.378109684,T,KO,,100,70.84
2025-11-11,9:48:12.008426403,T,KO,F I,47,70.845
2025-11-11,9:48:12.012390070,T,KO,I,37,70.84
2025-11-11,9:48:12.012392519,T,KO,I,10,70.84
2025-11-11,9:48:12.020424463,T,KO,I,3,70.84
2025-11-11,9:48:12.020433410,T,KO,I,34,70.84
2025-11-11,9:48:12.020433410,T,KO,I,9,70.84
2025-11-11,9:48:12.020439433,T,KO,,100,70.84
2025-11-11,9:48:12.020439433,T,KO,,100,70.84
2025-11-11,9:48:12.020439433,T,KO,,100,70.84
2025-11-11,9:48:12.020442684,T,KO,I,25,70.84
2025-11-11,9:48:12.047825696,T,KO,I,9,70.84
2025-11-11,9:48:12.047828864,T,KO,I,34,70.84
2025-11-11,9:48:12.047828864,T,KO,I,25,70.84
2025-11-11,9:48:12.058633485,T,KO,I,50,70.835
2025-11-11,9:48:12.079328797,T,KO,,100,70.835
2025-11-11,9:48:16.612514421,T,KO,I,10,70.825
2025-11-11,9:48:17.100721221,T,KO,F,200,70.83
2025-11-11,9:48:27.916459353,T,KO,,100,70.82
2025-11-11,9:48:27.916459353,T,KO,I,10,70.82
2025-11-11,9:48:27.916464132,T,KO,I,25,70.82
2025-11-11,9:48:27.916477069,T,KO,I,1,70.82
2025-11-11,9:48:27.916482261,T,KO,I,99,70.82
2025-11-11,9:48:27.916486254,T,KO,I,35,70.82
2025-11-11,9:48:27.916489023,T,KO,,109,70.82
2025-11-11,9:48:27.916497812,T,KO,F,100,70.82
2025-11-11,9:48:27.916497812,T,KO,F I,10,70.82
2025-11-11,9:48:27.916509886,T,KO,,100,70.82
2025-11-11,9:48:27.916519001,T,KO,I,99,70.82
2025-11-11,9:48:27.916557350,T,KO,I,1,70.82
2025-11-11,9:48:27.916581747,T,KO,,100,70.82
2025-11-11,9:48:27.916584741,T,KO,I,1,70.82
2025-11-11,9:48:27.916584741,T,KO,F,100,70.82
2025-11-11,9:48:27.916684677,T,KO,,100,70.82
2025-11-11,9:48:27.916752825,T,KO,,100,70.82
2025-11-11,9:48:27.916794906,T,KO,F,100,70.82
2025-11-11,9:48:27.916864040,T,KO,,100,70.82
2025-11-11,9:48:27.916879111,T,KO,F,100,70.82
2025-11-11,9:48:27.916885312,T,KO,,100,70.82
2025-11-11,9:48:27.916888861,T,KO,I,37,70.82
2025-11-11,9:48:27.916924189,T,KO,F,100,70.82
2025-11-11,9:48:27.918259536,T,KO,F I,89,70.83
2025-11-11,9:48:27.918283453,T,KO,F I,11,70.83
2025-11-11,9:48:27.918286593,T,KO,F I,50,70.83
2025-11-11,9:48:27.918289633,T,KO,F I,37,70.83
2025-11-11,9:48:27.919020272,T,KO,F,100,70.84
2025-11-11,9:48:27.919856183,T,KO,F I,8,70.85
2025-11-11,9:48:27.919931497,T,KO,F,400,70.85
2025-11-11,9:48:27.920364587,T,KO,I,37,70.85
2025-11-11,9:48:27.920370513,T,KO,,100,70.85
2025-11-11,9:48:27.920377575,T,KO,,100,70.85
2025-11-11,9:48:27.920379589,T,KO,I,63,70.85
2025-11-11,9:48:27.920409829,T,KO,I,37,70.85
2025-11-11,9:48:27.920409829,T,KO,I,1,70.85
2025-11-11,9:48:27.920412623,T,KO,I,10,70.85
2025-11-11,9:48:27.920412623,T,KO,I,46,70.85
2025-11-11,9:48:27.920422021,T,KO,F I,54,70.85
2025-11-11,9:48:27.920425250,T,KO,F I,25,70.85
2025-11-11,9:48:27.920425250,T,KO,F,100,70.85
2025-11-11,9:48:30.159603153,T,KO,I,4,70.85
2025-11-11,9:48:30.159606311,T,KO,I,46,70.85
2025-11-11,9:48:30.159608613,T,KO,I,50,70.85
2025-11-11,9:48:30.159617655,T,KO,I,1,70.85
2025-11-11,9:48:33.134840869,T,KO,F I,49,70.85
2025-11-11,9:48:33.134847180,T,KO,F I,1,70.85
2025-11-11,9:48:33.134847180,T,KO,F I,9,70.85
2025-11-11,9:48:33.134850035,T,KO,F I,17,70.85
2025-11-11,9:48:33.134852887,T,KO,F I,25,70.85
2025-11-11,9:48:33.137255634,T,KO,I,36,70.85
2025-11-11,9:48:34.839459714,T,KO,F I,4,70.85
2025-11-11,9:48:34.839462741,T,KO,F I,36,70.85
2025-11-11,9:48:35.198388572,T,KO,I,3,70.875
2025-11-11,9:48:40.452307562,T,KO,F I,3,70.87
2025-11-11,9:48:40.478643616,T,KO,I,4,70.87
2025-11-11,9:48:40.728743294,T,KO,F I,4,70.87
2025-11-11,9:48:40.729146215,T,KO,F I,35,70.87
2025-11-11,9:48:40.729149523,T,KO,F,100,70.87
2025-11-11,9:48:40.729152314,T,KO,F,100,70.87
2025-11-11,9:48:40.729164810,T,KO,I,1,70.87
2025-11-11,9:48:40.729167522,T,KO,F I,25,70.87
2025-11-11,9:48:40.729170420,T,KO,F I,25,70.87
2025-11-11,9:48:40.729173736,T,KO,F I,50,70.87
2025-11-11,9:48:49.361537046,T,KO,F I,35,70.87
2025-11-11,9:48:49.361542089,T,KO,F I,33,70.87
2025-11-11,9:48:49.361542089,T,KO,F I,18,70.87
2025-11-11,9:48:49.361546129,T,KO,F I,14,70.87
2025-11-11,9:48:49.361554127,T,KO,I,1,70.87
2025-11-11,9:48:49.361557115,T,KO,F I,1,70.87
2025-11-11,9:48:49.361560357,T,KO,F I,31,70.87
2025-11-11,9:48:49.361560357,T,KO,F,100,70.87
2025-11-11,9:48:49.635810272,T,KO,,100,70.88
2025-11-11,9:48:56.414792847,T,KO,I,12,70.875
2025-11-11,9:48:59.125944992,T,KO,,100,70.88
2025-11-11,9:49:00.153522832,T,KO,F I,64,70.87
2025-11-11,9:49:00.153525473,T,KO,F I,11,70.87
2025-11-11,9:49:00.153528325,T,KO,F I,10,70.87
2025-11-11,9:49:04.845338920,T,KO,F I,20,70.86
2025-11-11,9:49:04.845342197,T,KO,F I,50,70.86
2025-11-11,9:49:04.845342197,T,KO,F I,10,70.86
2025-11-11,9:49:07.468799305,T,KO,F,100,70.86
2025-11-11,9:49:07.468802204,T,KO,F,100,70.86
2025-11-11,9:49:07.468805193,T,KO,F I,25,70.86
2025-11-11,9:49:07.469960021,T,KO,F,100,70.87
2025-11-11,9:49:07.469960021,T,KO,F,100,70.87
2025-11-11,9:49:07.470753816,T,KO,F I,42,70.87
2025-11-11,9:49:07.470753816,T,KO,F,100,70.87
2025-11-11,9:49:07.470760183,T,KO,F I,4,70.87
2025-11-11,9:49:07.470760183,T,KO,F I,25,70.87
2025-11-11,9:49:07.470774950,T,KO,I,1,70.87
2025-11-11,9:49:07.470787070,T,KO,I,99,70.87
2025-11-11,9:49:07.470787070,T,KO,I,1,70.87
2025-11-11,9:49:07.470804976,T,KO,F I,99,70.87
2025-11-11,9:49:07.470804976,T,KO,F I,1,70.87
2025-11-11,9:49:07.470814056,T,KO,F I,99,70.87
2025-11-11,9:49:07.470817137,T,KO,F I,1,70.87
2025-11-11,9:49:07.470829201,T,KO,I,99,70.87
2025-11-11,9:49:07.470829201,T,KO,,100,70.87
2025-11-11,9:49:07.470874411,T,KO,F,100,70.87
2025-11-11,9:49:07.470877188,T,KO,F,100,70.87
2025-11-11,9:49:07.470883710,T,KO,F,100,70.87
2025-11-11,9:49:07.470892368,T,KO,F,100,70.87
2025-11-11,9:49:07.470892368,T,KO,F I,99,70.87
2025-11-11,9:49:07.470901642,T,KO,,100,70.87
2025-11-11,9:49:07.470955446,T,KO,F,100,70.87
2025-11-11,9:49:07.470970895,T,KO,F,100,70.87
2025-11-11,9:49:07.470979556,T,KO,,100,70.87
2025-11-11,9:49:07.470994480,T,KO,F,100,70.87
2025-11-11,9:49:07.471021534,T,KO,F,100,70.87
2025-11-11,9:49:07.471033562,T,KO,F,100,70.87
2025-11-11,9:49:07.471039591,T,KO,F,100,70.87
2025-11-11,9:49:07.471075656,T,KO,F,100,70.87
2025-11-11,9:49:07.471078629,T,KO,F I,19,70.87
2025-11-11,9:49:07.471142064,T,KO,F,100,70.87
2025-11-11,9:49:07.471142064,T,KO,F I,42,70.87
2025-11-11,9:49:07.471147971,T,KO,F,100,70.87
2025-11-11,9:49:07.471147971,T,KO,F I,58,70.87
2025-11-11,9:49:07.471150850,T,KO,F,100,70.87
2025-11-11,9:49:07.471171857,T,KO,I,42,70.87
2025-11-11,9:49:07.471174915,T,KO,I,58,70.87
2025-11-11,9:49:07.471174915,T,KO,F,100,70.87
2025-11-11,9:49:07.471210937,T,KO,,100,70.87
2025-11-11,9:49:07.471457584,T,KO,I,82,70.87
2025-11-11,9:49:07.472386765,T,KO,I,42,70.87
2025-11-11,9:49:07.472386765,T,KO,I,42,70.87
2025-11-11,9:49:07.472389810,T,KO,,100,70.87
2025-11-11,9:49:07.472393351,T,KO,I,6,70.87
2025-11-11,9:49:07.472690488,T,KO,I,6,70.87
2025-11-11,9:49:07.472690488,T,KO,I,42,70.87
2025-11-11,9:49:07.472693461,T,KO,I,67,70.87
2025-11-11,9:49:07.473634876,T,KO,,100,70.87
2025-11-11,9:49:07.473634876,T,KO,I,42,70.87
2025-11-11,9:49:07.473637817,T,KO,I,3,70.87
2025-11-11,9:49:07.473637817,T,KO,,100,70.87
2025-11-11,9:49:07.582349657,T,KO,F,100,70.87
2025-11-11,9:49:07.582353634,T,KO,F I,42,70.87
2025-11-11,9:49:07.582353634,T,KO,F I,3,70.87
2025-11-11,9:49:09.273394712,T,KO,F,100,70.87
2025-11-11,9:49:09.273412979,T,KO,I,1,70.87
2025-11-11,9:49:09.273647676,T,KO,F I,99,70.87
2025-11-11,9:49:09.273652774,T,KO,F,100,70.87
2025-11-11,9:49:09.273652774,T,KO,F,199,70.87
2025-11-11,9:49:09.273689170,T,KO,F I,98,70.87
2025-11-11,9:49:09.273691980,T,KO,I,2,70.87
2025-11-11,9:49:09.273695581,T,KO,I,98,70.87
2025-11-11,9:49:09.273800226,T,KO,,100,70.87
2025-11-11,9:49:09.273821184,T,KO,I,60,70.87
2025-11-11,9:49:09.274588008,T,KO,I,19,70.87
2025-11-11,9:49:09.274612054,T,KO,I,1,70.87
2025-11-11,9:49:09.274618092,T,KO,F I,20,70.87
2025-11-11,9:49:09.274618092,T,KO,F,100,70.87
2025-11-11,9:49:09.274621663,T,KO,F I,1,70.87
2025-11-11,9:49:11.313687641,T,KO,,100,70.87
2025-11-11,9:49:11.313687641,T,KO,I,79,70.87
2025-11-11,9:49:16.482827969,T,KO,,100,70.875
2025-11-11,9:49:19.762556655,T,KO,F I,40,70.88
2025-11-11,9:49:19.762559459,T,KO,F,100,70.88
2025-11-11,9:49:19.762562401,T,KO,F I,2,70.88
2025-11-11,9:49:19.762562401,T,KO,F,100,70.88
2025-11-11,9:49:19.762565337,T,KO,F I,95,70.88
2025-11-11,9:49:19.762571407,T,KO,F I,5,70.88
2025-11-11,9:49:19.763918624,T,KO,F I,3,70.88
2025-11-11,9:49:19.763975746,T,KO,F I,1,70.88
2025-11-11,9:49:19.768600714,T,KO,I,36,70.88
2025-11-11,9:49:19.939371432,T,KO,I,40,70.88
2025-11-11,9:49:19.939374753,T,KO,I,10,70.88
2025-11-11,9:49:19.939377418,T,KO,I,4,70.88
2025-11-11,9:49:19.939380708,T,KO,I,32,70.88
2025-11-11,9:49:19.939380708,T,KO,I,1,70.88
2025-11-11,9:49:19.939383503,T,KO,I,3,70.88
2025-11-11,9:49:26.111875641,T,KO,F,100,70.89
2025-11-11,9:49:26.111878740,T,KO,F I,1,70.89
2025-11-11,9:49:26.111882440,T,KO,F I,22,70.89
2025-11-11,9:49:26.111882440,T,KO,F,100,70.89
2025-11-11,9:49:26.112822827,T,KO,F I,10,70.9
2025-11-11,9:49:26.112822827,T,KO,F,100,70.9
2025-11-11,9:49:26.112825868,T,KO,F,100,70.9
2025-11-11,9:49:29.706878104,T,KO,F I,1,70.91
2025-11-11,9:49:29.706878104,T,KO,F I,99,70.91
2025-11-11,9:49:29.706880985,T,KO,F I,1,70.91
2025-11-11,9:49:29.706883906,T,KO,F I,99,70.91
2025-11-11,9:49:29.706883906,T,KO,F I,1,70.91
2025-11-11,9:49:30.877109012,T,KO,F I,73,70.92
2025-11-11,9:49:32.709878146,T,KO,I,40,70.92
2025-11-11,9:49:32.709881561,T,KO,I,48,70.92
2025-11-11,9:49:32.709881561,T,KO,I,51,70.92
2025-11-11,9:49:32.709884235,T,KO,I,10,70.92
2025-11-11,9:49:44.296738665,T,KO,I,25,70.92
2025-11-11,9:49:50.993845141,T,KO,F I,10,70.93
2025-11-11,9:49:51.161641868,T,KO,F I,10,70.93
2025-11-11,9:49:51.161647794,T,KO,F I,67,70.93
2025-11-11,9:49:51.161647794,T,KO,F,200,70.93
2025-11-11,9:49:51.276398093,T,KO,I,39,70.93
2025-11-11,9:49:53.582798269,T,KO,F I,39,70.925
2025-11-11,9:49:58.968310490,T,KO,F I,10,70.92
2025-11-11,9:49:58.968312989,T,KO,F I,30,70.92
2025-11-11,9:49:58.968316279,T,KO,F I,25,70.92
2025-11-11,9:49:58.968316279,T,KO,F I,50,70.92
2025-11-11,9:49:58.970433241,T,KO,F,100,70.92
2025-11-11,9:49:58.970436087,T,KO,F I,40,70.92
2025-11-11,9:49:58.970442028,T,KO,F I,10,70.92
2025-11-11,9:49:58.970442028,T,KO,F I,39,70.92
2025-11-11,9:49:58.970445554,T,KO,F I,46,70.92
2025-11-11,9:49:58.970445554,T,KO,F,100,70.92
2025-11-11,9:49:58.970452060,T,KO,F I,25,70.92
2025-11-11,9:49:58.970452060,T,KO,F,123,70.92
2025-11-11,9:49:58.970452060,T,KO,F,100,70.92
2025-11-11,9:49:58.970460073,T,KO,I,1,70.92
2025-11-11,9:49:59.932096409,T,KO,,100,70.925
2025-11-11,9:50:03.493644006,T,KO,F,100,70.93
2025-11-11,9:50:03.502223446,T,KO,I,1,70.935
2025-11-11,9:50:04.830142018,T,KO,F I,52,70.94
2025-11-11,9:50:06.741941415,T,KO,,300,70.96
2025-11-11,9:50:10.385428540,T,KO,I,40,70.96
2025-11-11,9:50:10.385431296,T,KO,I,36,70.96
2025-11-11,9:50:10.385435325,T,KO,I,25,70.96
2025-11-11,9:50:10.385435325,T,KO,I,12,70.96
2025-11-11,9:50:10.385440188,T,KO,,100,70.96
2025-11-11,9:50:11.006067330,T,KO,I,12,70.955
2025-11-11,9:50:15.329247895,T,KO,,100,70.95
2025-11-11,9:50:17.383028184,T,KO,,100,70.955
2025-11-11,9:50:20.073797803,T,KO,I,25,70.955
2025-11-11,9:50:23.984149166,T,KO,I,2,70.955
2025-11-11,9:50:24.158489306,T,KO,F I,10,70.95
2025-11-11,9:50:24.158489306,T,KO,F I,5,70.95
2025-11-11,9:50:24.162494857,T,KO,F,100,70.94
2025-11-11,9:50:24.162497870,T,KO,F,100,70.94
2025-11-11,9:50:24.162500898,T,KO,F I,28,70.94
2025-11-11,9:50:24.162500898,T,KO,F I,53,70.94
2025-11-11,9:50:27.422183848,T,KO,F I,11,70.94
2025-11-11,9:50:27.422186578,T,KO,F I,25,70.94
2025-11-11,9:50:29.863478958,T,KO,,100,70.935
2025-11-11,9:50:34.017648058,T,KO,I,15,70.93
2025-11-11,9:50:34.017651033,T,KO,I,44,70.93
2025-11-11,9:50:34.017651033,T,KO,I,50,70.93
2025-11-11,9:50:39.702038759,T,KO,,100,70.93
2025-11-11,9:50:40.042175850,T,KO,I,10,70.93
2025-11-11,9:50:46.128070683,T,KO,I,10,70.925
2025-11-11,9:50:50.729228007,T,KO,F,100,70.935
2025-11-11,9:50:50.729228007,T,KO,F I,27,70.94
2025-11-11,9:50:50.729230353,T,KO,F,125,70.94
2025-11-11,9:50:50.729302555,T,KO,I,1,70.94
2025-11-11,9:50:50.729489011,T,KO,I,74,70.94
2025-11-11,9:50:52.182534684,T,KO,,100,70.935
2025-11-11,9:50:55.672132865,T,KO,F I,10,70.95
2025-11-11,9:50:55.672132865,T,KO,F I,25,70.95
2025-11-11,9:51:06.195543573,T,KO,F I,8,70.94
2025-11-11,9:51:06.195547440,T,KO,F,100,70.94
2025-11-11,9:51:06.195549640,T,KO,F I,10,70.94
2025-11-11,9:51:06.195552647,T,KO,F I,10,70.94
2025-11-11,9:51:06.195552647,T,KO,F I,25,70.94
2025-11-11,9:51:06.195555854,T,KO,F I,1,70.94
2025-11-11,9:51:14.232942146,T,KO,I,12,70.94
2025-11-11,9:51:19.281886951,T,KO,I,10,70.93
2025-11-11,9:51:19.281886951,T,KO,I,5,70.93
2025-11-11,9:51:19.281889330,T,KO,I,85,70.93
2025-11-11,9:51:33.761838402,T,KO,F I,10,70.94
2025-11-11,9:51:33.761838402,T,KO,F I,52,70.94
2025-11-11,9:51:33.761856195,T,KO,F I,28,70.94
2025-11-11,9:51:35.438511539,T,KO,I,1,70.935
2025-11-11,9:51:36.380117145,T,KO,F I,1,70.93
2025-11-11,9:51:41.313063032,T,KO,,100,70.94
2025-11-11,9:51:48.177515131,T,KO,F I,1,70.93
2025-11-11,9:52:02.799402162,T,KO,I,11,70.925
2025-11-11,9:52:03.633188977,T,KO,F I,44,70.92
2025-11-11,9:52:03.633194947,T,KO,F I,2,70.92
2025-11-11,9:52:03.633194947,T,KO,F I,20,70.92
2025-11-11,9:52:03.633198464,T,KO,F I,25,70.92
2025-11-11,9:52:07.618397986,T,KO,F I,25,70.92
2025-11-11,9:52:07.618402104,T,KO,F I,42,70.92
2025-11-11,9:52:07.618402104,T,KO,F I,25,70.92
2025-11-11,9:52:07.618406527,T,KO,F,113,70.92
2025-11-11,9:52:08.704978388,T,KO,I,5,70.92
2025-11-11,9:52:08.704981414,T,KO,,125,70.92
2025-11-11,9:52:08.704996602,T,KO,I,1,70.92
2025-11-11,9:52:08.704996602,T,KO,F,355,70.92
2025-11-11,9:52:27.070412784,T,KO,F I,1,70.91
2025-11-11,9:52:27.070415209,T,KO,F I,10,70.91
2025-11-11,9:52:27.070418441,T,KO,F I,5,70.91
2025-11-11,9:52:27.070418441,T,KO,F I,15,70.91
2025-11-11,9:52:27.070424237,T,KO,F I,15,70.91
2025-11-11,9:52:27.070433750,T,KO,I,15,70.91
2025-11-11,9:52:27.070439301,T,KO,I,14,70.91
2025-11-11,9:52:27.070454340,T,KO,F I,15,70.91
2025-11-11,9:52:27.564928070,T,KO,I,21,70.92
2025-11-11,9:52:27.564997212,T,KO,I,3,70.92
2025-11-11,9:52:27.637190156,T,KO,I,10,70.92
2025-11-11,9:52:29.425666825,T,KO,I,1,70.915
2025-11-11,9:52:29.425666825,T,KO,I,59,70.915
2025-11-11,9:52:36.910722185,T,KO,F I,14,70.93
2025-11-11,9:52:37.615483636,T,KO,F,100,70.93
2025-11-11,9:52:37.615486749,T,KO,F I,25,70.93
2025-11-11,9:52:37.615486749,T,KO,F I,13,70.93
2025-11-11,9:52:37.615498777,T,KO,F I,76,70.93
2025-11-11,9:52:37.615501736,T,KO,I,1,70.93
2025-11-11,9:52:37.616794815,T,KO,I,23,70.93
2025-11-11,9:52:53.244331140,T,KO,,100,70.945
2025-11-11,9:52:56.909499472,T,KO,I,6,70.95
2025-11-11,9:52:58.265338703,T,KO,I,2,70.945
2025-11-11,9:53:04.317677437,T,KO,I,1,70.94
2025-11-11,9:53:04.317682602,T,KO,I,10,70.94
2025-11-11,9:53:04.325221501,T,KO,I,79,70.935
2025-11-11,9:53:22.887591642,T,KO,I,38,70.94
2025-11-11,9:53:22.919103627,T,KO,F I,10,70.93
2025-11-11,9:53:22.919103627,T,KO,F I,10,70.93
2025-11-11,9:53:22.919106631,T,KO,F I,4,70.93
2025-11-11,9:53:24.069819032,T,KO,F I,1,70.93
2025-11-11,9:53:24.069821528,T,KO,F I,1,70.93
2025-11-11,9:53:24.069824306,T,KO,F I,1,70.93
2025-11-11,9:53:24.069824306,T,KO,I,1,70.93
2025-11-11,9:53:24.069827490,T,KO,F I,1,70.93
2025-11-11,9:53:24.069830731,T,KO,F I,1,70.93
2025-11-11,9:53:26.137005116,T,KO,F I,50,70.92
2025-11-11,9:53:26.137007871,T,KO,F I,25,70.92
2025-11-11,9:53:26.137010753,T,KO,F,100,70.92
2025-11-11,9:53:26.435309530,T,KO,F I,5,70.92
2025-11-11,9:53:26.435309530,T,KO,F I,25,70.92
2025-11-11,9:53:26.779331472,T,KO,I,6,70.92
2025-11-11,9:53:30.795646144,T,KO,F I,3,70.92
2025-11-11,9:53:30.795649179,T,KO,F I,25,70.92
2025-11-11,9:53:30.795649179,T,KO,F I,28,70.92
2025-11-11,9:53:30.795652126,T,KO,F I,2,70.92
2025-11-11,9:53:30.795839234,T,KO,F I,70,70.92
2025-11-11,9:53:33.825963388,T,KO,I,2,70.925
2025-11-11,9:53:37.086526967,T,KO,F I,10,70.92
2025-11-11,9:53:44.438881992,T,KO,I,1,70.91
2025-11-11,9:53:44.438902996,T,KO,I,9,70.91
2025-11-11,9:53:44.438906188,T,KO,I,50,70.91
2025-11-11,9:53:50.849195441,T,KO,,100,70.91
2025-11-11,9:53:50.849198533,T,KO,I,90,70.91
2025-11-11,9:54:00.615595273,T,KO,I,10,70.915
2025-11-11,9:54:01.061873130,T,KO,F I,6,70.92
2025-11-11,9:54:01.061873130,T,KO,F I,92,70.92
2025-11-11,9:54:01.061876110,T,KO,F I,8,70.92
2025-11-11,9:54:01.061891135,T,KO,F I,7,70.92
2025-11-11,9:54:01.061897997,T,KO,F I,10,70.92
2025-11-11,9:54:01.061900538,T,KO,I,1,70.92
2025-11-11,9:54:01.061900538,T,KO,F I,54,70.92
2025-11-11,9:54:01.062426395,T,KO,,100,70.92
2025-11-11,9:54:01.062441580,T,KO,I,10,70.915
2025-11-11,9:54:01.062441580,T,KO,I,20,70.915
2025-11-11,9:54:01.062444685,T,KO,I,10,70.91
2025-11-11,9:54:01.062450739,T,KO,I,25,70.91
2025-11-11,9:54:01.062450739,T,KO,I,4,70.91
2025-11-11,9:54:01.062450739,T,KO,I,60,70.91
2025-11-11,9:54:01.062453442,T,KO,,100,70.91
2025-11-11,9:54:01.062456485,T,KO,I,50,70.91
2025-11-11,9:54:01.062459472,T,KO,I,34,70.91
2025-11-11,9:54:01.062812072,T,KO,F I,14,70.91
2025-11-11,9:54:01.062832308,T,KO,F I,65,70.91
2025-11-11,9:54:01.062953224,T,KO,I,21,70.91
2025-11-11,9:54:01.062953224,T,KO,,100,70.91
2025-11-11,9:54:12.236896707,T,KO,F I,88,70.92
2025-11-11,9:54:12.236899627,T,KO,F I,1,70.92
2025-11-11,9:54:12.237552305,T,KO,F I,1,70.93
2025-11-11,9:54:12.241569847,T,KO,F I,25,70.94
2025-11-11,9:54:12.241569847,T,KO,F I,3,70.94
2025-11-11,9:54:12.241573285,T,KO,F I,27,70.94
2025-11-11,9:54:12.241575869,T,KO,F I,50,70.94
2025-11-11,9:54:12.241575869,T,KO,F,100,70.94
2025-11-11,9:54:12.241578851,T,KO,F,100,70.94
2025-11-11,9:54:21.017942738,T,KO,F I,50,70.93
2025-11-11,9:54:21.017945392,T,KO,F I,10,70.93
2025-11-11,9:54:21.219193628,T,KO,F I,12,70.92
2025-11-11,9:54:25.145284480,T,KO,F I,38,70.91
2025-11-11,9:54:30.639691578,T,KO,,100,70.915
2025-11-11,9:54:36.006886520,T,KO,,100,70.925
2025-11-11,9:54:37.105944156,T,KO,F I,25,70.93
2025-11-11,9:54:37.105947202,T,KO,F I,65,70.93
2025-11-11,9:54:37.106040353,T,KO,I,1,70.93
2025-11-11,9:54:37.109056594,T,KO,I,5,70.93
2025-11-11,9:54:37.109059649,T,KO,I,38,70.93
2025-11-11,9:54:41.791190321,T,KO,F I,25,70.92
2025-11-11,9:54:41.791190321,T,KO,F I,50,70.92
2025-11-11,9:54:41.791196145,T,KO,F,100,70.92
2025-11-11,9:54:41.791199079,T,KO,F I,10,70.92
2025-11-11,9:54:41.791199079,T,KO,F I,2,70.92
2025-11-11,9:54:46.777263475,T,KO,F,300,70.915
2025-11-11,9:54:46.777266761,T,KO,F I,38,70.92
2025-11-11,9:54:46.777266761,T,KO,F I,5,70.92
2025-11-11,9:54:46.777270165,T,KO,F I,25,70.92
2025-11-11,9:54:46.777600341,T,KO,F I,9,70.92
2025-11-11,9:54:46.777603262,T,KO,F I,7,70.92
2025-11-11,9:54:49.150137454,T,KO,F I,10,70.93
2025-11-11,9:54:49.151658693,T,KO,F I,39,70.93
2025-11-11,9:54:49.151661796,T,KO,F,100,70.93
2025-11-11,9:54:49.151664685,T,KO,F,100,70.93
2025-11-11,9:54:49.151664685,T,KO,F I,12,70.93
2025-11-11,9:54:49.151721913,T,KO,I,39,70.93
2025-11-11,9:54:49.151724789,T,KO,I,61,70.93
2025-11-11,9:54:49.152269011,T,KO,I,61,70.93
2025-11-11,9:54:49.802634065,T,KO,F I,12,70.93
2025-11-11,9:55:01.063121328,T,KO,I,5,70.935
2025-11-11,9:55:02.673814367,T,KO,F I,3,70.94
2025-11-11,9:55:05.016138054,T,KO,F I,5,70.94
2025-11-11,9:55:05.016138054,T,KO,F I,20,70.94
2025-11-11,9:55:05.020859392,T,KO,I,2,70.94
2025-11-11,9:55:08.915934234,T,KO,F I,31,70.95
2025-11-11,9:55:08.915952956,T,KO,F I,69,70.95
2025-11-11,9:55:08.915955292,T,KO,F I,5,70.95
2025-11-11,9:55:19.340466232,T,KO,F,100,70.97
2025-11-11,9:55:19.340466232,T,KO,F I,25,70.97
2025-11-11,9:55:19.342147273,T,KO,I,43,70.97
2025-11-11,9:55:19.342150233,T,KO,I,57,70.97
2025-11-11,9:55:19.342171705,T,KO,F I,25,70.97
2025-11-11,9:55:19.342174983,T,KO,F I,88,70.97
2025-11-11,9:55:19.342177281,T,KO,F I,57,70.97
2025-11-11,9:55:20.304195557,T,KO,I,9,70.96
2025-11-11,9:55:20.304198888,T,KO,I,5,70.96
2025-11-11,9:55:20.304201683,T,KO,I,5,70.96
2025-11-11,9:55:20.304201683,T,KO,I,1,70.96
2025-11-11,9:55:21.294378846,T,KO,F I,1,70.95
2025-11-11,9:55:21.294378846,T,KO,F I,5,70.95
2025-11-11,9:55:21.294381924,T,KO,F I,25,70.95
2025-11-11,9:55:32.352306459,T,KO,F I,10,70.94
2025-11-11,9:55:35.272955591,T,KO,F I,1,70.93
2025-11-11,9:55:48.140761841,T,KO,F I,1,70.91
2025-11-11,9:55:48.140764812,T,KO,F I,50,70.91
2025-11-11,9:55:48.491219500,T,KO,,100,70.905
2025-11-11,9:55:50.349667014,T,KO,,100,70.905
2025-11-11,9:55:50.349667014,T,KO,I,43,70.905
2025-11-11,9:55:50.394293032,T,KO,,100,70.905
2025-11-11,9:55:50.418218031,T,KO,F I,43,70.905
2025-11-11,9:55:56.497773928,T,KO,F I,42,70.91
2025-11-11,9:55:56.498549505,T,KO,F I,54,70.91
2025-11-11,9:55:56.498552915,T,KO,F I,25,70.91
2025-11-11,9:55:56.498556834,T,KO,F,100,70.91
2025-11-11,9:55:56.498556834,T,KO,F I,34,70.91
2025-11-11,9:55:56.498561523,T,KO,F I,67,70.91
2025-11-11,9:55:56.498561523,T,KO,F,190,70.91
2025-11-11,9:55:58.582627214,T,KO,I,21,70.9
2025-11-11,9:55:58.582642642,T,KO,F I,29,70.9
2025-11-11,9:55:58.583619801,T,KO,F,106,70.9
2025-11-11,9:55:58.583619801,T,KO,F I,34,70.9
2025-11-11,9:55:58.583622534,T,KO,F I,35,70.9
2025-11-11,9:55:58.583625981,T,KO,F,100,70.9
2025-11-11,9:55:58.583629452,T,KO,F I,25,70.9
2025-11-11,9:55:58.583629452,T,KO,F,135,70.9
2025-11-11,9:55:58.583631520,T,KO,F,100,70.9
2025-11-11,9:55:59.770783969,T,KO,F I,34,70.9
2025-11-11,9:55:59.770786955,T,KO,F I,76,70.9
2025-11-11,9:56:04.159244897,T,KO,F I,25,70.88
2025-11-11,9:56:04.159244897,T,KO,F,100,70.88
2025-11-11,9:56:04.159250338,T,KO,F I,9,70.88
2025-11-11,9:56:04.159250338,T,KO,F,100,70.88
2025-11-11,9:56:04.159256465,T,KO,I,50,70.88
2025-11-11,9:56:04.159274035,T,KO,F I,25,70.89
2025-11-11,9:56:04.159277382,T,KO,F I,59,70.89
2025-11-11,9:56:04.159280054,T,KO,F I,50,70.89
2025-11-11,9:56:04.159280054,T,KO,F,100,70.89
2025-11-11,9:56:04.159283166,T,KO,F I,60,70.89
2025-11-11,9:56:08.961943648,T,KO,F I,51,70.9
2025-11-11,9:56:08.961949497,T,KO,F I,25,70.9
2025-11-11,9:56:08.961949497,T,KO,F I,14,70.9
2025-11-11,9:56:08.961955517,T,KO,F I,76,70.9
2025-11-11,9:56:08.961967583,T,KO,I,10,70.9
2025-11-11,9:56:09.547904089,T,KO,,100,70.895
2025-11-11,9:56:11.007102980,T,KO,F I,82,70.89
2025-11-11,9:56:11.007105361,T,KO,F I,25,70.89
2025-11-11,9:56:11.007108422,T,KO,F,190,70.89
2025-11-11,9:56:11.007150504,T,KO,F,100,70.89
2025-11-11,9:56:11.007150504,T,KO,F I,35,70.89
2025-11-11,9:56:13.694401731,T,KO,I,32,70.89
2025-11-11,9:56:13.694420452,T,KO,F I,3,70.89
2025-11-11,9:56:13.694422725,T,KO,F,100,70.89
2025-11-11,9:56:18.335658696,T,KO,I,57,70.85
2025-11-11,9:56:18.335860184,T,KO,F I,35,70.85
2025-11-11,9:56:18.335867685,T,KO,F,100,70.85
2025-11-11,9:56:18.335867685,T,KO,F I,5,70.85
2025-11-11,9:56:18.335873103,T,KO,F,100,70.85
2025-11-11,9:56:18.335873103,T,KO,F,100,70.855
2025-11-11,9:56:18.335878892,T,KO,F I,25,70.86
2025-11-11,9:56:18.335878892,T,KO,F I,67,70.86
2025-11-11,9:56:18.335881196,T,KO,F,100,70.86
2025-11-11,9:56:18.335884466,T,KO,F,100,70.86
2025-11-11,9:56:18.335884466,T,KO,F,100,70.86
2025-11-11,9:56:18.335887331,T,KO,F I,45,70.86
2025-11-11,9:56:18.335891756,T,KO,F I,50,70.86
2025-11-11,9:56:18.335891756,T,KO,F I,72,70.86
2025-11-11,9:56:18.341577802,T,KO,,100,70.865
2025-11-11,9:56:18.341577802,T,KO,I,25,70.87
2025-11-11,9:56:18.341579835,T,KO,I,1,70.87
2025-11-11,9:56:18.341582843,T,KO,,100,70.87
2025-11-11,9:56:18.341624907,T,KO,,100,70.87
2025-11-11,9:56:18.341658015,T,KO,,100,70.87
2025-11-11,9:56:18.342039931,T,KO,I,35,70.87
2025-11-11,9:56:18.348460677,T,KO,F I,5,70.86
2025-11-11,9:56:18.348463280,T,KO,F I,47,70.86
2025-11-11,9:56:18.348466166,T,KO,F I,13,70.86
2025-11-11,9:56:18.348514364,T,KO,F I,47,70.86
2025-11-11,9:56:18.349654111,T,KO,I,35,70.86
2025-11-11,9:56:18.349657103,T,KO,I,5,70.86
2025-11-11,9:56:18.368942031,T,KO,I,35,70.86
2025-11-11,9:56:18.453112450,T,KO,F I,2,70.86
2025-11-11,9:56:18.453190622,T,KO,F I,1,70.86
2025-11-11,9:56:18.453669311,T,KO,I,35,70.86
2025-11-11,9:56:18.453671745,T,KO,,100,70.86
2025-11-11,9:56:18.453675418,T,KO,I,55,70.86
2025-11-11,9:56:18.453701810,T,KO,,100,70.86
2025-11-11,9:56:18.464599757,T,KO,,100,70.86
2025-11-11,9:56:18.479852847,T,KO,I,35,70.85
2025-11-11,9:56:18.479852847,T,KO,I,50,70.85
2025-11-11,9:56:18.479855091,T,KO,I,25,70.85
2025-11-11,9:56:18.479858310,T,KO,I,35,70.85
2025-11-11,9:56:23.971047493,T,KO,,200,70.84
2025-11-11,9:56:23.973612642,T,KO,,100,70.835
2025-11-11,9:56:25.695258147,T,KO,,100,70.82
2025-11-11,9:56:25.695261054,T,KO,I,19,70.82
2025-11-11,9:56:26.308977774,T,KO,F I,35,70.82
2025-11-11,9:56:26.308981400,T,KO,F,100,70.82
2025-11-11,9:56:26.308981400,T,KO,F I,62,70.82
2025-11-11,9:56:26.308983829,T,KO,F I,37,70.82
2025-11-11,9:56:27.368743946,T,KO,F,100,70.82
2025-11-11,9:56:27.368747162,T,KO,F I,25,70.82
2025-11-11,9:56:27.381524284,T,KO,F I,27,70.83
2025-11-11,9:56:27.381524284,T,KO,F I,25,70.83
2025-11-11,9:56:37.723104081,T,KO,F I,30,70.81
2025-11-11,9:56:37.723119083,T,KO,F I,22,70.81
2025-11-11,9:56:37.723591237,T,KO,I,13,70.81
2025-11-11,9:56:37.723594635,T,KO,I,40,70.81
2025-11-11,9:56:37.723597222,T,KO,,100,70.81
2025-11-11,9:56:37.723600277,T,KO,I,25,70.81
2025-11-11,9:56:37.723612928,T,KO,I,1,70.81
2025-11-11,9:56:37.723639504,T,KO,,100,70.81
2025-11-11,9:56:37.723648467,T,KO,F I,40,70.81
2025-11-11,9:56:37.723654463,T,KO,F I,40,70.81
2025-11-11,9:56:37.780195238,T,KO,I,40,70.81
2025-11-11,9:56:37.780198045,T,KO,I,40,70.81
2025-11-11,9:56:37.780198045,T,KO,I,25,70.81
2025-11-11,9:56:37.780670218,T,KO,F,100,70.81
2025-11-11,9:56:38.700284611,T,KO,F I,5,70.81
2025-11-11,9:56:38.700284611,T,KO,F I,40,70.81
2025-11-11,9:56:38.700287434,T,KO,F I,25,70.81
2025-11-11,9:56:38.769325972,T,KO,,100,70.81
2025-11-11,9:56:38.769328953,T,KO,I,39,70.81
2025-11-11,9:56:40.123385176,T,KO,I,13,70.81
2025-11-11,9:56:40.123388362,T,KO,I,39,70.81
2025-11-11,9:56:40.123390913,T,KO,I,25,70.81
2025-11-11,9:56:40.123393972,T,KO,I,23,70.81
2025-11-11,9:56:53.830793877,T,KO,F,100,70.82
2025-11-11,9:56:53.830793877,T,KO,F,100,70.82
2025-11-11,9:56:53.830796988,T,KO,F I,25,70.82
2025-11-11,9:56:53.832517123,T,KO,F,100,70.83
2025-11-11,9:56:53.832520001,T,KO,F,100,70.83
2025-11-11,9:56:53.833287249,T,KO,I,25,70.83
2025-11-11,9:56:53.833287249,T,KO,,100,70.83
2025-11-11,9:56:53.833290124,T,KO,I,44,70.83
2025-11-11,9:56:53.833293876,T,KO,,100,70.83
2025-11-11,9:56:53.833293876,T,KO,I,50,70.83
2025-11-11,9:56:53.834144167,T,KO,I,44,70.83
2025-11-11,9:56:53.834144167,T,KO,I,56,70.83
2025-11-11,9:56:53.834173969,T,KO,F I,44,70.83
2025-11-11,9:56:56.004791709,T,KO,I,5,70.845
2025-11-11,9:56:56.118318084,T,KO,,100,70.845
2025-11-11,9:57:06.006095765,T,KO,I,22,70.845
2025-11-11,9:57:07.499672011,T,KO,F I,52,70.84
2025-11-11,9:57:07.499672011,T,KO,F I,10,70.84
2025-11-11,9:57:07.499675584,T,KO,F I,15,70.84
2025-11-11,9:57:07.499678130,T,KO,F I,77,70.84
2025-11-11,9:57:07.499678130,T,KO,F I,77,70.84
2025-11-11,9:57:07.499684510,T,KO,F I,36,70.84
2025-11-11,9:57:10.631760670,T,KO,F I,50,70.83
2025-11-11,9:57:10.631763949,T,KO,F I,48,70.83
2025-11-11,9:57:10.631763949,T,KO,F I,11,70.83
2025-11-11,9:57:10.631766622,T,KO,F I,10,70.83
2025-11-11,9:57:10.634494192,T,KO,I,11,70.83
2025-11-11,9:57:10.924817637,T,KO,,100,70.825
2025-11-11,9:57:13.360561790,T,KO,F,100,70.82
2025-11-11,9:57:13.360583598,T,KO,I,1,70.82
2025-11-11,9:57:13.360586238,T,KO,I,12,70.82
2025-11-11,9:57:13.360586238,T,KO,,100,70.82
2025-11-11,9:57:13.360589722,T,KO,,112,70.82
2025-11-11,9:57:13.360595513,T,KO,F I,13,70.82
2025-11-11,9:57:13.360597938,T,KO,F I,13,70.82
2025-11-11,9:57:13.360597938,T,KO,F I,13,70.82
2025-11-11,9:57:13.360601005,T,KO,I,13,70.82
2025-11-11,9:57:13.360608221,T,KO,,100,70.82
2025-11-11,9:57:13.360610977,T,KO,I,13,70.82
2025-11-11,9:57:13.360616131,T,KO,F I,13,70.82
2025-11-11,9:57:13.360616131,T,KO,F I,13,70.82
2025-11-11,9:57:13.360616131,T,KO,F I,13,70.82
2025-11-11,9:57:13.360621965,T,KO,F,100,70.82
2025-11-11,9:57:13.360910752,T,KO,F,100,70.82
2025-11-11,9:57:13.361003787,T,KO,F,100,70.82
2025-11-11,9:57:13.361421778,T,KO,,100,70.82
2025-11-11,9:57:13.362814209,T,KO,I,41,70.82
2025-11-11,9:57:13.362814209,T,KO,,100,70.82
2025-11-11,9:57:24.397890659,T,KO,F,100,70.82
2025-11-11,9:57:24.397893332,T,KO,F I,41,70.82
2025-11-11,9:57:24.397899161,T,KO,F I,5,70.82
2025-11-11,9:57:24.397902108,T,KO,F I,4,70.82
2025-11-11,9:57:24.397902108,T,KO,F,150,70.82
2025-11-11,9:57:24.397911343,T,KO,I,1,70.82
2025-11-11,9:57:24.397920236,T,KO,I,99,70.82
2025-11-11,9:57:24.397920236,T,KO,I,51,70.82
2025-11-11,9:57:24.397950323,T,KO,F I,99,70.82
2025-11-11,9:57:24.397998340,T,KO,F I,1,70.82
2025-11-11,9:57:24.397998340,T,KO,F,100,70.82
2025-11-11,9:57:24.398001426,T,KO,F I,49,70.82
2025-11-11,9:57:24.398010450,T,KO,F I,1,70.82
2025-11-11,9:57:24.398028425,T,KO,F I,1,70.82
2025-11-11,9:57:24.398287200,T,KO,F I,98,70.82
2025-11-11,9:57:24.398290925,T,KO,F,100,70.82
2025-11-11,9:57:24.398293103,T,KO,F I,50,70.82
2025-11-11,9:57:24.398320216,T,KO,F,100,70.82
2025-11-11,9:57:24.398596795,T,KO,F,100,70.82
2025-11-11,9:57:24.398879469,T,KO,F I,9,70.82
2025-11-11,9:57:25.511093602,T,KO,I,91,70.82
2025-11-11,9:57:25.511093602,T,KO,,100,70.82
2025-11-11,9:57:25.511111996,T,KO,,100,70.82
2025-11-11,9:57:25.511117816,T,KO,I,91,70.82
2025-11-11,9:57:25.511117816,T,KO,I,1,70.82
2025-11-11,9:57:25.511117816,T,KO,I,71,70.82
2025-11-11,9:57:25.519730557,T,KO,I,42,70.82
2025-11-11,9:57:27.877934451,T,KO,F,100,70.83
2025-11-11,9:57:27.877952832,T,KO,F,100,70.83
2025-11-11,9:57:27.878710377,T,KO,I,20,70.83
2025-11-11,9:57:37.109150271,T,KO,F I,42,70.83
2025-11-11,9:57:37.109150271,T,KO,F I,51,70.83
2025-11-11,9:57:37.109152838,T,KO,F I,2,70.83
2025-11-11,9:57:37.109155591,T,KO,F I,3,70.83
2025-11-11,9:57:41.888185886,T,KO,,100,70.82
2025-11-11,9:57:41.888185886,T,KO,I,25,70.82
2025-11-11,9:57:41.888188898,T,KO,I,5,70.82
2025-11-11,9:57:41.888188898,T,KO,,273,70.82
