DATE,TIME_M,EX,SYM_ROOT,TR_SCOND,SIZE,PRICE
2025-11-25,9:30:01.775572735,T,KO,,100,72.78
2025-11-25,9:30:01.775575678,T,KO,Q,100,72.78
2025-11-25,9:30:01.777404061,T,KO,I,11,72.82
2025-11-25,9:30:03.761400428,T,KO,,100,72.8
2025-11-25,9:30:03.828881212,T,KO,F,400,72.77
2025-11-25,9:30:03.828884139,T,KO,F,100,72.77
2025-11-25,9:30:03.828887838,T,KO,F,172,72.77
2025-11-25,9:30:03.828887838,T,KO,F,250,72.77
2025-11-25,9:30:03.828890154,T,KO,F,100,72.77
2025-11-25,9:30:03.828893132,T,KO,F I,36,72.77
2025-11-25,9:30:03.829356280,T,KO,F,100,72.76
2025-11-25,9:30:03.841511175,T,KO,F,100,72.76
2025-11-25,9:30:03.841532218,T,KO,I,1,72.76
2025-11-25,9:30:03.908520061,T,KO,I,7,72.74
2025-11-25,9:30:03.908539122,T,KO,F,393,72.74
2025-11-25,9:30:03.908540848,T,KO,F,100,72.74
2025-11-25,9:30:03.908543852,T,KO,F,100,72.74
2025-11-25,9:30:03.908991847,T,KO,F,100,72.73
2025-11-25,9:30:03.909076061,T,KO,,100,72.75
2025-11-25,9:30:03.909211373,T,KO,,111,72.73
2025-11-25,9:30:03.909404210,T,KO,,289,72.73
2025-11-25,9:30:03.909407204,T,KO,,100,72.73
2025-11-25,9:30:03.909407204,T,KO,,100,72.73
2025-11-25,9:30:03.909743734,T,KO,F I,40,72.73
2025-11-25,9:30:03.909746660,T,KO,F,110,72.72
2025-11-25,9:30:03.909770803,T,KO,F,290,72.72
2025-11-25,9:30:03.909996287,T,KO,F,100,72.72
2025-11-25,9:30:05.092954027,T,KO,F,100,72.71
2025-11-25,9:30:05.092956690,T,KO,F I,51,72.71
2025-11-25,9:30:05.093198748,T,KO,F I,1,72.69
2025-11-25,9:30:05.093203275,T,KO,F,100,72.69
2025-11-25,9:30:05.093206324,T,KO,F,400,72.69
2025-11-25,9:30:05.093699783,T,KO,F,100,72.69
2025-11-25,9:30:05.093699783,T,KO,F,200,72.69
2025-11-25,9:30:05.094300830,T,KO,F,100,72.68
2025-11-25,9:30:05.094794008,T,KO,F,100,72.68
2025-11-25,9:30:05.247160965,T,KO,I,6,72.68
2025-11-25,9:30:05.247714282,T,KO,I,94,72.68
2025-11-25,9:30:06.301595715,T,KO,F,100,72.67
2025-11-25,9:30:06.301652332,T,KO,F,137,72.66
2025-11-25,9:30:06.302151541,T,KO,F,100,72.66
2025-11-25,9:30:06.302190558,T,KO,F I,60,72.66
2025-11-25,9:30:06.302272486,T,KO,F,248,72.66
2025-11-25,9:30:06.302274913,T,KO,F,200,72.66
2025-11-25,9:30:06.302277820,T,KO,F I,60,72.66
2025-11-25,9:30:06.302295860,T,KO,I,66,72.66
2025-11-25,9:30:06.302722870,T,KO,,100,72.66
2025-11-25,9:30:06.302773970,T,KO,F,100,72.66
2025-11-25,9:30:06.302804089,T,KO,F,100,72.66
2025-11-25,9:30:06.309053001,T,KO,I,6,72.655
2025-11-25,9:30:06.524798927,T,KO,I,5,72.64
2025-11-25,9:30:06.524807934,T,KO,F I,95,72.64
2025-11-25,9:30:06.555727467,T,KO,,100,72.63
2025-11-25,9:30:06.557528704,T,KO,,400,72.64
2025-11-25,9:30:06.557531854,T,KO,,1900,72.64
2025-11-25,9:30:06.557531854,T,KO,,100,72.64
2025-11-25,9:30:06.560136215,T,KO,,200,72.64
2025-11-25,9:30:06.560138925,T,KO,,400,72.64
2025-11-25,9:30:06.871605797,T,KO,,113,72.65
2025-11-25,9:30:08.735853778,T,KO,,100,72.66
2025-11-25,9:30:08.773392242,T,KO,,100,72.67
2025-11-25,9:30:08.773392242,T,KO,,100,72.67
2025-11-25,9:30:08.773714017,T,KO,,200,72.67
2025-11-25,9:30:09.300538795,T,KO,I,4,72.68
2025-11-25,9:30:09.380995333,T,KO,I,28,72.69
2025-11-25,9:30:09.380995333,T,KO,I,59,72.69
2025-11-25,9:30:09.381262956,T,KO,I,4,72.68
2025-11-25,9:30:09.381262956,T,KO,,100,72.68
2025-11-25,9:30:09.381389256,T,KO,F I,4,72.69
2025-11-25,9:30:09.381389256,T,KO,F I,83,72.69
2025-11-25,9:30:09.381455594,T,KO,,100,72.68
2025-11-25,9:30:09.381458456,T,KO,I,1,72.68
2025-11-25,9:30:09.417995469,T,KO,I,10,72.68
2025-11-25,9:30:10.099027551,T,KO,F,100,72.7
2025-11-25,9:30:10.183207061,T,KO,,200,72.705
2025-11-25,9:30:10.183210050,T,KO,,200,72.705
2025-11-25,9:30:10.183952775,T,KO,I,4,72.705
2025-11-25,9:30:10.340385403,T,KO,I,5,72.685
2025-11-25,9:30:10.452657791,T,KO,,100,72.66
2025-11-25,9:30:10.494739991,T,KO,,100,72.64
2025-11-25,9:30:10.494743012,T,KO,,100,72.64
2025-11-25,9:30:10.495515868,T,KO,,100,72.64
2025-11-25,9:30:10.761469306,T,KO,,100,72.66
2025-11-25,9:30:10.761484382,T,KO,I,1,72.66
2025-11-25,9:30:12.324589151,T,KO,F,101,72.65
2025-11-25,9:30:13.118068004,T,KO,F,100,72.63
2025-11-25,9:30:13.118068004,T,KO,F I,48,72.63
2025-11-25,9:30:13.118200409,T,KO,F,400,72.62
2025-11-25,9:30:13.118365846,T,KO,,100,72.63
2025-11-25,9:30:13.118464954,T,KO,F,100,72.62
2025-11-25,9:30:13.118486008,T,KO,F,100,72.62
2025-11-25,9:30:13.118735656,T,KO,,100,72.62
2025-11-25,9:30:13.118886035,T,KO,,113,72.61
2025-11-25,9:30:13.118886035,T,KO,,100,72.61
2025-11-25,9:30:13.118919271,T,KO,I,83,72.62
2025-11-25,9:30:13.118940160,T,KO,I,17,72.62
2025-11-25,9:30:13.119093545,T,KO,,100,72.61
2025-11-25,9:30:13.119379184,T,KO,,100,72.6
2025-11-25,9:30:13.119379184,T,KO,,400,72.6
2025-11-25,9:30:13.120450485,T,KO,,400,72.59
2025-11-25,9:30:13.121415061,T,KO,F,100,72.59
2025-11-25,9:30:13.121881064,T,KO,,100,72.59
2025-11-25,9:30:13.121884097,T,KO,,100,72.59
2025-11-25,9:30:13.122650937,T,KO,F,100,72.6
2025-11-25,9:30:13.505068777,T,KO,,400,72.57
2025-11-25,9:30:13.511360083,T,KO,F,100,72.57
2025-11-25,9:30:13.511360083,T,KO,F I,9,72.58
2025-11-25,9:30:13.511362707,T,KO,F,400,72.58
2025-11-25,9:30:13.511365726,T,KO,F I,73,72.58
2025-11-25,9:30:13.511380799,T,KO,I,1,72.58
2025-11-25,9:30:13.511383766,T,KO,I,26,72.58
2025-11-25,9:30:13.511459138,T,KO,I,4,72.57
2025-11-25,9:30:13.511462003,T,KO,I,9,72.57
2025-11-25,9:30:13.646838438,T,KO,F,100,72.58
2025-11-25,9:30:13.650732618,T,KO,I,86,72.58
2025-11-25,9:30:13.650753735,T,KO,I,1,72.58
2025-11-25,9:30:13.650759746,T,KO,I,17,72.58
2025-11-25,9:30:13.740039371,T,KO,F,240,72.58
2025-11-25,9:30:15.946349039,T,KO,,100,72.61
2025-11-25,9:30:15.946571502,T,KO,,100,72.61
2025-11-25,9:30:15.946587060,T,KO,F,100,72.61
2025-11-25,9:30:15.946595566,T,KO,,100,72.61
2025-11-25,9:30:15.946634715,T,KO,F,100,72.61
2025-11-25,9:30:15.946646733,T,KO,,100,72.62
2025-11-25,9:30:15.946670828,T,KO,I,1,72.62
2025-11-25,9:30:15.946763984,T,KO,I,38,72.61
2025-11-25,9:30:15.949425521,T,KO,F,138,72.61
2025-11-25,9:30:15.949557631,T,KO,F,138,72.61
2025-11-25,9:30:15.949792192,T,KO,F,300,72.61
2025-11-25,9:30:15.949792192,T,KO,F I,24,72.61
2025-11-25,9:30:16.199871564,T,KO,F I,38,72.62
2025-11-25,9:30:16.199871564,T,KO,F I,62,72.62
2025-11-25,9:30:16.199882856,T,KO,F I,38,72.62
2025-11-25,9:30:17.568186708,T,KO,,100,72.605
2025-11-25,9:30:18.869629291,T,KO,F,300,72.62
2025-11-25,9:30:18.869632293,T,KO,F I,50,72.62
2025-11-25,9:30:18.872534207,T,KO,I,94,72.62
2025-11-25,9:30:22.991450221,T,KO,,100,72.63
2025-11-25,9:30:23.046042473,T,KO,F I,2,72.63
2025-11-25,9:30:23.046042473,T,KO,F I,73,72.63
2025-11-25,9:30:23.046081844,T,KO,,101,72.64
2025-11-25,9:30:23.046087690,T,KO,,299,72.64
2025-11-25,9:30:23.046087690,T,KO,,300,72.64
2025-11-25,9:30:23.046090292,T,KO,I,1,72.64
2025-11-25,9:30:23.046262287,T,KO,F,100,72.63
2025-11-25,9:30:23.046265010,T,KO,F I,19,72.63
2025-11-25,9:30:23.046267819,T,KO,F,100,72.63
2025-11-25,9:30:23.046267819,T,KO,F,100,72.63
2025-11-25,9:30:23.891896790,T,KO,I,90,72.61
2025-11-25,9:30:23.891899771,T,KO,I,3,72.61
2025-11-25,9:30:23.942817661,T,KO,I,3,72.6
2025-11-25,9:30:23.942820014,T,KO,I,97,72.6
2025-11-25,9:30:28.452964913,T,KO,,100,72.61
2025-11-25,9:30:28.452964913,T,KO,I,19,72.61
2025-11-25,9:30:28.452967899,T,KO,,100,72.61
2025-11-25,9:30:28.452986132,T,KO,I,1,72.61
2025-11-25,9:30:28.453061146,T,KO,F,100,72.6
2025-11-25,9:30:28.477963518,T,KO,F I,9,72.61
2025-11-25,9:30:28.483244622,T,KO,F I,91,72.61
2025-11-25,9:30:28.483247024,T,KO,F I,9,72.61
2025-11-25,9:30:28.483262060,T,KO,F I,91,72.61
2025-11-25,9:30:28.483286310,T,KO,I,91,72.61
2025-11-25,9:30:30.251579403,T,KO,,100,72.61
2025-11-25,9:30:30.251579403,T,KO,I,8,72.61
2025-11-25,9:30:30.251581781,T,KO,I,92,72.62
2025-11-25,9:30:30.251605778,T,KO,F I,23,72.61
2025-11-25,9:30:30.251951566,T,KO,,100,72.61
2025-11-25,9:30:30.251957607,T,KO,I,23,72.61
2025-11-25,9:30:30.252014807,T,KO,F,100,72.61
2025-11-25,9:30:30.252095989,T,KO,,100,72.61
2025-11-25,9:30:30.252132078,T,KO,I,36,72.62
2025-11-25,9:30:30.252291509,T,KO,F I,2,72.61
2025-11-25,9:30:30.252571122,T,KO,I,32,72.61
2025-11-25,9:30:30.495781417,T,KO,I,2,72.61
2025-11-25,9:30:30.495781417,T,KO,I,1,72.61
2025-11-25,9:30:30.495784350,T,KO,,300,72.61
2025-11-25,9:30:31.051177089,T,KO,F I,72,72.62
2025-11-25,9:30:31.229949905,T,KO,F,200,72.62
2025-11-25,9:30:32.212239367,T,KO,F,100,72.65
2025-11-25,9:30:32.212239367,T,KO,F,100,72.66
2025-11-25,9:30:32.212242362,T,KO,F,300,72.66
2025-11-25,9:30:32.212254426,T,KO,I,1,72.66
2025-11-25,9:30:32.212260447,T,KO,F I,23,72.65
2025-11-25,9:30:32.212329622,T,KO,I,2,72.65
2025-11-25,9:30:32.212354459,T,KO,F I,98,72.65
2025-11-25,9:30:33.085675685,T,KO,F,336,72.64
2025-11-25,9:30:33.085702761,T,KO,F I,10,72.63
2025-11-25,9:30:33.086388399,T,KO,I,43,72.63
2025-11-25,9:30:33.086388399,T,KO,I,57,72.63
2025-11-25,9:30:36.119556457,T,KO,F I,68,72.63
2025-11-25,9:30:42.715733875,T,KO,F,100,72.63
2025-11-25,9:30:42.715748800,T,KO,I,1,72.63
2025-11-25,9:30:42.715748800,T,KO,I,49,72.63
2025-11-25,9:30:43.015190028,T,KO,,300,72.635
2025-11-25,9:30:44.469802546,T,KO,I,80,72.62
2025-11-25,9:30:44.469805554,T,KO,I,2,72.62
2025-11-25,9:30:45.156806861,T,KO,F I,2,72.6
2025-11-25,9:30:47.323232691,T,KO,F,291,72.6
2025-11-25,9:30:47.323253575,T,KO,,809,72.6
2025-11-25,9:30:47.325662682,T,KO,,100,72.6
2025-11-25,9:30:47.325665387,T,KO,,213,72.6
2025-11-25,9:30:47.325683528,T,KO,I,1,72.6
2025-11-25,9:30:47.325710442,T,KO,,122,72.6
2025-11-25,9:30:47.325779697,T,KO,,100,72.61
2025-11-25,9:30:47.325797703,T,KO,I,26,72.61
2025-11-25,9:30:47.325972452,T,KO,,100,72.6
2025-11-25,9:30:47.325972452,T,KO,,100,72.6
2025-11-25,9:30:47.325975733,T,KO,I,26,72.6
2025-11-25,9:30:47.325978126,T,KO,I,3,72.6
2025-11-25,9:30:47.370261548,T,KO,,100,72.59
2025-11-25,9:30:47.370312759,T,KO,,400,72.61
2025-11-25,9:30:47.370312759,T,KO,,100,72.61
2025-11-25,9:30:47.370318731,T,KO,,100,72.61
2025-11-25,9:30:47.370318731,T,KO,,1200,72.61
2025-11-25,9:30:47.420210583,T,KO,,400,72.63
2025-11-25,9:30:47.420210583,T,KO,,100,72.63
2025-11-25,9:30:47.422649369,T,KO,,400,72.65
2025-11-25,9:30:47.422727492,T,KO,,300,72.65
2025-11-25,9:30:49.234633370,T,KO,F,200,72.65
2025-11-25,9:30:49.234636052,T,KO,F,200,72.65
2025-11-25,9:30:49.234638955,T,KO,F,200,72.655
2025-11-25,9:30:49.234638955,T,KO,F,100,72.67
2025-11-25,9:30:49.234651045,T,KO,I,1,72.67
2025-11-25,9:30:49.234687283,T,KO,F I,26,72.66
2025-11-25,9:30:49.234687283,T,KO,I,31,72.67
2025-11-25,9:30:49.234690083,T,KO,,268,72.67
2025-11-25,9:30:49.234693901,T,KO,,200,72.67
2025-11-25,9:30:49.234693901,T,KO,,100,72.67
2025-11-25,9:30:49.234729735,T,KO,F,100,72.66
2025-11-25,9:30:49.234732407,T,KO,F,100,72.66
2025-11-25,9:30:49.234759245,T,KO,I,26,72.66
2025-11-25,9:30:49.263767161,T,KO,F,100,72.655
2025-11-25,9:30:49.263769341,T,KO,F I,74,72.66
2025-11-25,9:30:49.263772874,T,KO,F,400,72.66
2025-11-25,9:30:49.263772874,T,KO,F,100,72.66
2025-11-25,9:30:49.263775386,T,KO,F I,26,72.66
2025-11-25,9:30:49.263778488,T,KO,F I,32,72.66
2025-11-25,9:30:49.293660506,T,KO,F,100,72.655
2025-11-25,9:30:49.314262629,T,KO,F,100,72.655
2025-11-25,9:30:49.339808431,T,KO,F,100,72.655
2025-11-25,9:30:49.355899778,T,KO,F,100,72.655
2025-11-25,9:30:49.382288262,T,KO,F,200,72.655
2025-11-25,9:30:49.382288262,T,KO,F I,41,72.66
2025-11-25,9:30:49.382291275,T,KO,F I,59,72.66
2025-11-25,9:30:49.382293984,T,KO,F I,96,72.66
2025-11-25,9:30:49.382293984,T,KO,F,104,72.66
2025-11-25,9:30:49.382296637,T,KO,F I,96,72.66
2025-11-25,9:30:49.467727211,T,KO,F,100,72.66
2025-11-25,9:30:49.467730090,T,KO,F,106,72.65
2025-11-25,9:30:49.467733124,T,KO,F I,63,72.65
2025-11-25,9:30:50.704593954,T,KO,,100,72.64
2025-11-25,9:30:51.518311019,T,KO,F,100,72.64
2025-11-25,9:30:51.518311019,T,KO,F I,1,72.64
2025-11-25,9:30:52.086520339,T,KO,I,10,72.65
2025-11-25,9:30:52.087461551,T,KO,I,10,72.65
2025-11-25,9:30:52.186216798,T,KO,I,10,72.65
2025-11-25,9:30:52.188484219,T,KO,I,70,72.65
2025-11-25,9:30:52.188484219,T,KO,,100,72.65
2025-11-25,9:30:53.615833672,T,KO,,336,72.64
2025-11-25,9:30:59.477345991,T,KO,F,100,72.64
2025-11-25,9:31:02.101732518,T,KO,I,12,72.655
2025-11-25,9:31:02.350033938,T,KO,I,88,72.655
2025-11-25,9:31:04.666568538,T,KO,F I,90,72.65
2025-11-25,9:31:04.666571156,T,KO,F I,33,72.65
2025-11-25,9:31:04.667019172,T,KO,I,2,72.64
2025-11-25,9:31:04.667206943,T,KO,F,400,72.63
2025-11-25,9:31:04.667211739,T,KO,F,100,72.63
2025-11-25,9:31:04.667211739,T,KO,F I,25,72.63
2025-11-25,9:31:04.667214640,T,KO,F I,74,72.63
2025-11-25,9:31:04.667719935,T,KO,I,27,72.64
2025-11-25,9:31:04.667719935,T,KO,I,49,72.64
2025-11-25,9:31:04.668703511,T,KO,F,100,72.63
2025-11-25,9:31:04.668703511,T,KO,F I,49,72.63
2025-11-25,9:31:04.668757649,T,KO,F,400,72.62
2025-11-25,9:31:04.668760404,T,KO,F,100,72.62
2025-11-25,9:31:04.670264088,T,KO,F,100,72.62
2025-11-25,9:31:04.670345180,T,KO,F,100,72.61
2025-11-25,9:31:06.059392377,T,KO,I,14,72.59
2025-11-25,9:31:06.059395491,T,KO,,127,72.59
2025-11-25,9:31:06.059407528,T,KO,F,241,72.59
2025-11-25,9:31:06.059446997,T,KO,I,26,72.6
2025-11-25,9:31:09.023525133,T,KO,I,27,72.58
2025-11-25,9:31:09.023658038,T,KO,I,5,72.59
2025-11-25,9:31:09.023663411,T,KO,I,25,72.59
2025-11-25,9:31:09.023768830,T,KO,,100,72.59
2025-11-25,9:31:10.281820959,T,KO,F I,69,72.585
2025-11-25,9:31:10.281820959,T,KO,F I,4,72.59
2025-11-25,9:31:10.281824321,T,KO,F I,29,72.59
2025-11-25,9:31:10.281826988,T,KO,F I,36,72.59
2025-11-25,9:31:10.282966683,T,KO,,100,72.59
2025-11-25,9:31:10.282966683,T,KO,,400,72.59
2025-11-25,9:31:10.282969730,T,KO,,100,72.59
2025-11-25,9:31:10.282978812,T,KO,F I,42,72.59
2025-11-25,9:31:10.477755626,T,KO,I,58,72.585
2025-11-25,9:31:10.483502362,T,KO,I,17,72.59
2025-11-25,9:31:10.483502362,T,KO,I,7,72.59
2025-11-25,9:31:10.483505344,T,KO,I,18,72.59
2025-11-25,9:31:10.483508505,T,KO,I,16,72.59
2025-11-25,9:31:10.483547453,T,KO,I,25,72.6
2025-11-25,9:31:10.483550509,T,KO,,381,72.6
2025-11-25,9:31:10.483550509,T,KO,I,19,72.6
2025-11-25,9:31:10.483813097,T,KO,,100,72.59
2025-11-25,9:31:10.483815167,T,KO,,100,72.59
2025-11-25,9:31:10.483818751,T,KO,I,26,72.59
2025-11-25,9:31:10.483818751,T,KO,I,25,72.59
2025-11-25,9:31:10.484230107,T,KO,,100,72.58
2025-11-25,9:31:10.484233405,T,KO,,100,72.58
2025-11-25,9:31:10.484236227,T,KO,,100,72.58
2025-11-25,9:31:10.484239458,T,KO,,400,72.58
2025-11-25,9:31:10.484239458,T,KO,,100,72.58
2025-11-25,9:31:10.485318708,T,KO,F I,15,72.58
2025-11-25,9:31:10.485321681,T,KO,F,100,72.57
2025-11-25,9:31:10.485324744,T,KO,F,100,72.57
2025-11-25,9:31:11.175438374,T,KO,F I,42,72.58
2025-11-25,9:31:11.175441385,T,KO,F I,58,72.58
2025-11-25,9:31:11.175447285,T,KO,F,100,72.58
2025-11-25,9:31:11.175447285,T,KO,F,100,72.58
2025-11-25,9:31:11.175450675,T,KO,F,100,72.58
2025-11-25,9:31:11.175450675,T,KO,F,800,72.58
2025-11-25,9:31:11.175450675,T,KO,F I,26,72.58
2025-11-25,9:31:11.175453402,T,KO,F,100,72.58
2025-11-25,9:31:11.283428482,T,KO,I,25,72.6
2025-11-25,9:31:13.867467998,T,KO,,100,72.6
2025-11-25,9:31:13.867470929,T,KO,I,25,72.6
2025-11-25,9:31:18.178905498,T,KO,,100,72.61
2025-11-25,9:31:18.181458519,T,KO,F,100,72.63
2025-11-25,9:31:18.181461979,T,KO,F,100,72.63
2025-11-25,9:31:18.181464552,T,KO,F,100,72.63
2025-11-25,9:31:18.182315943,T,KO,,100,72.63
2025-11-25,9:31:18.182315943,T,KO,I,5,72.63
2025-11-25,9:31:18.182318630,T,KO,,100,72.63
2025-11-25,9:31:18.266110386,T,KO,F I,57,72.62
2025-11-25,9:31:18.266114388,T,KO,F I,26,72.62
2025-11-25,9:31:18.266119889,T,KO,F,220,72.62
2025-11-25,9:31:18.266119889,T,KO,F I,10,72.62
2025-11-25,9:31:18.266119889,T,KO,F I,6,72.62
2025-11-25,9:31:18.266134227,T,KO,F I,19,72.62
2025-11-25,9:31:18.266137797,T,KO,F,288,72.62
2025-11-25,9:31:21.004375390,T,KO,I,2,72.625
2025-11-25,9:31:21.004375390,T,KO,I,31,72.63
2025-11-25,9:31:21.004377907,T,KO,I,24,72.63
2025-11-25,9:31:21.004404971,T,KO,,300,72.625
2025-11-25,9:31:21.004416982,T,KO,I,2,72.63
2025-11-25,9:31:21.004416982,T,KO,,100,72.63
2025-11-25,9:31:21.004631070,T,KO,,100,72.62
2025-11-25,9:31:21.004634225,T,KO,I,27,72.62
2025-11-25,9:31:21.004636578,T,KO,I,71,72.62
2025-11-25,9:31:21.004636578,T,KO,I,25,72.62
2025-11-25,9:31:21.004682099,T,KO,,100,72.63
2025-11-25,9:31:21.004699747,T,KO,I,1,72.63
2025-11-25,9:31:21.004718887,T,KO,I,99,72.63
2025-11-25,9:31:21.004723903,T,KO,I,10,72.63
2025-11-25,9:31:21.004733043,T,KO,I,17,72.63
2025-11-25,9:31:21.004733043,T,KO,I,71,72.63
2025-11-25,9:31:21.004735775,T,KO,,100,72.63
2025-11-25,9:31:21.004735775,T,KO,I,9,72.63
2025-11-25,9:31:21.004777848,T,KO,I,91,72.63
2025-11-25,9:31:21.004780855,T,KO,I,25,72.64
2025-11-25,9:31:21.005024566,T,KO,,100,72.64
2025-11-25,9:31:21.005367234,T,KO,I,59,72.64
2025-11-25,9:31:21.005406356,T,KO,,100,72.64
2025-11-25,9:31:21.024802883,T,KO,F I,6,72.64
2025-11-25,9:31:21.024802883,T,KO,F I,10,72.64
2025-11-25,9:31:21.024805630,T,KO,F I,25,72.64
2025-11-25,9:31:21.024808616,T,KO,F,100,72.64
2025-11-25,9:31:21.116373657,T,KO,,100,72.63
2025-11-25,9:31:21.116373657,T,KO,I,25,72.63
2025-11-25,9:31:27.176858028,T,KO,F I,25,72.655
2025-11-25,9:31:27.313094465,T,KO,F I,25,72.66
2025-11-25,9:31:27.313097445,T,KO,F,100,72.66
2025-11-25,9:31:27.313097445,T,KO,F,100,72.66
2025-11-25,9:31:27.314715316,T,KO,F,100,72.66
2025-11-25,9:31:27.314718407,T,KO,F I,25,72.67
2025-11-25,9:31:27.314718407,T,KO,F I,79,72.67
2025-11-25,9:31:27.314721322,T,KO,F,200,72.67
2025-11-25,9:31:27.314953722,T,KO,,100,72.66
2025-11-25,9:31:27.314953722,T,KO,I,53,72.66
2025-11-25,9:31:27.314955844,T,KO,I,25,72.66
2025-11-25,9:31:27.314973943,T,KO,I,1,72.66
2025-11-25,9:31:27.316609800,T,KO,F,100,72.67
2025-11-25,9:31:27.316612806,T,KO,F I,53,72.67
2025-11-25,9:31:27.316616459,T,KO,F,300,72.67
2025-11-25,9:31:27.316616459,T,KO,F,100,72.67
2025-11-25,9:31:27.316618861,T,KO,F I,50,72.67
2025-11-25,9:31:31.089828951,T,KO,I,2,72.68
2025-11-25,9:31:31.089832014,T,KO,I,2,72.68
2025-11-25,9:31:31.089834430,T,KO,I,5,72.68
2025-11-25,9:31:31.090075616,T,KO,F,100,72.66
2025-11-25,9:31:31.090078073,T,KO,F I,25,72.66
2025-11-25,9:31:31.090787735,T,KO,,100,72.65
2025-11-25,9:31:31.090793779,T,KO,I,35,72.66
2025-11-25,9:31:32.166413525,T,KO,I,12,72.62
2025-11-25,9:31:32.166563946,T,KO,I,33,72.63
2025-11-25,9:31:32.166563946,T,KO,I,25,72.63
2025-11-25,9:31:32.166708226,T,KO,F,260,72.63
2025-11-25,9:31:32.166714472,T,KO,,100,72.63
2025-11-25,9:31:32.166714472,T,KO,I,25,72.64
2025-11-25,9:31:33.559213759,T,KO,I,2,72.63
2025-11-25,9:31:33.559234803,T,KO,F I,20,72.63
2025-11-25,9:31:33.561216504,T,KO,I,2,72.61
2025-11-25,9:31:33.561240992,T,KO,F,100,72.61
2025-11-25,9:31:33.561240992,T,KO,F,100,72.61
2025-11-25,9:31:33.561243612,T,KO,F I,17,72.61
2025-11-25,9:31:33.561346541,T,KO,,100,72.62
2025-11-25,9:31:33.561790956,T,KO,,100,72.62
2025-11-25,9:31:33.561797802,T,KO,,100,72.62
2025-11-25,9:31:33.561797802,T,KO,,100,72.63
2025-11-25,9:31:33.561797802,T,KO,,100,72.63
2025-11-25,9:31:33.561803283,T,KO,I,3,72.63
2025-11-25,9:31:33.561803283,T,KO,I,25,72.63
2025-11-25,9:31:33.561803283,T,KO,,100,72.63
2025-11-25,9:31:33.561806567,T,KO,,200,72.63
2025-11-25,9:31:33.561806567,T,KO,,200,72.63
2025-11-25,9:31:33.561998480,T,KO,F,100,72.63
2025-11-25,9:31:33.562040474,T,KO,,100,72.63
2025-11-25,9:31:33.562043506,T,KO,,116,72.63
2025-11-25,9:31:33.579912366,T,KO,,100,72.63
2025-11-25,9:31:33.579915335,T,KO,,100,72.63
2025-11-25,9:31:33.579915335,T,KO,,100,72.63
2025-11-25,9:31:34.872158791,T,KO,,100,72.63
2025-11-25,9:31:34.872161860,T,KO,,325,72.62
2025-11-25,9:31:34.872176880,T,KO,I,1,72.62
2025-11-25,9:31:34.872200905,T,KO,I,36,72.63
2025-11-25,9:31:37.029539113,T,KO,F,100,72.64
2025-11-25,9:31:37.031526766,T,KO,F,100,72.65
2025-11-25,9:31:37.031563280,T,KO,,296,72.65
2025-11-25,9:31:44.567764843,T,KO,I,36,72.64
2025-11-25,9:31:44.567767236,T,KO,,100,72.64
2025-11-25,9:31:44.567769914,T,KO,,170,72.64
2025-11-25,9:31:44.599122651,T,KO,I,5,72.61
2025-11-25,9:31:44.599616236,T,KO,,200,72.61
2025-11-25,9:31:44.599616236,T,KO,,800,72.61
2025-11-25,9:31:44.599621830,T,KO,,196,72.61
2025-11-25,9:31:44.599628500,T,KO,I,7,72.61
2025-11-25,9:31:44.600356249,T,KO,F,350,72.62
2025-11-25,9:31:44.600356249,T,KO,F,250,72.62
2025-11-25,9:31:45.049713193,T,KO,I,7,72.62
2025-11-25,9:31:45.049713193,T,KO,I,1,72.62
2025-11-25,9:31:45.049715835,T,KO,,100,72.62
2025-11-25,9:31:45.049769936,T,KO,I,7,72.62
2025-11-25,9:31:45.053667316,T,KO,,100,72.62
2025-11-25,9:31:45.053736351,T,KO,F,100,72.62
2025-11-25,9:31:45.057239756,T,KO,,100,72.62
2025-11-25,9:31:45.059777821,T,KO,,350,72.62
2025-11-25,9:31:49.293026139,T,KO,F,600,72.63
2025-11-25,9:31:51.239243554,T,KO,F,100,72.62
2025-11-25,9:31:51.732526394,T,KO,F,200,72.62
2025-11-25,9:31:51.732562515,T,KO,I,25,72.63
2025-11-25,9:31:56.341799301,T,KO,F,100,72.64
2025-11-25,9:31:56.500063179,T,KO,F I,4,72.65
2025-11-25,9:31:57.382602219,T,KO,,196,72.66
2025-11-25,9:32:01.870726342,T,KO,F I,25,72.66
2025-11-25,9:32:01.870726342,T,KO,F,100,72.66
2025-11-25,9:32:01.870728562,T,KO,F I,2,72.66
2025-11-25,9:32:01.870842794,T,KO,F I,74,72.65
2025-11-25,9:32:01.871747982,T,KO,F,100,72.64
2025-11-25,9:32:01.871772014,T,KO,F,100,72.64
2025-11-25,9:32:01.871817171,T,KO,F,100,72.64
2025-11-25,9:32:01.872457631,T,KO,I,20,72.64
2025-11-25,9:32:01.872460684,T,KO,,100,72.64
2025-11-25,9:32:01.872505791,T,KO,F,100,72.64
2025-11-25,9:32:01.872740320,T,KO,F,100,72.64
2025-11-25,9:32:01.873008104,T,KO,F,100,72.64
2025-11-25,9:32:01.873066077,T,KO,F,100,72.64
2025-11-25,9:32:01.873068175,T,KO,F I,11,72.64
2025-11-25,9:32:01.873071429,T,KO,F I,89,72.64
2025-11-25,9:32:01.873141318,T,KO,F,100,72.64
2025-11-25,9:32:16.234354111,T,KO,F I,25,72.63
2025-11-25,9:32:26.067750365,T,KO,I,88,72.65
2025-11-25,9:32:26.067753386,T,KO,I,93,72.65
2025-11-25,9:32:26.067756447,T,KO,F,357,72.65
2025-11-25,9:32:26.067759473,T,KO,F I,1,72.65
2025-11-25,9:32:26.067759473,T,KO,F I,1,72.65
2025-11-25,9:32:26.067762336,T,KO,F,100,72.65
2025-11-25,9:32:26.069025373,T,KO,F I,90,72.68
2025-11-25,9:32:26.980117449,T,KO,F,100,72.695
2025-11-25,9:32:26.980126533,T,KO,F I,15,72.7
2025-11-25,9:32:26.980246721,T,KO,F,100,72.7
2025-11-25,9:32:28.528282612,T,KO,F,100,72.69
2025-11-25,9:32:28.528282612,T,KO,F I,25,72.69
2025-11-25,9:32:28.528409787,T,KO,F I,27,72.68
2025-11-25,9:32:28.528411936,T,KO,F,100,72.68
2025-11-25,9:32:28.528411936,T,KO,F I,25,72.68
2025-11-25,9:32:28.528433417,T,KO,F I,2,72.68
2025-11-25,9:32:28.528436644,T,KO,I,1,72.68
2025-11-25,9:32:28.528439655,T,KO,F I,97,72.68
2025-11-25,9:32:28.528451084,T,KO,,100,72.68
2025-11-25,9:32:28.528499190,T,KO,,100,72.68
2025-11-25,9:32:28.528529260,T,KO,F I,38,72.68
2025-11-25,9:32:28.528616439,T,KO,F,100,72.68
2025-11-25,9:32:28.528623082,T,KO,F,100,72.68
2025-11-25,9:32:28.528842017,T,KO,,100,72.68
2025-11-25,9:32:28.529001288,T,KO,F,100,72.68
2025-11-25,9:32:28.549323790,T,KO,F I,1,72.68
2025-11-25,9:32:28.549380882,T,KO,F,100,72.68
2025-11-25,9:32:28.568677851,T,KO,F I,38,72.68
2025-11-25,9:32:28.582017608,T,KO,I,11,72.68
2025-11-25,9:32:28.591893150,T,KO,F I,1,72.68
2025-11-25,9:32:28.591953301,T,KO,F,100,72.68
2025-11-25,9:32:29.455916911,T,KO,F I,2,72.67
2025-11-25,9:32:29.455920157,T,KO,F,100,72.67
2025-11-25,9:32:29.455920157,T,KO,F I,1,72.67
2025-11-25,9:32:29.455923694,T,KO,F I,30,72.67
2025-11-25,9:32:29.455935025,T,KO,F I,70,72.67
2025-11-25,9:32:29.456617627,T,KO,,100,72.67
2025-11-25,9:32:34.892472322,T,KO,F,100,72.65
2025-11-25,9:32:34.892475457,T,KO,F I,90,72.66
2025-11-25,9:32:34.892475457,T,KO,F I,25,72.66
2025-11-25,9:32:34.892478286,T,KO,F,235,72.66
2025-11-25,9:32:34.892493403,T,KO,I,1,72.66
2025-11-25,9:32:34.892502317,T,KO,I,1,72.66
2025-11-25,9:32:34.892521391,T,KO,,163,72.66
2025-11-25,9:32:34.892521391,T,KO,I,10,72.66
2025-11-25,9:32:34.892523928,T,KO,I,2,72.66
2025-11-25,9:32:37.143696980,T,KO,F I,35,72.66
2025-11-25,9:32:37.143715064,T,KO,I,66,72.66
2025-11-25,9:32:37.143718063,T,KO,,1267,72.66
2025-11-25,9:32:37.143736132,T,KO,I,1,72.66
2025-11-25,9:32:37.143745127,T,KO,F,232,72.66
2025-11-25,9:32:37.143745127,T,KO,F I,1,72.66
2025-11-25,9:32:37.149209087,T,KO,F I,26,72.66
2025-11-25,9:32:37.149209087,T,KO,F I,74,72.66
2025-11-25,9:32:37.161454314,T,KO,F I,85,72.655
2025-11-25,9:32:37.181442841,T,KO,F I,4,72.66
2025-11-25,9:32:37.196277248,T,KO,F I,1,72.655
2025-11-25,9:32:38.791444386,T,KO,F I,96,72.66
2025-11-25,9:32:38.791448118,T,KO,F,1091,72.66
2025-11-25,9:32:38.791474506,T,KO,,109,72.66
2025-11-25,9:32:41.526480010,T,KO,,100,72.64
2025-11-25,9:32:41.526480010,T,KO,I,25,72.64
2025-11-25,9:32:41.526482516,T,KO,I,75,72.64
2025-11-25,9:32:41.526497669,T,KO,,200,72.655
2025-11-25,9:32:41.526501045,T,KO,,102,72.66
2025-11-25,9:32:41.526509673,T,KO,I,69,72.66
2025-11-25,9:32:41.526509673,T,KO,,100,72.66
2025-11-25,9:32:41.526515511,T,KO,I,25,72.66
2025-11-25,9:32:41.526515511,T,KO,I,97,72.66
2025-11-25,9:32:41.526515511,T,KO,F I,25,72.64
2025-11-25,9:32:41.526521528,T,KO,I,1,72.65
2025-11-25,9:32:44.771240573,T,KO,F I,42,72.64
2025-11-25,9:32:44.934748971,T,KO,I,25,72.63
2025-11-25,9:32:46.149456023,T,KO,,100,72.625
2025-11-25,9:32:52.608807258,T,KO,F I,42,72.63
2025-11-25,9:32:53.692414185,T,KO,F,100,72.64
2025-11-25,9:32:53.692417150,T,KO,F,200,72.64
2025-11-25,9:32:54.748481439,T,KO,F I,14,72.655
2025-11-25,9:33:00.256968031,T,KO,F I,2,72.65
2025-11-25,9:33:00.256968031,T,KO,F,100,72.65
2025-11-25,9:33:08.282272007,T,KO,F I,20,72.65
2025-11-25,9:33:08.282274913,T,KO,F,300,72.65
2025-11-25,9:33:08.282278399,T,KO,F,206,72.65
2025-11-25,9:33:08.283047782,T,KO,I,16,72.66
2025-11-25,9:33:08.284127419,T,KO,F I,10,72.66
2025-11-25,9:33:08.284140043,T,KO,F I,10,72.66
2025-11-25,9:33:08.284140043,T,KO,F I,10,72.66
2025-11-25,9:33:08.284143152,T,KO,F I,1,72.66
2025-11-25,9:33:08.284163513,T,KO,F I,79,72.66
2025-11-25,9:33:10.814624265,T,KO,,100,72.65
2025-11-25,9:33:11.012793726,T,KO,I,15,72.64
2025-11-25,9:33:11.012796238,T,KO,I,1,72.64
2025-11-25,9:33:11.013608168,T,KO,,100,72.64
2025-11-25,9:33:18.994144381,T,KO,I,2,72.62
2025-11-25,9:33:18.994147317,T,KO,I,25,72.62
2025-11-25,9:33:26.748761454,T,KO,F,100,72.64
2025-11-25,9:33:26.752300922,T,KO,F,100,72.66
2025-11-25,9:33:26.752827185,T,KO,,100,72.66
2025-11-25,9:33:26.753221137,T,KO,I,38,72.66
2025-11-25,9:33:26.756162350,T,KO,,100,72.655
2025-11-25,9:33:26.756165164,T,KO,I,1,72.66
2025-11-25,9:33:26.756165164,T,KO,I,99,72.66
2025-11-25,9:33:26.756186183,T,KO,I,1,72.66
2025-11-25,9:33:26.758664404,T,KO,I,4,72.67
2025-11-25,9:33:26.758664404,T,KO,I,96,72.67
2025-11-25,9:33:26.854763918,T,KO,F I,69,72.65
2025-11-25,9:33:33.044890559,T,KO,F,100,72.63
2025-11-25,9:33:33.044896385,T,KO,F,100,72.63
2025-11-25,9:33:33.044896385,T,KO,F I,90,72.62
2025-11-25,9:33:33.044899148,T,KO,F,367,72.62
2025-11-25,9:33:33.044899148,T,KO,F I,25,72.62
2025-11-25,9:33:33.044902022,T,KO,F,315,72.62
2025-11-25,9:33:33.044911068,T,KO,I,1,72.62
2025-11-25,9:33:33.045043717,T,KO,F I,45,72.63
2025-11-25,9:33:33.045043717,T,KO,F,400,72.63
2025-11-25,9:33:33.045046360,T,KO,F,100,72.63
2025-11-25,9:33:33.045068097,T,KO,I,1,72.63
2025-11-25,9:33:35.048628350,T,KO,I,45,72.62
2025-11-25,9:33:37.211619858,T,KO,,100,72.62
2025-11-25,9:33:37.211631975,T,KO,I,1,72.62
2025-11-25,9:33:37.211638835,T,KO,F,399,72.62
2025-11-25,9:33:37.211640900,T,KO,F I,25,72.62
2025-11-25,9:33:37.211643951,T,KO,F I,1,72.62
2025-11-25,9:33:37.211683058,T,KO,F,199,72.62
2025-11-25,9:33:37.211725117,T,KO,F,100,72.62
2025-11-25,9:33:37.211941680,T,KO,F,100,72.62
2025-11-25,9:33:37.211941680,T,KO,F,100,72.62
2025-11-25,9:33:37.212278521,T,KO,I,20,72.62
2025-11-25,9:33:38.247699491,T,KO,F I,5,72.62
2025-11-25,9:33:38.247701911,T,KO,F I,5,72.61
2025-11-25,9:33:38.247704995,T,KO,F,100,72.61
2025-11-25,9:33:38.247704995,T,KO,F I,25,72.61
2025-11-25,9:33:38.247707951,T,KO,F,400,72.61
2025-11-25,9:33:42.671676137,T,KO,,100,72.61
2025-11-25,9:33:42.671679111,T,KO,I,21,72.61
2025-11-25,9:33:45.927184777,T,KO,I,35,72.6
2025-11-25,9:33:46.060381038,T,KO,I,79,72.595
2025-11-25,9:33:48.014116304,T,KO,I,15,72.57
2025-11-25,9:33:48.014823636,T,KO,F,100,72.57
2025-11-25,9:33:48.026079352,T,KO,F I,25,72.57
2025-11-25,9:33:48.026304328,T,KO,F,100,72.57
2025-11-25,9:33:50.091891034,T,KO,I,38,72.57
2025-11-25,9:33:50.091891034,T,KO,I,25,72.57
2025-11-25,9:33:50.091942186,T,KO,,100,72.57
2025-11-25,9:33:50.092648782,T,KO,F,498,72.58
2025-11-25,9:33:51.021016739,T,KO,I,1,72.58
2025-11-25,9:33:51.021040817,T,KO,F,175,72.58
2025-11-25,9:33:51.021052876,T,KO,I,22,72.58
2025-11-25,9:33:51.021058814,T,KO,I,1,72.58
2025-11-25,9:33:54.777644899,T,KO,I,12,72.57
2025-11-25,9:33:54.777644899,T,KO,,100,72.57
2025-11-25,9:33:55.035644405,T,KO,F,465,72.57
2025-11-25,9:33:55.035662357,T,KO,F,1239,72.57
2025-11-25,9:33:58.116803822,T,KO,,100,72.575
2025-11-25,9:33:58.116807355,T,KO,I,50,72.58
2025-11-25,9:34:02.814072306,T,KO,F I,5,72.56
2025-11-25,9:34:02.814075214,T,KO,F I,25,72.56
2025-11-25,9:34:02.814081309,T,KO,I,38,72.57
2025-11-25,9:34:02.814126436,T,KO,I,34,72.57
2025-11-25,9:34:08.023214159,T,KO,I,1,72.55
2025-11-25,9:34:08.023216939,T,KO,I,2,72.55
2025-11-25,9:34:08.023216939,T,KO,I,2,72.55
2025-11-25,9:34:08.796397346,T,KO,F I,1,72.54
2025-11-25,9:34:08.796971699,T,KO,,100,72.54
2025-11-25,9:34:08.800791382,T,KO,F I,38,72.55
2025-11-25,9:34:08.800793787,T,KO,F I,25,72.55
2025-11-25,9:34:08.838253974,T,KO,F I,45,72.55
2025-11-25,9:34:08.838413881,T,KO,F I,14,72.56
2025-11-25,9:34:08.838419403,T,KO,F I,16,72.56
2025-11-25,9:34:08.838897518,T,KO,F I,29,72.56
2025-11-25,9:34:09.100818307,T,KO,I,40,72.56
2025-11-25,9:34:09.541785591,T,KO,F I,29,72.56
2025-11-25,9:34:10.918344346,T,KO,I,21,72.56
2025-11-25,9:34:10.918344346,T,KO,I,17,72.56
2025-11-25,9:34:14.311481558,T,KO,,400,72.56
2025-11-25,9:34:14.311484496,T,KO,I,25,72.56
2025-11-25,9:34:14.311881473,T,KO,F,100,72.55
2025-11-25,9:34:14.313246949,T,KO,F I,25,72.56
2025-11-25,9:34:14.313246949,T,KO,F I,27,72.56
2025-11-25,9:34:14.313253157,T,KO,F,100,72.56
2025-11-25,9:34:14.313253157,T,KO,F I,29,72.56
2025-11-25,9:34:14.313256117,T,KO,F,400,72.56
2025-11-25,9:34:14.313256117,T,KO,F,100,72.56
2025-11-25,9:34:14.313258751,T,KO,F,300,72.56
2025-11-25,9:34:14.314789461,T,KO,F,100,72.56
2025-11-25,9:34:14.314792382,T,KO,F,100,72.56
2025-11-25,9:34:14.314804460,T,KO,F,200,72.56
2025-11-25,9:34:14.314858649,T,KO,I,1,72.56
2025-11-25,9:34:14.314858649,T,KO,I,36,72.56
2025-11-25,9:34:14.315084213,T,KO,I,43,72.56
2025-11-25,9:34:14.315087143,T,KO,,100,72.56
2025-11-25,9:34:14.315090095,T,KO,,100,72.56
2025-11-25,9:34:14.317435758,T,KO,F,100,72.56
2025-11-25,9:34:14.317440024,T,KO,F,100,72.56
2025-11-25,9:34:14.317442030,T,KO,F I,10,72.56
2025-11-25,9:34:14.317442030,T,KO,F,100,72.56
2025-11-25,9:34:14.318175442,T,KO,,400,72.56
2025-11-25,9:34:14.319218948,T,KO,F,100,72.56
2025-11-25,9:34:14.319222568,T,KO,F I,1,72.56
2025-11-25,9:34:14.319225014,T,KO,F,100,72.56
2025-11-25,9:34:14.319766278,T,KO,I,2,72.56
2025-11-25,9:34:14.319769925,T,KO,,214,72.56
2025-11-25,9:34:14.319772843,T,KO,I,2,72.56
2025-11-25,9:34:14.319772843,T,KO,I,47,72.56
2025-11-25,9:34:14.324093555,T,KO,F,104,72.555
2025-11-25,9:34:14.324120732,T,KO,I,96,72.555
2025-11-25,9:34:14.324319176,T,KO,F I,53,72.56
2025-11-25,9:34:14.324400309,T,KO,I,99,72.55
2025-11-25,9:34:14.324400309,T,KO,,100,72.55
2025-11-25,9:34:14.324418371,T,KO,I,1,72.55
2025-11-25,9:34:14.324427487,T,KO,I,1,72.55
2025-11-25,9:34:14.327194046,T,KO,F,100,72.56
2025-11-25,9:34:14.327194046,T,KO,F I,60,72.56
2025-11-25,9:34:14.327214996,T,KO,I,1,72.56
2025-11-25,9:34:14.358312754,T,KO,F I,42,72.56
2025-11-25,9:34:14.358330746,T,KO,I,4,72.56
2025-11-25,9:34:14.358330746,T,KO,I,21,72.57
2025-11-25,9:34:14.358336242,T,KO,I,25,72.57
2025-11-25,9:34:14.358336242,T,KO,,100,72.57
2025-11-25,9:34:14.358339825,T,KO,,400,72.57
2025-11-25,9:34:14.358339825,T,KO,I,99,72.57
2025-11-25,9:34:14.358342187,T,KO,I,25,72.57
2025-11-25,9:34:14.358967599,T,KO,I,75,72.58
2025-11-25,9:34:14.358985991,T,KO,F,200,72.57
2025-11-25,9:34:14.447550144,T,KO,I,25,72.59
2025-11-25,9:34:14.447552577,T,KO,,400,72.59
2025-11-25,9:34:14.447555726,T,KO,,100,72.59
2025-11-25,9:34:14.447558604,T,KO,,320,72.59
2025-11-25,9:34:14.447561686,T,KO,,200,72.59
2025-11-25,9:34:15.837023969,T,KO,,200,72.595
2025-11-25,9:34:20.799596429,T,KO,F I,9,72.6
2025-11-25,9:34:20.799599280,T,KO,F I,4,72.6
2025-11-25,9:34:20.800324062,T,KO,,200,72.61
2025-11-25,9:34:24.501680557,T,KO,,100,72.63
2025-11-25,9:34:25.546326627,T,KO,,200,72.62
2025-11-25,9:34:31.233059757,T,KO,I,6,72.65
2025-11-25,9:34:34.369803635,T,KO,F I,51,72.64
2025-11-25,9:34:34.370176412,T,KO,,100,72.635
2025-11-25,9:34:34.370179605,T,KO,,100,72.64
2025-11-25,9:34:34.370197497,T,KO,I,1,72.64
2025-11-25,9:34:34.370218522,T,KO,I,1,72.64
2025-11-25,9:34:34.370224589,T,KO,I,98,72.64
2025-11-25,9:34:34.370248599,T,KO,,116,72.635
2025-11-25,9:34:49.639974490,T,KO,F,200,72.635
2025-11-25,9:34:56.190692405,T,KO,F I,4,72.62
2025-11-25,9:34:56.190692405,T,KO,F I,25,72.62
2025-11-25,9:35:00.197278800,T,KO,F I,21,72.63
2025-11-25,9:35:00.197281816,T,KO,F I,25,72.63
2025-11-25,9:35:01.149854673,T,KO,I,21,72.64
2025-11-25,9:35:08.039299126,T,KO,I,20,72.66
2025-11-25,9:35:08.411206936,T,KO,F I,20,72.68
2025-11-25,9:35:08.422739371,T,KO,,100,72.67
2025-11-25,9:35:09.311130218,T,KO,F I,40,72.68
2025-11-25,9:35:09.311133310,T,KO,F I,20,72.68
2025-11-25,9:35:09.363872936,T,KO,F I,16,72.69
2025-11-25,9:35:09.363872936,T,KO,F I,25,72.69
2025-11-25,9:35:09.848714586,T,KO,F,100,72.68
2025-11-25,9:35:09.892357780,T,KO,I,84,72.69
2025-11-25,9:35:09.892364032,T,KO,,100,72.69
2025-11-25,9:35:09.892364032,T,KO,,100,72.69
2025-11-25,9:35:09.892364032,T,KO,,400,72.69
2025-11-25,9:35:09.892366602,T,KO,I,25,72.69
2025-11-25,9:35:10.573116064,T,KO,,100,72.69
2025-11-25,9:35:12.051409800,T,KO,F I,84,72.68
2025-11-25,9:35:12.051412767,T,KO,F,100,72.68
2025-11-25,9:35:14.389352103,T,KO,F I,25,72.66
2025-11-25,9:35:20.607667342,T,KO,F I,25,72.64
2025-11-25,9:35:20.607670183,T,KO,F I,10,72.64
2025-11-25,9:35:20.607670183,T,KO,F I,10,72.64
2025-11-25,9:35:22.375085548,T,KO,F,366,72.65
2025-11-25,9:35:22.375102734,T,KO,F,1334,72.65
2025-11-25,9:35:22.397698511,T,KO,,700,72.67
2025-11-25,9:35:22.397698511,T,KO,,100,72.67
2025-11-25,9:35:22.457998362,T,KO,F,100,72.68
2025-11-25,9:35:22.458001874,T,KO,F,100,72.68
2025-11-25,9:35:22.458034272,T,KO,,100,72.68
2025-11-25,9:35:22.528768682,T,KO,F I,17,72.68
2025-11-25,9:35:22.556061761,T,KO,F I,1,72.68
2025-11-25,9:35:22.601220312,T,KO,I,82,72.68
2025-11-25,9:35:25.124151124,T,KO,F,200,72.68
2025-11-25,9:35:25.124151124,T,KO,F I,25,72.68
2025-11-25,9:35:31.693823011,T,KO,I,15,72.71
2025-11-25,9:35:31.714659633,T,KO,I,12,72.705
2025-11-25,9:35:31.756417157,T,KO,I,1,72.7
2025-11-25,9:35:32.119246538,T,KO,F I,90,72.68
2025-11-25,9:35:32.119249256,T,KO,F I,25,72.68
2025-11-25,9:35:32.224581134,T,KO,F I,5,72.69
2025-11-25,9:35:34.221655459,T,KO,I,10,72.72
2025-11-25,9:35:34.221700621,T,KO,,100,72.71
2025-11-25,9:35:34.222302878,T,KO,F I,92,72.71
2025-11-25,9:35:34.222302878,T,KO,F I,86,72.71
2025-11-25,9:35:34.222308297,T,KO,F I,57,72.71
2025-11-25,9:35:34.222323278,T,KO,I,1,72.71
2025-11-25,9:35:34.222347071,T,KO,,100,72.71
2025-11-25,9:35:34.258156419,T,KO,F I,82,72.72
2025-11-25,9:35:34.290321024,T,KO,F I,5,72.72
2025-11-25,9:35:36.165376849,T,KO,F I,5,72.72
2025-11-25,9:35:36.165488227,T,KO,I,81,72.72
2025-11-25,9:35:36.165488227,T,KO,I,1,72.72
2025-11-25,9:35:36.166152746,T,KO,I,56,72.72
2025-11-25,9:35:36.166152746,T,KO,I,11,72.72
2025-11-25,9:35:36.236201875,T,KO,I,5,72.73
2025-11-25,9:35:36.236201875,T,KO,I,5,72.73
2025-11-25,9:35:36.236204572,T,KO,I,9,72.73
2025-11-25,9:35:36.236237706,T,KO,I,1,72.73
2025-11-25,9:35:36.258752255,T,KO,I,1,72.73
2025-11-25,9:35:39.069255248,T,KO,F I,5,72.7
2025-11-25,9:35:39.070590287,T,KO,,400,72.71
2025-11-25,9:35:39.070593339,T,KO,I,25,72.71
2025-11-25,9:35:39.070593339,T,KO,,100,72.71
2025-11-25,9:35:39.070620524,T,KO,,100,72.71
2025-11-25,9:35:39.190957929,T,KO,F I,80,72.72
2025-11-25,9:35:39.190994066,T,KO,I,11,72.72
2025-11-25,9:35:39.190997141,T,KO,,100,72.72
2025-11-25,9:35:39.190997141,T,KO,,100,72.72
2025-11-25,9:35:39.296316894,T,KO,I,20,72.72
2025-11-25,9:35:39.354746089,T,KO,I,1,72.72
2025-11-25,9:35:40.855353273,T,KO,F,195,72.71
2025-11-25,9:35:40.855353273,T,KO,F I,80,72.71
2025-11-25,9:35:40.855356078,T,KO,F I,11,72.71
2025-11-25,9:35:40.855359018,T,KO,F I,25,72.71
2025-11-25,9:35:40.932504852,T,KO,F I,48,72.72
2025-11-25,9:35:40.974427650,T,KO,F I,2,72.72
2025-11-25,9:35:41.552678205,T,KO,,100,72.72
2025-11-25,9:35:41.552681360,T,KO,,100,72.72
2025-11-25,9:35:41.552681360,T,KO,,100,72.72
2025-11-25,9:35:41.552683918,T,KO,,100,72.73
2025-11-25,9:35:41.552687038,T,KO,I,25,72.73
2025-11-25,9:35:41.552687038,T,KO,,100,72.73
2025-11-25,9:35:41.552690201,T,KO,,100,72.73
2025-11-25,9:35:41.573303985,T,KO,F I,89,72.73
2025-11-25,9:35:41.573325027,T,KO,I,1,72.73
2025-11-25,9:35:42.100952596,T,KO,F,400,72.72
2025-11-25,9:35:42.196881117,T,KO,I,27,72.73
2025-11-25,9:35:45.015638566,T,KO,F I,27,72.71
2025-11-25,9:35:45.015638566,T,KO,F I,27,72.71
2025-11-25,9:35:45.015656558,T,KO,F,673,72.71
2025-11-25,9:35:45.017370741,T,KO,,100,72.71
2025-11-25,9:35:45.167001030,T,KO,F I,89,72.715
2025-11-25,9:35:45.240586319,T,KO,I,4,72.72
2025-11-25,9:35:46.374999112,T,KO,F,100,72.7
2025-11-25,9:35:47.960008202,T,KO,I,21,72.7
2025-11-25,9:35:47.988437886,T,KO,I,1,72.7
2025-11-25,9:35:49.509749225,T,KO,F I,2,72.71
2025-11-25,9:35:50.433029197,T,KO,,100,72.71
2025-11-25,9:35:53.133557023,T,KO,I,1,72.7
2025-11-25,9:35:53.133584086,T,KO,I,1,72.7
2025-11-25,9:35:53.141144134,T,KO,I,77,72.7
2025-11-25,9:35:53.141168168,T,KO,F I,21,72.7
2025-11-25,9:35:53.141171680,T,KO,F,227,72.7
2025-11-25,9:35:54.190379013,T,KO,F I,25,72.685
2025-11-25,9:35:57.363377086,T,KO,I,25,72.68
2025-11-25,9:35:57.363377086,T,KO,I,7,72.68
2025-11-25,9:35:57.363404229,T,KO,I,2,72.68
2025-11-25,9:35:57.435188099,T,KO,,100,72.68
2025-11-25,9:35:57.442108310,T,KO,F I,93,72.67
2025-11-25,9:35:57.442110610,T,KO,F I,25,72.67
2025-11-25,9:35:57.442114058,T,KO,F,400,72.67
2025-11-25,9:35:57.442116606,T,KO,F,100,72.67
2025-11-25,9:35:57.442639902,T,KO,I,12,72.67
2025-11-25,9:35:57.491166852,T,KO,F I,32,72.68
2025-11-25,9:35:57.519920980,T,KO,F I,2,72.68
2025-11-25,9:35:59.772083955,T,KO,F I,12,72.67
2025-11-25,9:35:59.772138040,T,KO,,100,72.67
2025-11-25,9:35:59.772159337,T,KO,I,1,72.67
2025-11-25,9:35:59.870291782,T,KO,I,5,72.68
2025-11-25,9:35:59.870291782,T,KO,I,11,72.68
2025-11-25,9:36:00.203446336,T,KO,I,93,72.69
2025-11-25,9:36:00.203446336,T,KO,,100,72.69
2025-11-25,9:36:00.294133361,T,KO,,100,72.69
2025-11-25,9:36:00.294136280,T,KO,,100,72.69
2025-11-25,9:36:00.294139301,T,KO,,300,72.7
2025-11-25,9:36:00.365574444,T,KO,,100,72.7
2025-11-25,9:36:00.932541823,T,KO,F I,25,72.69
2025-11-25,9:36:00.932545124,T,KO,F,400,72.69
2025-11-25,9:36:00.932545124,T,KO,F,100,72.69
2025-11-25,9:36:03.614470382,T,KO,,100,72.69
2025-11-25,9:36:04.729574235,T,KO,I,2,72.71
2025-11-25,9:36:04.729604211,T,KO,I,1,72.71
2025-11-25,9:36:04.729941589,T,KO,,200,72.7
2025-11-25,9:36:04.746763112,T,KO,I,25,72.72
2025-11-25,9:36:04.746766078,T,KO,I,10,72.72
2025-11-25,9:36:05.158795548,T,KO,,100,72.72
2025-11-25,9:36:05.256603467,T,KO,I,2,72.73
2025-11-25,9:36:08.906110376,T,KO,F I,1,72.75
2025-11-25,9:36:08.906435138,T,KO,F I,1,72.75
2025-11-25,9:36:08.906471195,T,KO,F I,1,72.75
2025-11-25,9:36:08.906477326,T,KO,F,199,72.75
2025-11-25,9:36:08.999569973,T,KO,I,7,72.76
2025-11-25,9:36:10.589164903,T,KO,F I,25,72.75
2025-11-25,9:36:10.646752090,T,KO,I,79,72.76
2025-11-25,9:36:12.272002911,T,KO,I,1,72.755
2025-11-25,9:36:18.882482012,T,KO,F I,79,72.75
2025-11-25,9:36:18.882485073,T,KO,F,100,72.75
2025-11-25,9:36:19.441188921,T,KO,F I,20,72.74
2025-11-25,9:36:19.441215886,T,KO,I,37,72.75
2025-11-25,9:36:19.441513916,T,KO,I,61,72.74
2025-11-25,9:36:19.441513916,T,KO,,400,72.74
2025-11-25,9:36:19.441519541,T,KO,I,37,72.74
2025-11-25,9:36:19.443074779,T,KO,F,100,72.73
2025-11-25,9:36:19.443685295,T,KO,,100,72.73
2025-11-25,9:36:19.443685295,T,KO,I,61,72.73
2025-11-25,9:36:19.443687785,T,KO,I,61,72.73
2025-11-25,9:36:19.472764034,T,KO,F,176,72.74
2025-11-25,9:36:19.472782112,T,KO,I,1,72.74
2025-11-25,9:36:19.501244857,T,KO,F I,18,72.74
2025-11-25,9:36:19.519684759,T,KO,F I,2,72.74
2025-11-25,9:36:19.519859079,T,KO,F I,61,72.74
2025-11-25,9:36:19.519859079,T,KO,F I,61,72.74
2025-11-25,9:36:19.554218928,T,KO,F I,1,72.74
2025-11-25,9:36:19.554255104,T,KO,I,1,72.74
2025-11-25,9:36:20.445701224,T,KO,I,59,72.735
2025-11-25,9:36:20.480969196,T,KO,F I,6,72.74
2025-11-25,9:36:20.505188917,T,KO,F I,1,72.74
2025-11-25,9:36:20.505231070,T,KO,I,52,72.74
2025-11-25,9:36:20.505294195,T,KO,F,100,72.74
2025-11-25,9:36:20.505333277,T,KO,I,25,72.73
2025-11-25,9:36:20.505336244,T,KO,I,40,72.73
2025-11-25,9:36:20.530773902,T,KO,F I,22,72.735
2025-11-25,9:36:20.560144781,T,KO,F I,2,72.735
2025-11-25,9:36:23.009914419,T,KO,F I,27,72.74
2025-11-25,9:36:23.009917339,T,KO,F I,8,72.74
2025-11-25,9:36:25.818778290,T,KO,I,10,72.735
2025-11-25,9:36:36.700426070,T,KO,F I,5,72.74
2025-11-25,9:36:36.728272397,T,KO,F I,1,72.74
2025-11-25,9:36:36.754693303,T,KO,F I,25,72.74
2025-11-25,9:36:37.915927352,T,KO,,100,72.74
2025-11-25,9:36:37.915945075,T,KO,I,1,72.74
2025-11-25,9:36:37.946188093,T,KO,F,111,72.735
2025-11-25,9:36:37.971923432,T,KO,F I,11,72.735
2025-11-25,9:36:38.010442080,T,KO,F I,1,72.735
2025-11-25,9:36:40.495350450,T,KO,F I,8,72.74
2025-11-25,9:36:40.495395558,T,KO,,100,72.74
2025-11-25,9:36:40.506576552,T,KO,F,300,72.74
2025-11-25,9:36:40.506576552,T,KO,F,100,72.74
2025-11-25,9:36:40.506579176,T,KO,F,100,72.74
2025-11-25,9:36:40.514268548,T,KO,F I,81,72.735
2025-11-25,9:36:40.532795631,T,KO,F I,1,72.74
2025-11-25,9:36:40.533141439,T,KO,F,100,72.74
2025-11-25,9:36:40.554209646,T,KO,F I,27,72.735
2025-11-25,9:36:40.572574401,T,KO,F I,3,72.735
2025-11-25,9:36:42.780438880,T,KO,I,26,72.74
2025-11-25,9:36:42.780438880,T,KO,I,18,72.74
2025-11-25,9:36:42.780562172,T,KO,F I,90,72.74
2025-11-25,9:36:42.808417515,T,KO,F I,63,72.74
2025-11-25,9:36:42.808450546,T,KO,I,1,72.74
2025-11-25,9:36:42.809049015,T,KO,F I,1,72.73
2025-11-25,9:36:42.809187324,T,KO,F I,40,72.73
2025-11-25,9:36:42.830062986,T,KO,F I,65,72.73
2025-11-25,9:36:42.830090462,T,KO,I,25,72.73
2025-11-25,9:36:42.830090462,T,KO,I,1,72.73
2025-11-25,9:36:42.842978764,T,KO,F I,64,72.74
2025-11-25,9:36:42.852216741,T,KO,F I,39,72.735
2025-11-25,9:36:42.863451513,T,KO,F I,4,72.735
2025-11-25,9:36:43.376999734,T,KO,F,100,72.73
2025-11-25,9:36:44.541472073,T,KO,I,35,72.72
2025-11-25,9:36:44.541475075,T,KO,I,75,72.72
2025-11-25,9:36:44.542431446,T,KO,F I,91,72.72
2025-11-25,9:36:44.542431446,T,KO,F,100,72.72
2025-11-25,9:36:44.542437498,T,KO,F,100,72.72
2025-11-25,9:36:44.542437498,T,KO,F I,1,72.72
2025-11-25,9:36:44.542440359,T,KO,F,345,72.72
2025-11-25,9:36:44.542452364,T,KO,I,1,72.72
2025-11-25,9:36:44.558071633,T,KO,F I,37,72.73
2025-11-25,9:36:44.558074612,T,KO,F I,15,72.73
2025-11-25,9:36:44.558195649,T,KO,F I,91,72.73
2025-11-25,9:36:44.558198605,T,KO,F I,91,72.73
2025-11-25,9:36:44.558198605,T,KO,F I,1,72.73
2025-11-25,9:36:44.558200928,T,KO,F I,1,72.73
2025-11-25,9:36:44.586844147,T,KO,F I,45,72.72
2025-11-25,9:36:44.608436186,T,KO,I,91,72.72
2025-11-25,9:36:44.608436186,T,KO,I,91,72.72
2025-11-25,9:36:44.608438691,T,KO,I,2,72.72
2025-11-25,9:36:44.608441796,T,KO,I,44,72.72
2025-11-25,9:36:44.650145098,T,KO,I,37,72.72
2025-11-25,9:36:44.674535997,T,KO,I,36,72.725
2025-11-25,9:36:44.696569515,T,KO,I,3,72.725
2025-11-25,9:36:45.340826945,T,KO,F I,46,72.72
2025-11-25,9:36:45.340826945,T,KO,F I,45,72.72
2025-11-25,9:36:45.349746146,T,KO,F I,1,72.72
2025-11-25,9:36:45.349746146,T,KO,F I,8,72.72
2025-11-25,9:36:45.448651733,T,KO,I,1,72.72
2025-11-25,9:36:45.448651733,T,KO,I,8,72.72
2025-11-25,9:36:45.448654731,T,KO,I,43,72.72
2025-11-25,9:36:45.669750344,T,KO,F I,2,72.71
2025-11-25,9:36:45.702182531,T,KO,I,63,72.72
2025-11-25,9:36:45.702212701,T,KO,,576,72.72
2025-11-25,9:36:45.702468237,T,KO,F I,22,72.72
2025-11-25,9:36:45.702501332,T,KO,I,39,72.72
2025-11-25,9:36:45.715654616,T,KO,I,98,72.725
2025-11-25,9:36:45.727984008,T,KO,I,10,72.725
2025-11-25,9:36:45.733027391,T,KO,I,95,72.72
2025-11-25,9:36:45.740069839,T,KO,F I,48,72.715
2025-11-25,9:36:45.752744978,T,KO,F I,4,72.72
2025-11-25,9:36:45.765044285,T,KO,F I,1,72.72
2025-11-25,9:36:45.869774995,T,KO,I,90,72.72
2025-11-25,9:36:45.869774995,T,KO,,458,72.72
2025-11-25,9:36:45.894102708,T,KO,I,79,72.72
2025-11-25,9:36:45.906732776,T,KO,I,8,72.72
2025-11-25,9:36:45.947467785,T,KO,I,45,72.72
2025-11-25,9:36:45.964031181,T,KO,I,14,72.72
2025-11-25,9:36:45.991718156,T,KO,I,1,72.715
2025-11-25,9:36:47.344880952,T,KO,F I,14,72.71
2025-11-25,9:36:47.369350246,T,KO,F I,23,72.71
2025-11-25,9:36:47.369368403,T,KO,F I,73,72.71
2025-11-25,9:36:47.369371279,T,KO,F,149,72.71
2025-11-25,9:36:47.369389306,T,KO,I,1,72.71
2025-11-25,9:36:47.386542737,T,KO,I,96,72.71
2025-11-25,9:36:47.386545271,T,KO,I,45,72.71
2025-11-25,9:36:47.387104534,T,KO,F I,37,72.71
2025-11-25,9:36:47.393560946,T,KO,I,50,72.71
2025-11-25,9:36:47.393594038,T,KO,I,10,72.71
2025-11-25,9:36:47.439648697,T,KO,I,53,72.72
2025-11-25,9:36:47.463504538,T,KO,I,5,72.72
2025-11-25,9:36:47.482816493,T,KO,I,1,72.72
2025-11-25,9:36:47.593732728,T,KO,I,41,72.72
2025-11-25,9:36:47.593735730,T,KO,,241,72.72
2025-11-25,9:36:48.347357615,T,KO,F I,97,72.72
2025-11-25,9:36:48.663410362,T,KO,I,66,72.72
2025-11-25,9:36:48.663759178,T,KO,I,34,72.72
2025-11-25,9:36:49.729256856,T,KO,,100,72.725
2025-11-25,9:36:49.857861118,T,KO,I,5,72.73
2025-11-25,9:36:49.870043131,T,KO,I,1,72.73
2025-11-25,9:36:51.894738463,T,KO,,100,72.74
2025-11-25,9:36:51.894738463,T,KO,I,31,72.74
2025-11-25,9:36:51.894762360,T,KO,I,1,72.74
2025-11-25,9:36:51.894771483,T,KO,I,1,72.74
2025-11-25,9:36:51.894778411,T,KO,I,9,72.74
2025-11-25,9:36:51.894778411,T,KO,,158,72.74
2025-11-25,9:36:51.897243334,T,KO,F I,99,72.74
2025-11-25,9:36:51.897243334,T,KO,F,329,72.74
2025-11-25,9:36:51.897258359,T,KO,F I,71,72.74
2025-11-25,9:36:51.897258359,T,KO,F I,25,72.74
2025-11-25,9:36:51.908830139,T,KO,I,17,72.74
2025-11-25,9:36:51.908833533,T,KO,I,40,72.74
2025-11-25,9:36:51.908833533,T,KO,I,2,72.74
2025-11-25,9:36:51.908835935,T,KO,I,73,72.74
2025-11-25,9:36:51.930722025,T,KO,I,13,72.74
2025-11-25,9:36:51.949306317,T,KO,I,2,72.74
2025-11-25,9:36:53.130799243,T,KO,F I,50,72.73
2025-11-25,9:36:53.131024804,T,KO,F I,98,72.73
2025-11-25,9:36:53.131037093,T,KO,F I,11,72.73
2025-11-25,9:36:53.131037093,T,KO,F,125,72.73
2025-11-25,9:36:53.131045813,T,KO,I,1,72.73
2025-11-25,9:36:53.131048869,T,KO,F,124,72.73
2025-11-25,9:36:53.224688863,T,KO,I,42,72.75
2025-11-25,9:36:55.935633515,T,KO,I,2,72.74
2025-11-25,9:36:55.935672632,T,KO,I,1,72.74
2025-11-25,9:36:55.949908514,T,KO,F I,1,72.745
2025-11-25,9:36:56.866849425,T,KO,F I,28,72.74
2025-11-25,9:36:56.866855385,T,KO,F I,35,72.74
2025-11-25,9:36:56.866855385,T,KO,F I,22,72.74
2025-11-25,9:36:56.866861427,T,KO,F I,13,72.74
2025-11-25,9:36:56.900466511,T,KO,F I,10,72.73
2025-11-25,9:36:58.320367243,T,KO,I,21,72.74
2025-11-25,9:36:58.375816301,T,KO,I,2,72.74
2025-11-25,9:37:02.326707100,T,KO,F,100,72.73
2025-11-25,9:37:02.801811686,T,KO,F I,12,72.74
2025-11-25,9:37:02.801827473,T,KO,I,8,72.74
2025-11-25,9:37:03.554405128,T,KO,F,100,72.74
2025-11-25,9:37:03.908110482,T,KO,I,50,72.73
2025-11-25,9:37:03.910717733,T,KO,F I,41,72.73
2025-11-25,9:37:03.917384637,T,KO,I,50,72.725
2025-11-25,9:37:03.927377466,T,KO,I,50,72.725
2025-11-25,9:37:03.940058567,T,KO,I,50,72.725
2025-11-25,9:37:04.154836222,T,KO,F I,1,72.73
2025-11-25,9:37:04.952158176,T,KO,F I,5,72.74
2025-11-25,9:37:06.703833062,T,KO,F,200,72.74
2025-11-25,9:37:12.991207646,T,KO,,100,72.74
2025-11-25,9:37:12.991207646,T,KO,,100,72.75
2025-11-25,9:37:12.991210740,T,KO,I,25,72.75
2025-11-25,9:37:12.991213680,T,KO,,300,72.75
2025-11-25,9:37:12.991231713,T,KO,I,1,72.75
2025-11-25,9:37:14.536937183,T,KO,F I,33,72.75
2025-11-25,9:37:14.536937183,T,KO,F I,8,72.75
2025-11-25,9:37:14.538164029,T,KO,F I,42,72.74
2025-11-25,9:37:14.538167092,T,KO,F I,37,72.74
2025-11-25,9:37:16.566040791,T,KO,F I,15,72.72
2025-11-25,9:37:16.708177320,T,KO,,100,72.7
2025-11-25,9:37:16.708177320,T,KO,,350,72.71
2025-11-25,9:37:16.708330923,T,KO,,100,72.7
2025-11-25,9:37:16.708330923,T,KO,,100,72.7
2025-11-25,9:37:16.708348797,T,KO,I,1,72.7
2025-11-25,9:37:17.272447226,T,KO,F I,78,72.71
2025-11-25,9:37:17.272481252,T,KO,F I,10,72.71
2025-11-25,9:37:17.272570529,T,KO,I,12,72.71
2025-11-25,9:37:17.272573607,T,KO,,100,72.71
2025-11-25,9:37:18.220575510,T,KO,I,64,72.72
2025-11-25,9:37:19.838723382,T,KO,I,2,72.72
2025-11-25,9:37:19.838723382,T,KO,I,1,72.72
2025-11-25,9:37:31.251936064,T,KO,F I,25,72.73
2025-11-25,9:37:31.251941911,T,KO,F,199,72.73
2025-11-25,9:37:35.709304542,T,KO,,100,72.73
2025-11-25,9:37:35.709304542,T,KO,I,1,72.73
2025-11-25,9:37:35.709322593,T,KO,I,1,72.73
2025-11-25,9:37:35.709325294,T,KO,I,5,72.73
2025-11-25,9:37:43.370061925,T,KO,F I,1,72.75
2025-11-25,9:37:43.370064910,T,KO,F I,99,72.75
2025-11-25,9:37:43.370079920,T,KO,I,1,72.75
2025-11-25,9:37:43.371315834,T,KO,,280,72.75
2025-11-25,9:37:43.371348939,T,KO,I,91,72.75
2025-11-25,9:37:44.365949807,T,KO,F I,5,72.74
2025-11-25,9:37:44.365952829,T,KO,F I,23,72.74
2025-11-25,9:37:44.365970804,T,KO,F I,77,72.74
2025-11-25,9:37:44.365974229,T,KO,F I,5,72.74
2025-11-25,9:37:44.365974229,T,KO,F I,20,72.74
2025-11-25,9:37:44.779293196,T,KO,F,249,72.72
2025-11-25,9:37:44.779296644,T,KO,F,351,72.72
2025-11-25,9:37:44.779452567,T,KO,F,100,72.71
2025-11-25,9:37:44.779455687,T,KO,F,100,72.71
2025-11-25,9:37:53.214716887,T,KO,,100,72.71
2025-11-25,9:37:53.885572593,T,KO,,313,72.72
2025-11-25,9:37:53.885590641,T,KO,I,1,72.72
2025-11-25,9:37:53.885599742,T,KO,F,296,72.72
2025-11-25,9:37:55.197841098,T,KO,,100,72.71
2025-11-25,9:37:55.197952985,T,KO,I,20,72.71
2025-11-25,9:37:58.458693470,T,KO,F,967,72.71
2025-11-25,9:37:58.458702492,T,KO,F,511,72.71
2025-11-25,9:37:58.458702492,T,KO,F I,14,72.71
2025-11-25,9:37:59.924483500,T,KO,F,100,72.715
2025-11-25,9:37:59.924487086,T,KO,F,100,72.72
2025-11-25,9:38:00.893706803,T,KO,F I,20,72.72
2025-11-25,9:38:00.896001292,T,KO,,100,72.72
2025-11-25,9:38:00.896004314,T,KO,,100,72.72
2025-11-25,9:38:00.896007400,T,KO,I,31,72.72
2025-11-25,9:38:00.896034399,T,KO,I,1,72.72
2025-11-25,9:38:01.077113689,T,KO,I,45,72.715
2025-11-25,9:38:01.095830207,T,KO,I,5,72.715
2025-11-25,9:38:01.584797866,T,KO,I,10,72.71
2025-11-25,9:38:02.723913824,T,KO,F,400,72.7
2025-11-25,9:38:02.723916800,T,KO,F I,25,72.7
2025-11-25,9:38:02.723974028,T,KO,,100,72.71
2025-11-25,9:38:02.723986014,T,KO,I,1,72.71
2025-11-25,9:38:02.724016064,T,KO,F,100,72.7
2025-11-25,9:38:02.724025106,T,KO,F,100,72.7
2025-11-25,9:38:02.724031550,T,KO,F,100,72.7
2025-11-25,9:38:02.724049327,T,KO,F,200,72.7
2025-11-25,9:38:02.724461549,T,KO,F,128,72.69
2025-11-25,9:38:02.725874461,T,KO,,100,72.685
2025-11-25,9:38:02.733581852,T,KO,F,100,72.69
2025-11-25,9:38:02.747510981,T,KO,F I,25,72.7
2025-11-25,9:38:02.747565132,T,KO,F,100,72.7
2025-11-25,9:38:02.747568201,T,KO,F,100,72.7
2025-11-25,9:38:02.748771035,T,KO,F I,25,72.69
2025-11-25,9:38:02.748774033,T,KO,F,100,72.69
2025-11-25,9:38:02.763530164,T,KO,F I,73,72.69
2025-11-25,9:38:02.777221825,T,KO,F I,7,72.69
2025-11-25,9:38:02.789319589,T,KO,F I,1,72.69
2025-11-25,9:38:03.001683074,T,KO,F I,65,72.67
2025-11-25,9:38:03.135261153,T,KO,F I,27,72.66
2025-11-25,9:38:03.167022113,T,KO,F I,3,72.66
2025-11-25,9:38:03.726477605,T,KO,I,19,72.66
2025-11-25,9:38:03.743317728,T,KO,F I,35,72.655
2025-11-25,9:38:03.753484918,T,KO,F I,6,72.655
2025-11-25,9:38:04.746058972,T,KO,F I,10,72.655
2025-11-25,9:38:04.984383091,T,KO,F I,41,72.65
2025-11-25,9:38:04.984385593,T,KO,F I,2,72.65
2025-11-25,9:38:05.012000362,T,KO,I,95,72.65
2025-11-25,9:38:05.012195772,T,KO,I,1,72.65
2025-11-25,9:38:05.026642189,T,KO,F I,4,72.65
2025-11-25,9:38:05.026645307,T,KO,F I,1,72.65
2025-11-25,9:38:05.026645307,T,KO,F I,34,72.65
2025-11-25,9:38:05.048865107,T,KO,F I,27,72.655
2025-11-25,9:38:05.089155111,T,KO,F I,3,72.655
2025-11-25,9:38:05.480005222,T,KO,F I,96,72.65
2025-11-25,9:38:05.480008096,T,KO,F I,4,72.65
2025-11-25,9:38:05.480011048,T,KO,F I,37,72.65
2025-11-25,9:38:05.480011048,T,KO,F I,25,72.65
2025-11-25,9:38:05.497705197,T,KO,F I,53,72.65
2025-11-25,9:38:05.497726146,T,KO,F I,3,72.65
2025-11-25,9:38:05.520108530,T,KO,F I,6,72.65
2025-11-25,9:38:05.542550962,T,KO,F I,1,72.65
2025-11-25,9:38:05.579298464,T,KO,I,37,72.65
2025-11-25,9:38:05.587129122,T,KO,F I,3,72.66
2025-11-25,9:38:05.607379299,T,KO,F I,1,72.66
2025-11-25,9:38:05.755244503,T,KO,F I,10,72.66
2025-11-25,9:38:05.780014560,T,KO,F I,1,72.66
2025-11-25,9:38:06.023230809,T,KO,I,85,72.66
2025-11-25,9:38:07.132753273,T,KO,I,20,72.67
2025-11-25,9:38:07.156831662,T,KO,F I,22,72.67
2025-11-25,9:38:07.181460239,T,KO,F I,3,72.67
2025-11-25,9:38:07.474857019,T,KO,F I,55,72.67
2025-11-25,9:38:07.474869237,T,KO,I,24,72.67
2025-11-25,9:38:07.474947256,T,KO,F,100,72.67
2025-11-25,9:38:07.474950322,T,KO,F,100,72.67
2025-11-25,9:38:07.474953727,T,KO,F,100,72.67
2025-11-25,9:38:07.491372978,T,KO,F I,49,72.66
2025-11-25,9:38:08.134417883,T,KO,I,51,72.66
2025-11-25,9:38:08.134420869,T,KO,I,1,72.66
2025-11-25,9:38:08.134424068,T,KO,I,31,72.66
2025-11-25,9:38:08.146374387,T,KO,F I,8,72.67
2025-11-25,9:38:17.286733915,T,KO,,100,72.665
2025-11-25,9:38:19.617789728,T,KO,F,100,72.67
2025-11-25,9:38:19.640758503,T,KO,F,200,72.68
2025-11-25,9:38:24.719590648,T,KO,F I,2,72.68
2025-11-25,9:38:24.722594861,T,KO,,100,72.68
2025-11-25,9:38:27.816309022,T,KO,I,25,72.72
2025-11-25,9:38:27.848100841,T,KO,F I,50,72.73
2025-11-25,9:38:27.848139825,T,KO,I,50,72.73
2025-11-25,9:38:27.857982291,T,KO,F I,14,72.73
2025-11-25,9:38:27.869454622,T,KO,F I,1,72.73
2025-11-25,9:38:27.923282804,T,KO,I,35,72.73
2025-11-25,9:38:27.923285901,T,KO,,100,72.73
2025-11-25,9:38:27.933672675,T,KO,F I,14,72.74
2025-11-25,9:38:27.945710269,T,KO,F I,1,72.74
2025-11-25,9:38:28.091470619,T,KO,F I,65,72.73
2025-11-25,9:38:28.091470619,T,KO,F I,35,72.73
2025-11-25,9:38:33.433883384,T,KO,F I,18,72.73
2025-11-25,9:38:37.578799416,T,KO,I,2,72.73
2025-11-25,9:38:37.594902710,T,KO,F I,21,72.74
2025-11-25,9:38:37.606390110,T,KO,F I,2,72.735
2025-11-25,9:38:39.467267181,T,KO,F I,79,72.74
2025-11-25,9:38:39.488732356,T,KO,I,1,72.75
2025-11-25,9:38:41.973183569,T,KO,I,3,72.76
2025-11-25,9:38:41.973246733,T,KO,I,7,72.76
2025-11-25,9:38:41.973604730,T,KO,F,100,72.76
2025-11-25,9:38:41.989079484,T,KO,F I,13,72.75
2025-11-25,9:38:42.935896555,T,KO,,100,72.745
2025-11-25,9:38:42.962401613,T,KO,,100,72.745
2025-11-25,9:38:42.990684021,T,KO,F I,2,72.76
2025-11-25,9:38:42.990687003,T,KO,F I,18,72.76
2025-11-25,9:38:43.089412130,T,KO,F,100,72.75
2025-11-25,9:38:44.992855610,T,KO,I,7,72.75
2025-11-25,9:38:44.992882617,T,KO,I,75,72.75
2025-11-25,9:38:45.007476416,T,KO,F I,9,72.75
2025-11-25,9:38:45.358226020,T,KO,F I,25,72.73
2025-11-25,9:38:45.358226020,T,KO,F I,50,72.73
2025-11-25,9:38:50.163689092,T,KO,,200,72.7
2025-11-25,9:38:50.600449335,T,KO,F I,9,72.71
2025-11-25,9:38:55.006609430,T,KO,I,5,72.73
2025-11-25,9:39:00.457968897,T,KO,,100,72.72
2025-11-25,9:39:00.460606281,T,KO,F I,3,72.72
2025-11-25,9:39:00.591880927,T,KO,F,200,72.73
2025-11-25,9:39:02.555512752,T,KO,F I,1,72.73
2025-11-25,9:39:02.555533671,T,KO,F I,99,72.73
2025-11-25,9:39:02.555533671,T,KO,F,100,72.73
2025-11-25,9:39:02.555536727,T,KO,F I,13,72.73
2025-11-25,9:39:08.973644721,T,KO,I,90,72.74
2025-11-25,9:39:09.127073080,T,KO,I,1,72.75
2025-11-25,9:39:09.444587611,T,KO,,400,72.77
2025-11-25,9:39:09.444590488,T,KO,I,25,72.77
2025-11-25,9:39:09.444590488,T,KO,,100,72.77
2025-11-25,9:39:10.009959197,T,KO,,100,72.77
2025-11-25,9:39:10.009959197,T,KO,I,25,72.77
2025-11-25,9:39:10.009963959,T,KO,,100,72.77
2025-11-25,9:39:10.009963959,T,KO,,560,72.77
2025-11-25,9:39:10.009978956,T,KO,I,1,72.77
2025-11-25,9:39:10.070522272,T,KO,,400,72.75
2025-11-25,9:39:10.070522272,T,KO,I,25,72.75
2025-11-25,9:39:11.677170728,T,KO,F,223,72.75
2025-11-25,9:39:11.677191780,T,KO,F,1477,72.75
2025-11-25,9:39:12.986017101,T,KO,,200,72.77
2025-11-25,9:39:12.986681546,T,KO,F I,3,72.78
2025-11-25,9:39:12.986685091,T,KO,F,100,72.78
2025-11-25,9:39:14.420334125,T,KO,,100,72.79
2025-11-25,9:39:14.590004242,T,KO,F I,25,72.79
2025-11-25,9:39:14.590723107,T,KO,F,100,72.79
2025-11-25,9:39:14.590723107,T,KO,F I,25,72.79
2025-11-25,9:39:14.590726003,T,KO,F,100,72.79
2025-11-25,9:39:20.778079464,T,KO,,100,72.79
2025-11-25,9:39:21.550439508,T,KO,I,25,72.8
2025-11-25,9:39:21.550439508,T,KO,,100,72.8
2025-11-25,9:39:21.550442083,T,KO,I,23,72.8
2025-11-25,9:39:21.550442083,T,KO,,400,72.8
2025-11-25,9:39:21.567333126,T,KO,F,200,72.81
2025-11-25,9:39:22.851045547,T,KO,F,100,72.8
2025-11-25,9:39:22.851048622,T,KO,F I,25,72.8
2025-11-25,9:39:22.851051634,T,KO,F,100,72.8
2025-11-25,9:39:22.851078646,T,KO,F,100,72.8
2025-11-25,9:39:22.851920705,T,KO,,100,72.795
2025-11-25,9:39:22.863423043,T,KO,,126,72.79
2025-11-25,9:39:24.751620214,T,KO,,100,72.79
2025-11-25,9:39:24.751714063,T,KO,,100,72.79
2025-11-25,9:39:24.751714063,T,KO,,200,72.79
2025-11-25,9:39:24.751719413,T,KO,,100,72.79
2025-11-25,9:39:24.751719413,T,KO,,400,72.79
2025-11-25,9:39:24.751842720,T,KO,,100,72.79
2025-11-25,9:39:24.751863730,T,KO,I,1,72.79
2025-11-25,9:39:24.751875791,T,KO,I,5,72.79
2025-11-25,9:39:25.031265238,T,KO,F,100,72.79
2025-11-25,9:39:25.031268305,T,KO,F,100,72.79
2025-11-25,9:39:25.217763461,T,KO,F,100,72.79
2025-11-25,9:39:25.217766832,T,KO,F,100,72.79
2025-11-25,9:39:25.217766832,T,KO,F,100,72.79
2025-11-25,9:39:25.490233442,T,KO,I,30,72.8
2025-11-25,9:39:25.513626177,T,KO,F I,3,72.795
2025-11-25,9:39:25.739427879,T,KO,F I,1,72.8
2025-11-25,9:39:25.739445949,T,KO,F I,69,72.8
2025-11-25,9:39:25.739445949,T,KO,F I,41,72.8
2025-11-25,9:39:25.762357524,T,KO,F I,29,72.81
2025-11-25,9:39:25.774780126,T,KO,F I,3,72.81
2025-11-25,9:39:25.785260140,T,KO,F I,1,72.81
2025-11-25,9:39:26.231829602,T,KO,F,100,72.8
2025-11-25,9:39:26.231829602,T,KO,F I,45,72.8
2025-11-25,9:39:26.234851818,T,KO,F,100,72.8
2025-11-25,9:39:26.242147180,T,KO,,100,72.8
2025-11-25,9:39:26.242168286,T,KO,I,1,72.8
2025-11-25,9:39:26.242249483,T,KO,F I,1,72.8
2025-11-25,9:39:26.242252472,T,KO,F I,14,72.8
2025-11-25,9:39:26.242709509,T,KO,I,86,72.8
2025-11-25,9:39:26.246366227,T,KO,,100,72.8
2025-11-25,9:39:26.246366227,T,KO,,100,72.8
2025-11-25,9:39:26.247581204,T,KO,,100,72.8
2025-11-25,9:39:26.247581204,T,KO,,100,72.8
2025-11-25,9:39:26.247587319,T,KO,,100,72.8
2025-11-25,9:39:26.247587319,T,KO,I,1,72.8
2025-11-25,9:39:26.247587319,T,KO,,100,72.8
2025-11-25,9:39:26.401574953,T,KO,F,100,72.81
2025-11-25,9:39:26.414271191,T,KO,F I,55,72.815
2025-11-25,9:39:26.427180855,T,KO,F I,6,72.815
2025-11-25,9:39:30.312650935,T,KO,F,100,72.81
2025-11-25,9:39:30.312671953,T,KO,I,1,72.81
2025-11-25,9:39:30.312681588,T,KO,F,100,72.81
2025-11-25,9:39:30.312681588,T,KO,F,400,72.81
2025-11-25,9:39:30.312684179,T,KO,F I,25,72.81
2025-11-25,9:39:30.312687031,T,KO,F I,37,72.81
2025-11-25,9:39:30.319465821,T,KO,F I,39,72.8
2025-11-25,9:39:30.370532777,T,KO,F,100,72.8
2025-11-25,9:39:30.370550872,T,KO,F I,1,72.8
2025-11-25,9:39:30.370638188,T,KO,I,1,72.8
2025-11-25,9:39:30.370641074,T,KO,,100,72.8
2025-11-25,9:39:30.370641074,T,KO,I,38,72.8
2025-11-25,9:39:30.370668094,T,KO,F I,62,72.8
2025-11-25,9:39:30.412377792,T,KO,I,32,72.795
2025-11-25,9:39:30.450959605,T,KO,I,37,72.79
2025-11-25,9:39:30.450962346,T,KO,,100,72.79
2025-11-25,9:39:30.450965404,T,KO,,200,72.79
2025-11-25,9:39:30.490407343,T,KO,F I,3,72.79
2025-11-25,9:39:30.490446433,T,KO,I,32,72.79
2025-11-25,9:39:30.490494439,T,KO,F I,65,72.79
2025-11-25,9:39:30.490494439,T,KO,F I,18,72.79
2025-11-25,9:39:30.490515781,T,KO,F I,82,72.79
2025-11-25,9:39:30.490515781,T,KO,F I,65,72.79
2025-11-25,9:39:30.490518541,T,KO,F I,1,72.79
2025-11-25,9:39:30.561409426,T,KO,F I,16,72.795
2025-11-25,9:39:30.623534396,T,KO,F,135,72.8
2025-11-25,9:39:30.639745923,T,KO,F I,15,72.795
2025-11-25,9:39:30.653133881,T,KO,F I,1,72.8
2025-11-25,9:39:31.028310376,T,KO,I,43,72.8
2025-11-25,9:39:31.055709047,T,KO,I,31,72.8
2025-11-25,9:39:31.055709047,T,KO,I,37,72.8
2025-11-25,9:39:31.073986201,T,KO,F I,22,72.8
2025-11-25,9:39:33.134595991,T,KO,F,100,72.79
2025-11-25,9:39:33.134595991,T,KO,F I,22,72.79
2025-11-25,9:39:33.156133310,T,KO,F I,23,72.79
2025-11-25,9:39:33.195091061,T,KO,F I,3,72.79
2025-11-25,9:39:34.177170108,T,KO,F I,23,72.78
2025-11-25,9:39:34.177170108,T,KO,F I,3,72.78
2025-11-25,9:39:34.182306893,T,KO,F I,32,72.78
2025-11-25,9:39:34.182336412,T,KO,I,68,72.78
2025-11-25,9:39:34.182336412,T,KO,I,44,72.78
2025-11-25,9:39:34.191523264,T,KO,F I,42,72.79
2025-11-25,9:39:34.197134703,T,KO,,100,72.79
2025-11-25,9:39:34.203657163,T,KO,I,23,72.79
2025-11-25,9:39:34.214918950,T,KO,I,3,72.785
2025-11-25,9:39:35.393462491,T,KO,F I,40,72.79
2025-11-25,9:39:35.393464967,T,KO,F I,44,72.79
2025-11-25,9:39:35.393467929,T,KO,F,100,72.79
2025-11-25,9:39:35.407445186,T,KO,F I,37,72.79
2025-11-25,9:39:35.429232273,T,KO,F I,4,72.79
2025-11-25,9:39:37.989908948,T,KO,I,15,72.785
2025-11-25,9:39:38.006947481,T,KO,I,2,72.79
2025-11-25,9:39:39.986935259,T,KO,,100,72.78
2025-11-25,9:39:39.986935259,T,KO,I,37,72.78
2025-11-25,9:39:39.986938251,T,KO,I,4,72.78
2025-11-25,9:39:40.001556000,T,KO,F I,43,72.78
2025-11-25,9:39:40.010724861,T,KO,F I,4,72.775
2025-11-25,9:39:40.027489826,T,KO,F I,1,72.775
2025-11-25,9:39:40.664340633,T,KO,I,50,72.77
2025-11-25,9:39:40.664343554,T,KO,,100,72.77
2025-11-25,9:39:40.664346634,T,KO,I,43,72.77
2025-11-25,9:39:40.664346634,T,KO,,400,72.77
2025-11-25,9:39:40.682933912,T,KO,F I,75,72.765
2025-11-25,9:39:40.708530844,T,KO,F I,8,72.77
2025-11-25,9:39:40.738136561,T,KO,F I,13,72.77
2025-11-25,9:39:40.775500336,T,KO,F I,1,72.77
2025-11-25,9:39:40.806573351,T,KO,F I,1,72.77
2025-11-25,9:39:41.690592204,T,KO,I,1,72.77
2025-11-25,9:39:41.690609868,T,KO,F I,79,72.77
2025-11-25,9:39:41.697923284,T,KO,F I,8,72.77
2025-11-25,9:39:42.040736684,T,KO,I,10,72.77
2025-11-25,9:39:42.040739756,T,KO,I,19,72.77
2025-11-25,9:39:43.352256917,T,KO,F,300,72.76
2025-11-25,9:39:43.352259399,T,KO,F I,23,72.76
2025-11-25,9:39:43.352259399,T,KO,F I,50,72.76
2025-11-25,9:39:43.365307398,T,KO,F I,75,72.755
2025-11-25,9:39:43.382896316,T,KO,F I,8,72.755
2025-11-25,9:39:43.400599551,T,KO,F I,1,72.755
2025-11-25,9:39:44.199196448,T,KO,F I,10,72.77
2025-11-25,9:39:44.214746473,T,KO,F I,1,72.77
2025-11-25,9:39:46.094950593,T,KO,F I,20,72.765
2025-11-25,9:39:46.105081722,T,KO,F I,2,72.765
2025-11-25,9:39:47.362791132,T,KO,F I,39,72.755
2025-11-25,9:39:47.373340295,T,KO,F I,4,72.76
2025-11-25,9:39:48.461723237,T,KO,F,100,72.75
2025-11-25,9:39:48.461737592,T,KO,I,1,72.75
2025-11-25,9:39:48.470713831,T,KO,F I,21,72.755
2025-11-25,9:39:48.493466098,T,KO,F I,2,72.76
2025-11-25,9:39:48.493484126,T,KO,F I,71,72.76
2025-11-25,9:39:48.505124852,T,KO,F I,13,72.76
2025-11-25,9:39:48.515607834,T,KO,F I,1,72.76
2025-11-25,9:39:52.083518409,T,KO,I,2,72.755
2025-11-25,9:39:52.086877412,T,KO,F I,1,72.76
2025-11-25,9:39:52.400873379,T,KO,F,108,72.76
2025-11-25,9:39:52.400873379,T,KO,F I,7,72.76
2025-11-25,9:39:52.400876271,T,KO,F,200,72.76
2025-11-25,9:39:52.400943372,T,KO,F,100,72.76
2025-11-25,9:39:52.400943372,T,KO,F,100,72.76
2025-11-25,9:39:52.400948445,T,KO,F,100,72.76
2025-11-25,9:39:52.400948445,T,KO,F I,99,72.76
2025-11-25,9:39:52.400963417,T,KO,I,1,72.76
2025-11-25,9:39:52.402452968,T,KO,F I,99,72.76
2025-11-25,9:39:52.402452968,T,KO,F I,99,72.76
2025-11-25,9:39:52.402455045,T,KO,F,100,72.76
2025-11-25,9:39:52.419080097,T,KO,I,99,72.76
2025-11-25,9:39:52.419084766,T,KO,,100,72.76
2025-11-25,9:39:52.419084766,T,KO,I,1,72.76
2025-11-25,9:39:52.419087677,T,KO,I,99,72.76
2025-11-25,9:39:52.419087677,T,KO,I,60,72.76
2025-11-25,9:39:52.427841498,T,KO,F,200,72.755
2025-11-25,9:39:52.427841498,T,KO,F I,90,72.76
2025-11-25,9:39:52.427862544,T,KO,I,1,72.76
2025-11-25,9:39:52.438748478,T,KO,F I,8,72.76
2025-11-25,9:39:52.438748478,T,KO,F I,21,72.76
2025-11-25,9:39:52.449784725,T,KO,F I,3,72.76
2025-11-25,9:39:53.250014503,T,KO,F I,99,72.75
2025-11-25,9:39:53.250014503,T,KO,F,100,72.75
2025-11-25,9:39:53.250017561,T,KO,F,100,72.75
2025-11-25,9:39:53.250032557,T,KO,,100,72.75
2025-11-25,9:39:53.250035645,T,KO,,100,72.75
2025-11-25,9:39:53.276135215,T,KO,F I,68,72.75
2025-11-25,9:39:53.276156424,T,KO,F I,32,72.75
2025-11-25,9:39:53.276159325,T,KO,F I,33,72.75
2025-11-25,9:39:53.292295246,T,KO,F I,16,72.75
2025-11-25,9:39:53.307508438,T,KO,F I,2,72.75
2025-11-25,9:39:54.192269837,T,KO,F I,35,72.75
2025-11-25,9:39:54.192269837,T,KO,F,161,72.75
2025-11-25,9:39:54.192287772,T,KO,I,1,72.75
2025-11-25,9:39:54.192293816,T,KO,I,38,72.75
2025-11-25,9:39:54.212005643,T,KO,F I,24,72.76
2025-11-25,9:39:54.225432736,T,KO,F I,3,72.76
2025-11-25,9:39:57.654941602,T,KO,I,23,72.77
2025-11-25,9:39:57.654944606,T,KO,I,18,72.77
2025-11-25,9:39:57.655459902,T,KO,F I,79,72.76
2025-11-25,9:39:57.655459902,T,KO,F I,57,72.76
2025-11-25,9:39:57.667424296,T,KO,F I,58,72.76
2025-11-25,9:39:57.679795763,T,KO,F I,6,72.76
2025-11-25,9:39:58.065879740,T,KO,F,200,72.75
2025-11-25,9:39:58.065879740,T,KO,F I,58,72.75
2025-11-25,9:39:58.065882297,T,KO,F I,6,72.75
2025-11-25,9:39:58.078915351,T,KO,F I,40,72.75
2025-11-25,9:39:58.096615436,T,KO,F I,5,72.75
2025-11-25,9:39:58.096636720,T,KO,F I,54,72.75
2025-11-25,9:39:58.096640274,T,KO,F I,79,72.75
2025-11-25,9:39:58.096640274,T,KO,F,240,72.75
2025-11-25,9:39:58.109991329,T,KO,F I,50,72.755
2025-11-25,9:39:58.125372956,T,KO,F I,5,72.755
2025-11-25,9:39:58.655485484,T,KO,F I,45,72.75
2025-11-25,9:39:58.655485484,T,KO,F I,9,72.75
2025-11-25,9:39:58.655487841,T,KO,F I,5,72.75
2025-11-25,9:39:58.655490494,T,KO,F I,40,72.75
2025-11-25,9:39:58.675713759,T,KO,F I,99,72.75
2025-11-25,9:39:58.687889733,T,KO,F I,30,72.755
2025-11-25,9:39:58.699611594,T,KO,F I,3,72.755
2025-11-25,9:39:59.243835739,T,KO,F I,11,72.755
2025-11-25,9:39:59.256748541,T,KO,F I,1,72.76
2025-11-25,9:40:00.039034694,T,KO,F I,34,72.76
2025-11-25,9:40:00.039115878,T,KO,I,65,72.76
2025-11-25,9:40:00.042890232,T,KO,F I,98,72.76
2025-11-25,9:40:00.042893112,T,KO,F,100,72.76
2025-11-25,9:40:00.042896264,T,KO,F,100,72.76
2025-11-25,9:40:00.042896264,T,KO,F I,99,72.76
2025-11-25,9:40:00.042899160,T,KO,F,400,72.76
2025-11-25,9:40:00.042899160,T,KO,F I,40,72.76
2025-11-25,9:40:00.331896157,T,KO,F I,98,72.75
2025-11-25,9:40:00.331902191,T,KO,F I,31,72.75
2025-11-25,9:40:00.331902191,T,KO,F I,71,72.75
2025-11-25,9:40:00.331914199,T,KO,I,1,72.75
2025-11-25,9:40:04.240809958,T,KO,F,328,72.75
2025-11-25,9:40:04.543931859,T,KO,,100,72.76
2025-11-25,9:40:05.338300723,T,KO,,100,72.77
2025-11-25,9:40:10.194675167,T,KO,,100,72.78
2025-11-25,9:40:10.194678100,T,KO,,100,72.78
2025-11-25,9:40:11.061351713,T,KO,F,200,72.77
2025-11-25,9:40:11.061354582,T,KO,F,200,72.77
2025-11-25,9:40:11.061357325,T,KO,F,400,72.77
2025-11-25,9:40:11.064959956,T,KO,,340,72.76
2025-11-25,9:40:11.064984389,T,KO,,160,72.76
2025-11-25,9:40:11.064984389,T,KO,,100,72.76
2025-11-25,9:40:11.064987005,T,KO,,100,72.76
2025-11-25,9:40:11.065218590,T,KO,,100,72.76
2025-11-25,9:40:13.394900173,T,KO,F I,13,72.76
2025-11-25,9:40:15.941187696,T,KO,I,39,72.75
2025-11-25,9:40:22.905721332,T,KO,F I,17,72.76
2025-11-25,9:40:23.697065211,T,KO,,100,72.76
2025-11-25,9:40:24.206054401,T,KO,,100,72.76
2025-11-25,9:40:26.106749436,T,KO,F I,25,72.77
2025-11-25,9:40:26.106752434,T,KO,F I,23,72.77
2025-11-25,9:40:26.108093557,T,KO,F I,74,72.78
2025-11-25,9:40:26.108117666,T,KO,F,100,72.77
2025-11-25,9:40:26.108117666,T,KO,F I,26,72.78
2025-11-25,9:40:27.141050942,T,KO,I,20,72.77
2025-11-25,9:40:27.141426788,T,KO,I,80,72.765
2025-11-25,9:40:27.362495263,T,KO,F I,21,72.76
2025-11-25,9:40:27.487208285,T,KO,,100,72.76
2025-11-25,9:40:30.372072315,T,KO,,100,72.78
2025-11-25,9:40:30.372078550,T,KO,I,25,72.78
2025-11-25,9:40:30.406330237,T,KO,F I,43,72.78
2025-11-25,9:40:30.406330237,T,KO,F I,25,72.78
2025-11-25,9:40:30.406335937,T,KO,F,100,72.78
2025-11-25,9:40:30.406335937,T,KO,F I,32,72.78
2025-11-25,9:40:30.406354007,T,KO,F I,68,72.78
2025-11-25,9:40:30.406357001,T,KO,F I,20,72.78
2025-11-25,9:40:30.406357001,T,KO,F I,40,72.78
2025-11-25,9:40:30.504408593,T,KO,,100,72.78
2025-11-25,9:40:30.504411531,T,KO,I,1,72.78
2025-11-25,9:40:30.551651061,T,KO,F,100,72.78
2025-11-25,9:40:30.551657298,T,KO,I,1,72.78
2025-11-25,9:40:30.551660109,T,KO,I,99,72.78
2025-11-25,9:40:30.553175765,T,KO,,100,72.78
2025-11-25,9:40:30.553175765,T,KO,,100,72.78
2025-11-25,9:40:30.553181701,T,KO,I,99,72.78
2025-11-25,9:40:30.553181701,T,KO,I,1,72.78
2025-11-25,9:40:31.098608768,T,KO,I,1,72.78
2025-11-25,9:40:31.098608768,T,KO,I,99,72.78
2025-11-25,9:40:31.111151649,T,KO,I,44,72.78
2025-11-25,9:40:31.263671990,T,KO,F I,56,72.78
2025-11-25,9:40:31.263671990,T,KO,F I,44,72.78
2025-11-25,9:40:31.263690562,T,KO,I,1,72.78
2025-11-25,9:40:32.143068367,T,KO,F I,1,72.78
2025-11-25,9:40:32.143071398,T,KO,F I,45,72.78
2025-11-25,9:40:33.166904873,T,KO,F,100,72.78
2025-11-25,9:40:38.510334550,T,KO,F I,1,72.78
2025-11-25,9:40:38.510334550,T,KO,F I,2,72.78
2025-11-25,9:40:39.177945655,T,KO,,750,72.79
2025-11-25,9:40:48.078544414,T,KO,F I,25,72.79
2025-11-25,9:40:48.078544414,T,KO,F,100,72.79
2025-11-25,9:40:48.078547509,T,KO,F,100,72.79
2025-11-25,9:40:48.078787945,T,KO,F I,80,72.79
2025-11-25,9:40:48.079338189,T,KO,F I,5,72.78
2025-11-25,9:40:48.079341325,T,KO,F I,9,72.78
2025-11-25,9:40:48.079341325,T,KO,F I,1,72.78
2025-11-25,9:40:48.079344188,T,KO,F,200,72.78
2025-11-25,9:40:48.079729448,T,KO,,100,72.78
2025-11-25,9:40:48.079729448,T,KO,,100,72.78
2025-11-25,9:40:48.079735178,T,KO,,100,72.78
2025-11-25,9:40:48.079735178,T,KO,,100,72.78
2025-11-25,9:40:48.079738268,T,KO,I,25,72.78
2025-11-25,9:40:48.079738268,T,KO,I,5,72.78
2025-11-25,9:40:48.079750246,T,KO,I,1,72.78
2025-11-25,9:40:49.699789554,T,KO,I,14,72.79
2025-11-25,9:40:49.700956805,T,KO,F,100,72.79
2025-11-25,9:40:49.700956805,T,KO,F I,4,72.79
2025-11-25,9:40:49.700974492,T,KO,I,1,72.79
2025-11-25,9:40:55.860283086,T,KO,I,2,72.79
2025-11-25,9:40:55.860283086,T,KO,I,1,72.79
2025-11-25,9:40:55.860289048,T,KO,I,25,72.79
2025-11-25,9:40:55.860289048,T,KO,,100,72.79
2025-11-25,9:40:57.175477353,T,KO,,100,72.785
2025-11-25,9:40:57.187851932,T,KO,,100,72.785
2025-11-25,9:40:57.429931469,T,KO,,100,72.785
2025-11-25,9:40:58.948891180,T,KO,,100,72.785
2025-11-25,9:41:00.011763560,T,KO,F I,69,72.79
2025-11-25,9:41:00.016993042,T,KO,F I,7,72.79
2025-11-25,9:41:00.123599926,T,KO,F I,1,72.79
2025-11-25,9:41:01.340054179,T,KO,F I,90,72.79
2025-11-25,9:41:01.340069246,T,KO,I,1,72.79
2025-11-25,9:41:01.367551641,T,KO,F I,10,72.79
2025-11-25,9:41:01.390763968,T,KO,F I,1,72.79
2025-11-25,9:41:04.140049866,T,KO,F,100,72.78
2025-11-25,9:41:04.140049866,T,KO,F I,80,72.78
2025-11-25,9:41:04.140052881,T,KO,F,100,72.78
2025-11-25,9:41:04.140113051,T,KO,,100,72.78
2025-11-25,9:41:04.140985115,T,KO,,100,72.78
2025-11-25,9:41:04.140985115,T,KO,,100,72.78
2025-11-25,9:41:04.141322670,T,KO,F,680,72.78
2025-11-25,9:41:04.141324912,T,KO,,1120,72.78
2025-11-25,9:41:04.141364015,T,KO,F,793,72.78
2025-11-25,9:41:04.141376021,T,KO,I,67,72.78
2025-11-25,9:41:04.141397084,T,KO,F,140,72.78
2025-11-25,9:41:04.481320710,T,KO,,100,72.785
2025-11-25,9:41:04.493758273,T,KO,,100,72.785
2025-11-25,9:41:04.554972130,T,KO,,100,72.785
2025-11-25,9:41:04.799229505,T,KO,F,100,72.78
2025-11-25,9:41:04.799229505,T,KO,F I,40,72.78
2025-11-25,9:41:06.058363791,T,KO,,100,72.785
2025-11-25,9:41:06.822796367,T,KO,,200,72.78
2025-11-25,9:41:07.159998424,T,KO,,100,72.785
2025-11-25,9:41:07.171109960,T,KO,,100,72.785
2025-11-25,9:41:07.437258795,T,KO,,100,72.78
2025-11-25,9:41:07.643189291,T,KO,F I,25,72.77
2025-11-25,9:41:07.644055369,T,KO,F,100,72.77
2025-11-25,9:41:08.143442693,T,KO,,100,72.77
2025-11-25,9:41:13.716189262,T,KO,F,200,72.76
2025-11-25,9:41:16.564922046,T,KO,I,3,72.76
2025-11-25,9:41:16.564922046,T,KO,I,25,72.76
2025-11-25,9:41:16.565424153,T,KO,I,13,72.76
2025-11-25,9:41:16.572331654,T,KO,I,44,72.76
2025-11-25,9:41:18.691112482,T,KO,F,100,72.77
2025-11-25,9:41:18.691112482,T,KO,F,100,72.77
2025-11-25,9:41:18.691115054,T,KO,F,100,72.77
2025-11-25,9:41:18.702746710,T,KO,,100,72.785
2025-11-25,9:41:22.571482396,T,KO,F I,60,72.78
2025-11-25,9:41:22.571485137,T,KO,F,100,72.78
2025-11-25,9:41:22.571487791,T,KO,F,100,72.78
2025-11-25,9:41:23.308089209,T,KO,,100,72.78
2025-11-25,9:41:25.878587356,T,KO,,100,72.795
2025-11-25,9:41:27.033780047,T,KO,F,100,72.8
2025-11-25,9:41:27.033780047,T,KO,F,100,72.8
2025-11-25,9:41:27.103807464,T,KO,F I,5,72.81
2025-11-25,9:41:30.136247817,T,KO,F,100,72.82
2025-11-25,9:41:30.136250805,T,KO,F,100,72.82
2025-11-25,9:41:30.136271844,T,KO,F,300,72.82
2025-11-25,9:41:31.931286113,T,KO,F I,1,72.81
2025-11-25,9:41:31.931308072,T,KO,F I,79,72.81
2025-11-25,9:41:31.931308072,T,KO,F,100,72.81
2025-11-25,9:41:31.931313189,T,KO,F I,50,72.81
2025-11-25,9:41:31.934230085,T,KO,,100,72.81
2025-11-25,9:41:32.178860230,T,KO,I,1,72.82
2025-11-25,9:41:32.538020187,T,KO,I,42,72.82
2025-11-25,9:41:32.538023223,T,KO,I,58,72.82
2025-11-25,9:41:32.848993812,T,KO,I,3,72.82
2025-11-25,9:41:33.028855147,T,KO,I,97,72.82
2025-11-25,9:41:33.419452471,T,KO,F I,1,72.82
2025-11-25,9:41:33.419455470,T,KO,F,100,72.82
2025-11-25,9:41:33.419458400,T,KO,F,100,72.82
2025-11-25,9:41:33.419479597,T,KO,I,1,72.82
2025-11-25,9:41:34.473712343,T,KO,I,1,72.83
2025-11-25,9:41:34.482258691,T,KO,I,6,72.83
2025-11-25,9:41:34.482550704,T,KO,F I,94,72.83
2025-11-25,9:41:34.482550704,T,KO,F I,20,72.83
2025-11-25,9:41:34.482553431,T,KO,F I,60,72.83
2025-11-25,9:41:34.741391947,T,KO,F I,99,72.82
2025-11-25,9:41:34.741394929,T,KO,F,100,72.82
2025-11-25,9:41:34.741467415,T,KO,,100,72.82
2025-11-25,9:41:36.042398529,T,KO,F I,80,72.81
2025-11-25,9:41:36.042398529,T,KO,F,100,72.81
2025-11-25,9:41:38.463994292,T,KO,F,100,72.8
2025-11-25,9:41:38.463994292,T,KO,F I,35,72.8
2025-11-25,9:41:38.463997097,T,KO,F I,2,72.8
2025-11-25,9:41:38.466417847,T,KO,I,63,72.81
2025-11-25,9:41:38.466862883,T,KO,,100,72.8
2025-11-25,9:41:39.517670495,T,KO,,100,72.81
2025-11-25,9:41:43.123047222,T,KO,,100,72.795
2025-11-25,9:41:43.212877121,T,KO,F,100,72.79
2025-11-25,9:41:44.870803789,T,KO,F,300,72.8
2025-11-25,9:41:45.320789480,T,KO,F I,20,72.8
2025-11-25,9:41:49.206752691,T,KO,F I,5,72.8
2025-11-25,9:41:50.143558914,T,KO,,100,72.81
2025-11-25,9:41:50.143558914,T,KO,,100,72.81
2025-11-25,9:41:50.143574282,T,KO,F I,25,72.81
2025-11-25,9:41:50.350623065,T,KO,,100,72.805
2025-11-25,9:41:54.958100751,T,KO,F,100,72.8
2025-11-25,9:41:54.958103779,T,KO,F,100,72.8
2025-11-25,9:41:54.958109701,T,KO,F,100,72.8
2025-11-25,9:41:55.727585371,T,KO,,100,72.8
2025-11-25,9:41:57.698341241,T,KO,I,34,72.8
2025-11-25,9:42:00.455704504,T,KO,F,300,72.79
2025-11-25,9:42:00.805356232,T,KO,F I,1,72.78
2025-11-25,9:42:01.684211448,T,KO,,100,72.785
2025-11-25,9:42:01.919922205,T,KO,F I,5,72.78
2025-11-25,9:42:01.919922205,T,KO,F I,3,72.78
2025-11-25,9:42:03.321448806,T,KO,F,300,72.8
2025-11-25,9:42:03.322456199,T,KO,F I,4,72.81
2025-11-25,9:42:03.324299669,T,KO,,100,72.81
2025-11-25,9:42:11.875857186,T,KO,,100,72.825
2025-11-25,9:42:14.058494588,T,KO,F I,6,72.83
2025-11-25,9:42:14.058497775,T,KO,F I,84,72.83
2025-11-25,9:42:14.058518679,T,KO,F,116,72.83
2025-11-25,9:42:14.058569894,T,KO,F I,1,72.83
2025-11-25,9:42:14.428195180,T,KO,,100,72.835
2025-11-25,9:42:16.938477966,T,KO,I,4,72.84
2025-11-25,9:42:16.938477966,T,KO,I,2,72.84
2025-11-25,9:42:16.947974561,T,KO,,100,72.84
2025-11-25,9:42:19.696665078,T,KO,F I,1,72.84
2025-11-25,9:42:19.696668115,T,KO,F,100,72.84
2025-11-25,9:42:19.696668115,T,KO,F I,43,72.84
2025-11-25,9:42:19.696677107,T,KO,F I,1,72.84
2025-11-25,9:42:19.696677107,T,KO,F I,19,72.84
2025-11-25,9:42:19.696680482,T,KO,F I,1,72.84
2025-11-25,9:42:19.696683269,T,KO,F,126,72.84
2025-11-25,9:42:19.696686990,T,KO,F I,1,72.84
2025-11-25,9:42:19.696686990,T,KO,F I,6,72.84
2025-11-25,9:42:20.234868953,T,KO,F I,1,72.84
2025-11-25,9:42:20.234868953,T,KO,F I,6,72.84
2025-11-25,9:42:20.234944613,T,KO,I,2,72.84
2025-11-25,9:42:20.234947411,T,KO,I,98,72.84
2025-11-25,9:42:20.234947411,T,KO,I,26,72.84
2025-11-25,9:42:20.234965180,T,KO,I,1,72.84
2025-11-25,9:42:20.409473933,T,KO,F I,2,72.84
2025-11-25,9:42:20.409473933,T,KO,F I,98,72.84
2025-11-25,9:42:27.454157159,T,KO,,100,72.845
2025-11-25,9:42:29.769888543,T,KO,F I,6,72.85
2025-11-25,9:42:29.769891471,T,KO,F I,10,72.85
2025-11-25,9:42:29.769894548,T,KO,F I,1,72.85
2025-11-25,9:42:29.769894548,T,KO,F I,2,72.85
2025-11-25,9:42:30.864739131,T,KO,,400,72.86
2025-11-25,9:42:30.864739131,T,KO,I,25,72.86
2025-11-25,9:42:36.102229800,T,KO,F I,6,72.88
2025-11-25,9:42:37.595712326,T,KO,F,100,72.885
2025-11-25,9:42:37.595715407,T,KO,F I,3,72.88
2025-11-25,9:42:37.595718790,T,KO,F I,65,72.88
2025-11-25,9:42:37.595721726,T,KO,F I,35,72.88
2025-11-25,9:42:37.595721726,T,KO,F I,40,72.88
2025-11-25,9:42:38.659757537,T,KO,I,33,72.88
2025-11-25,9:42:38.659796670,T,KO,I,4,72.88
2025-11-25,9:42:40.581108637,T,KO,I,25,72.88
2025-11-25,9:42:40.581111694,T,KO,,100,72.88
2025-11-25,9:42:40.581920589,T,KO,F I,39,72.88
2025-11-25,9:42:40.582377728,T,KO,I,35,72.88
2025-11-25,9:42:40.583027302,T,KO,F I,35,72.88
2025-11-25,9:42:40.583030264,T,KO,F,400,72.88
2025-11-25,9:42:40.583295317,T,KO,I,51,72.88
2025-11-25,9:42:40.583297837,T,KO,I,49,72.88
2025-11-25,9:42:40.583330915,T,KO,I,76,72.88
2025-11-25,9:42:40.583367108,T,KO,F,324,72.88
2025-11-25,9:42:40.583370056,T,KO,F I,51,72.88
2025-11-25,9:42:40.584963778,T,KO,F,335,72.88
2025-11-25,9:42:40.841463172,T,KO,I,41,72.88
2025-11-25,9:42:40.841465763,T,KO,I,80,72.88
2025-11-25,9:42:40.841468777,T,KO,I,47,72.88
2025-11-25,9:42:41.717238525,T,KO,,100,72.87
2025-11-25,9:42:41.717253581,T,KO,I,1,72.87
2025-11-25,9:42:41.717262970,T,KO,F I,99,72.87
2025-11-25,9:42:41.886451545,T,KO,I,2,72.875
2025-11-25,9:42:41.889016751,T,KO,,100,72.875
2025-11-25,9:42:41.889446683,T,KO,I,25,72.87
2025-11-25,9:42:41.889446683,T,KO,I,40,72.87
2025-11-25,9:42:41.889449702,T,KO,,100,72.87
2025-11-25,9:42:41.889471054,T,KO,I,1,72.87
2025-11-25,9:42:41.889747489,T,KO,F,299,72.87
2025-11-25,9:42:42.048059485,T,KO,,100,72.87
2025-11-25,9:42:42.055772989,T,KO,,100,72.87
2025-11-25,9:42:42.164776531,T,KO,F,100,72.86
2025-11-25,9:42:42.164776531,T,KO,F I,41,72.86
2025-11-25,9:42:43.210863001,T,KO,I,1,72.855
2025-11-25,9:42:48.344377588,T,KO,F I,82,72.87
2025-11-25,9:42:48.344377588,T,KO,F I,41,72.87
2025-11-25,9:42:50.268206370,T,KO,F I,6,72.87
2025-11-25,9:42:51.464067525,T,KO,F I,69,72.875
2025-11-25,9:42:51.588239424,T,KO,F,131,72.875
2025-11-25,9:42:51.588239424,T,KO,F,169,72.87
2025-11-25,9:42:51.588257301,T,KO,I,1,72.87
2025-11-25,9:42:51.588263398,T,KO,F,130,72.87
2025-11-25,9:42:51.692783882,T,KO,F I,84,72.87
2025-11-25,9:42:51.692786306,T,KO,F,100,72.87
2025-11-25,9:42:52.327445255,T,KO,F I,33,72.87
2025-11-25,9:42:52.327445255,T,KO,F I,17,72.87
2025-11-25,9:42:52.327450988,T,KO,F I,84,72.87
2025-11-25,9:42:52.327450988,T,KO,F I,36,72.87
2025-11-25,9:42:52.327450988,T,KO,F,100,72.87
2025-11-25,9:42:52.327454058,T,KO,F I,60,72.87
2025-11-25,9:42:52.327474971,T,KO,I,1,72.87
2025-11-25,9:42:52.328757001,T,KO,F,100,72.87
2025-11-25,9:42:52.328762559,T,KO,F I,83,72.87
2025-11-25,9:42:52.328762559,T,KO,F I,36,72.87
2025-11-25,9:42:52.328765025,T,KO,F,100,72.87
2025-11-25,9:42:54.022392816,T,KO,,100,72.875
2025-11-25,9:42:54.022681474,T,KO,,100,72.875
2025-11-25,9:42:54.231598037,T,KO,F I,83,72.87
2025-11-25,9:42:54.231598037,T,KO,F I,19,72.87
2025-11-25,9:42:54.233053460,T,KO,I,19,72.87
2025-11-25,9:42:54.233053460,T,KO,I,62,72.87
2025-11-25,9:42:54.644965575,T,KO,I,36,72.86
2025-11-25,9:42:57.140447067,T,KO,I,92,72.865
2025-11-25,9:42:57.145108171,T,KO,I,15,72.87
2025-11-25,9:42:57.145108171,T,KO,I,25,72.87
2025-11-25,9:42:57.145150202,T,KO,I,82,72.87
2025-11-25,9:42:57.145180295,T,KO,F I,1,72.87
2025-11-25,9:42:57.145183344,T,KO,F,100,72.87
2025-11-25,9:42:57.440468592,T,KO,F,100,72.86
2025-11-25,9:42:57.442023273,T,KO,F,100,72.86
2025-11-25,9:42:57.456833791,T,KO,I,44,72.85
2025-11-25,9:42:57.456833791,T,KO,I,20,72.85
2025-11-25,9:43:00.187517132,T,KO,F I,6,72.86
2025-11-25,9:43:00.187520162,T,KO,F I,5,72.86
2025-11-25,9:43:00.187520162,T,KO,F I,82,72.86
2025-11-25,9:43:00.187524463,T,KO,F I,25,72.86
2025-11-25,9:43:01.418913936,T,KO,F I,10,72.87
2025-11-25,9:43:05.711385350,T,KO,F I,54,72.88
2025-11-25,9:43:05.720115138,T,KO,I,38,72.87
2025-11-25,9:43:05.720121170,T,KO,,100,72.87
2025-11-25,9:43:05.720121170,T,KO,I,62,72.87
2025-11-25,9:43:05.720527131,T,KO,I,1,72.87
2025-11-25,9:43:08.226859305,T,KO,I,20,72.89
2025-11-25,9:43:08.226862105,T,KO,I,4,72.89
2025-11-25,9:43:12.437830013,T,KO,F I,9,72.9
2025-11-25,9:43:12.437833166,T,KO,F I,10,72.9
2025-11-25,9:43:12.447639264,T,KO,I,77,72.9
2025-11-25,9:43:14.075804055,T,KO,F,100,72.89
2025-11-25,9:43:14.075807107,T,KO,F,500,72.89
2025-11-25,9:43:14.139640062,T,KO,F I,42,72.87
2025-11-25,9:43:14.461529701,T,KO,F,100,72.855
2025-11-25,9:43:14.461533267,T,KO,F,100,72.855
2025-11-25,9:43:14.461535865,T,KO,F I,77,72.86
2025-11-25,9:43:14.461535865,T,KO,F I,16,72.86
2025-11-25,9:43:14.461538746,T,KO,F I,25,72.86
2025-11-25,9:43:14.461541850,T,KO,F I,10,72.86
2025-11-25,9:43:14.473221669,T,KO,I,39,72.86
2025-11-25,9:43:16.526830693,T,KO,F I,10,72.87
2025-11-25,9:43:19.063970367,T,KO,,100,72.86
2025-11-25,9:43:19.063973377,T,KO,,100,72.86
2025-11-25,9:43:20.174569544,T,KO,F I,1,72.85
2025-11-25,9:43:23.547733383,T,KO,I,1,72.86
2025-11-25,9:43:23.547754691,T,KO,I,39,72.86
2025-11-25,9:43:23.547757380,T,KO,I,63,72.86
2025-11-25,9:43:30.369357407,T,KO,I,1,72.87
2025-11-25,9:43:30.369360417,T,KO,I,1,72.87
2025-11-25,9:43:30.369363399,T,KO,,328,72.87
2025-11-25,9:43:30.369378471,T,KO,I,1,72.87
2025-11-25,9:43:30.370283595,T,KO,,100,72.87
2025-11-25,9:43:33.917023974,T,KO,F I,40,72.86
2025-11-25,9:43:33.917026892,T,KO,F,500,72.86
2025-11-25,9:43:34.005774265,T,KO,I,2,72.855
2025-11-25,9:43:34.595054652,T,KO,F I,4,72.85
2025-11-25,9:43:37.126056878,T,KO,F,203,72.85
2025-11-25,9:43:37.126056878,T,KO,F,230,72.85
2025-11-25,9:43:37.126073121,T,KO,I,1,72.85
2025-11-25,9:43:37.126077887,T,KO,F,466,72.85
2025-11-25,9:43:37.126080857,T,KO,F I,6,72.85
2025-11-25,9:43:42.350201182,T,KO,F I,37,72.86
2025-11-25,9:43:42.353072963,T,KO,F I,88,72.86
2025-11-25,9:43:42.353079067,T,KO,F,100,72.86
2025-11-25,9:43:42.353079067,T,KO,F,100,72.86
2025-11-25,9:43:42.353082046,T,KO,F I,1,72.86
2025-11-25,9:43:42.387376202,T,KO,I,41,72.85
2025-11-25,9:43:42.387378791,T,KO,,300,72.85
2025-11-25,9:43:42.387381734,T,KO,,100,72.85
2025-11-25,9:43:47.230407590,T,KO,F I,88,72.85
2025-11-25,9:43:47.230410340,T,KO,F I,5,72.85
2025-11-25,9:43:53.480878293,T,KO,F I,60,72.855
2025-11-25,9:43:58.092598929,T,KO,F,400,72.85
2025-11-25,9:43:58.199993641,T,KO,I,3,72.845
2025-11-25,9:44:00.746560869,T,KO,F I,80,72.85
2025-11-25,9:44:02.731675739,T,KO,I,5,72.86
2025-11-25,9:44:02.731678816,T,KO,I,31,72.86
2025-11-25,9:44:03.530757358,T,KO,,200,72.84
2025-11-25,9:44:03.758916361,T,KO,F,200,72.82
2025-11-25,9:44:04.810340527,T,KO,I,20,72.81
2025-11-25,9:44:04.810343493,T,KO,,200,72.81
2025-11-25,9:44:05.451476564,T,KO,I,15,72.785
2025-11-25,9:44:05.534245637,T,KO,F I,25,72.79
2025-11-25,9:44:05.534248688,T,KO,F I,28,72.79
2025-11-25,9:44:05.869592798,T,KO,F I,6,72.795
2025-11-25,9:44:05.869592798,T,KO,F I,55,72.8
2025-11-25,9:44:05.869595324,T,KO,F I,25,72.8
2025-11-25,9:44:13.913646027,T,KO,F I,10,72.81
2025-11-25,9:44:13.913646027,T,KO,F I,1,72.81
2025-11-25,9:44:16.714648876,T,KO,F I,9,72.81
2025-11-25,9:44:24.054735756,T,KO,F I,6,72.82
2025-11-25,9:44:24.054735756,T,KO,F,148,72.82
2025-11-25,9:44:24.054738462,T,KO,F,452,72.82
2025-11-25,9:44:24.054741296,T,KO,F I,37,72.82
2025-11-25,9:44:24.054743888,T,KO,F I,6,72.82
2025-11-25,9:44:27.400031498,T,KO,I,2,72.815
2025-11-25,9:44:27.400046438,T,KO,I,5,72.815
2025-11-25,9:44:27.434184405,T,KO,,100,72.815
2025-11-25,9:44:27.434189762,T,KO,,200,72.81
2025-11-25,9:44:27.434189762,T,KO,I,25,72.81
2025-11-25,9:44:27.434192766,T,KO,,100,72.81
2025-11-25,9:44:27.434195829,T,KO,,100,72.81
2025-11-25,9:44:27.434198806,T,KO,,300,72.81
2025-11-25,9:44:27.463807971,T,KO,F I,1,72.81
2025-11-25,9:44:27.463807971,T,KO,F I,2,72.81
2025-11-25,9:44:27.463810393,T,KO,F I,42,72.81
2025-11-25,9:44:31.318427070,T,KO,,100,72.82
2025-11-25,9:44:33.687458100,T,KO,F I,10,72.83
2025-11-25,9:44:33.687458100,T,KO,F I,2,72.83
2025-11-25,9:44:33.687460387,T,KO,F,200,72.83
2025-11-25,9:44:33.687475892,T,KO,,100,72.83
2025-11-25,9:44:33.688170314,T,KO,,100,72.83
2025-11-25,9:44:33.688173351,T,KO,,100,72.83
2025-11-25,9:44:33.688176144,T,KO,I,84,72.83
2025-11-25,9:44:33.688176144,T,KO,,100,72.83
2025-11-25,9:44:33.688179301,T,KO,I,25,72.83
2025-11-25,9:44:33.688404599,T,KO,F I,60,72.83
2025-11-25,9:44:34.181049999,T,KO,,100,72.825
2025-11-25,9:44:36.391368314,T,KO,F,100,72.82
2025-11-25,9:44:36.391368314,T,KO,F I,65,72.82
2025-11-25,9:44:36.391383663,T,KO,F I,13,72.82
2025-11-25,9:44:36.391387047,T,KO,I,1,72.82
2025-11-25,9:44:36.391410386,T,KO,I,86,72.82
2025-11-25,9:44:36.391410386,T,KO,I,4,72.82
2025-11-25,9:44:36.391765471,T,KO,I,96,72.82
2025-11-25,9:44:36.391768221,T,KO,I,35,72.82
2025-11-25,9:44:36.402747472,T,KO,I,25,72.81
2025-11-25,9:44:36.402750469,T,KO,,100,72.81
2025-11-25,9:44:36.500834980,T,KO,F I,25,72.8
2025-11-25,9:44:36.500838187,T,KO,F,100,72.8
2025-11-25,9:44:36.503739950,T,KO,F I,25,72.79
2025-11-25,9:44:36.503739950,T,KO,F I,44,72.79
2025-11-25,9:44:36.503742928,T,KO,F,100,72.79
2025-11-25,9:44:36.505580728,T,KO,F I,82,72.79
2025-11-25,9:44:36.505580728,T,KO,F I,84,72.79
2025-11-25,9:44:36.509210374,T,KO,I,82,72.79
2025-11-25,9:44:36.509210374,T,KO,,100,72.79
2025-11-25,9:44:37.751604330,T,KO,I,1,72.78
2025-11-25,9:44:37.751606972,T,KO,,100,72.78
2025-11-25,9:44:37.883191311,T,KO,I,81,72.78
2025-11-25,9:44:37.883191311,T,KO,I,19,72.78
2025-11-25,9:44:37.883206270,T,KO,I,1,72.78
2025-11-25,9:44:37.883221400,T,KO,I,1,72.78
2025-11-25,9:44:38.129270827,T,KO,F I,76,72.78
2025-11-25,9:44:38.129270827,T,KO,F I,11,72.78
2025-11-25,9:44:38.129273367,T,KO,F I,25,72.78
2025-11-25,9:44:38.392715879,T,KO,I,81,72.78
2025-11-25,9:44:38.392905580,T,KO,F,100,72.77
2025-11-25,9:44:38.392908232,T,KO,F I,10,72.77
2025-11-25,9:44:38.392915652,T,KO,F,100,72.77
2025-11-25,9:44:38.392915652,T,KO,F,161,72.77
2025-11-25,9:44:38.392920523,T,KO,F,100,72.77
2025-11-25,9:44:38.392920523,T,KO,F I,38,72.77
2025-11-25,9:44:38.392927382,T,KO,F I,25,72.77
2025-11-25,9:44:39.235241416,T,KO,I,37,72.77
2025-11-25,9:44:43.419205415,T,KO,F,300,72.76
2025-11-25,9:44:47.102993982,T,KO,F I,1,72.75
2025-11-25,9:44:47.102997212,T,KO,F I,18,72.75
2025-11-25,9:44:47.102997212,T,KO,F,100,72.75
2025-11-25,9:44:47.103000345,T,KO,F,300,72.75
2025-11-25,9:44:47.622860140,T,KO,,100,72.745
2025-11-25,9:44:54.213455862,T,KO,,100,72.745
2025-11-25,9:44:54.213458957,T,KO,,100,72.75
2025-11-25,9:44:54.213461922,T,KO,,1001,72.75
2025-11-25,9:44:54.213476923,T,KO,I,99,72.75
2025-11-25,9:44:54.213476923,T,KO,I,1,72.75
2025-11-25,9:44:56.059375322,T,KO,,476,72.75
2025-11-25,9:44:56.059394482,T,KO,,100,72.75
2025-11-25,9:44:56.059394482,T,KO,I,1,72.75
2025-11-25,9:44:56.059396366,T,KO,,100,72.75
2025-11-25,9:44:56.059420460,T,KO,,523,72.75
2025-11-25,9:44:56.059423496,T,KO,I,6,72.75
2025-11-25,9:44:56.060058403,T,KO,I,3,72.75
2025-11-25,9:44:57.787549256,T,KO,,100,72.77
2025-11-25,9:44:57.787552315,T,KO,I,25,72.77
2025-11-25,9:44:57.787552315,T,KO,I,37,72.77
2025-11-25,9:44:57.787564388,T,KO,I,1,72.77
2025-11-25,9:44:57.787564388,T,KO,I,32,72.77
2025-11-25,9:44:58.640242173,T,KO,F,200,72.77
2025-11-25,9:44:58.640242173,T,KO,F,200,72.775
2025-11-25,9:44:58.640245856,T,KO,F,100,72.78
2025-11-25,9:44:58.640245856,T,KO,F I,25,72.78
2025-11-25,9:44:58.641309803,T,KO,I,89,72.78
2025-11-25,9:44:58.641309803,T,KO,I,11,72.78
2025-11-25,9:44:58.641321739,T,KO,I,89,72.78
2025-11-25,9:44:58.644362647,T,KO,F,100,72.78
2025-11-25,9:44:58.644365294,T,KO,F,400,72.78
2025-11-25,9:44:58.644368246,T,KO,F I,5,72.78
2025-11-25,9:44:58.644368246,T,KO,F I,76,72.78
2025-11-25,9:44:58.644371040,T,KO,F I,60,72.78
2025-11-25,9:44:58.644371040,T,KO,F I,89,72.78
2025-11-25,9:45:00.010335455,T,KO,,100,72.775
2025-11-25,9:45:00.084431932,T,KO,,100,72.79
2025-11-25,9:45:00.085240858,T,KO,I,42,72.79
2025-11-25,9:45:00.105554140,T,KO,I,39,72.79
2025-11-25,9:45:00.665701349,T,KO,F I,40,72.78
2025-11-25,9:45:00.745574662,T,KO,I,91,72.78
2025-11-25,9:45:00.846919035,T,KO,I,43,72.79
2025-11-25,9:45:00.846946028,T,KO,F I,91,72.79
2025-11-25,9:45:00.846955091,T,KO,,200,72.795
2025-11-25,9:45:01.107946763,T,KO,F I,38,72.79
2025-11-25,9:45:01.107946763,T,KO,F I,25,72.79
2025-11-25,9:45:02.558430293,T,KO,F,100,72.785
2025-11-25,9:45:02.558433286,T,KO,F I,14,72.79
2025-11-25,9:45:04.119767198,T,KO,F,100,72.78
2025-11-25,9:45:05.455253663,T,KO,F I,45,72.77
2025-11-25,9:45:05.455256604,T,KO,F I,40,72.77
2025-11-25,9:45:05.455275432,T,KO,F I,60,72.77
2025-11-25,9:45:05.455275432,T,KO,F I,25,72.77
2025-11-25,9:45:05.455280750,T,KO,F,100,72.77
2025-11-25,9:45:05.455280750,T,KO,F,400,72.77
2025-11-25,9:45:05.455280750,T,KO,F I,6,72.77
2025-11-25,9:45:09.980560556,T,KO,F I,20,72.78
2025-11-25,9:45:10.121554694,T,KO,,100,72.78
2025-11-25,9:45:10.121554694,T,KO,I,25,72.79
2025-11-25,9:45:10.121557366,T,KO,I,75,72.79
2025-11-25,9:45:10.121572447,T,KO,I,1,72.79
2025-11-25,9:45:11.065430429,T,KO,,100,72.79
2025-11-25,9:45:14.815178216,T,KO,F I,60,72.83
2025-11-25,9:45:18.224385992,T,KO,I,1,72.82
2025-11-25,9:45:19.788152470,T,KO,,100,72.83
2025-11-25,9:45:22.294056675,T,KO,,100,72.835
2025-11-25,9:45:24.307053990,T,KO,,100,72.85
2025-11-25,9:45:24.308626719,T,KO,F I,20,72.85
2025-11-25,9:45:24.308626719,T,KO,F I,60,72.85
2025-11-25,9:45:24.526140809,T,KO,I,6,72.85
2025-11-25,9:45:25.137244811,T,KO,,100,72.86
2025-11-25,9:45:25.218939888,T,KO,,100,72.865
2025-11-25,9:45:27.141093843,T,KO,,125,72.86
2025-11-25,9:45:27.141117954,T,KO,I,75,72.86
2025-11-25,9:45:27.367265491,T,KO,F I,80,72.86
2025-11-25,9:45:31.092847834,T,KO,I,6,72.86
2025-11-25,9:45:32.944543987,T,KO,F I,25,72.85
2025-11-25,9:45:32.944547095,T,KO,F,100,72.85
2025-11-25,9:45:32.954049698,T,KO,,100,72.85
2025-11-25,9:45:34.326689858,T,KO,I,7,72.84
2025-11-25,9:45:35.960682579,T,KO,,200,72.87
2025-11-25,9:45:35.960682579,T,KO,I,25,72.87
2025-11-25,9:45:35.960701041,T,KO,F,200,72.87
2025-11-25,9:45:38.827290034,T,KO,F I,7,72.88
2025-11-25,9:45:40.549491855,T,KO,I,2,72.88
2025-11-25,9:45:41.735516800,T,KO,F I,57,72.88
2025-11-25,9:45:47.289772101,T,KO,F,100,72.85
2025-11-25,9:45:48.390279166,T,KO,F I,26,72.83
2025-11-25,9:45:48.391409823,T,KO,F,100,72.84
2025-11-25,9:45:50.031140130,T,KO,,100,72.86
2025-11-25,9:45:50.031140130,T,KO,I,25,72.86
2025-11-25,9:45:50.031726481,T,KO,I,5,72.86
2025-11-25,9:45:50.032184192,T,KO,F,100,72.86
2025-11-25,9:45:50.032186822,T,KO,F I,78,72.86
2025-11-25,9:45:50.032190431,T,KO,F,100,72.86
2025-11-25,9:45:50.032192780,T,KO,F I,25,72.86
2025-11-25,9:45:50.032192780,T,KO,F,195,72.86
2025-11-25,9:45:50.032207702,T,KO,I,1,72.86
2025-11-25,9:45:50.691130985,T,KO,I,4,72.86
2025-11-25,9:45:50.691133980,T,KO,I,78,72.86
2025-11-25,9:45:53.097122355,T,KO,F I,5,72.86
2025-11-25,9:45:53.097122355,T,KO,F,100,72.86
2025-11-25,9:45:55.993064513,T,KO,F,100,72.86
2025-11-25,9:45:58.018824211,T,KO,F I,25,72.84
2025-11-25,9:45:58.710513639,T,KO,F I,25,72.83
2025-11-25,9:46:01.518346109,T,KO,,200,72.825
2025-11-25,9:46:01.808720613,T,KO,F I,48,72.83
2025-11-25,9:46:01.808753732,T,KO,I,1,72.83
2025-11-25,9:46:01.809075525,T,KO,F,164,72.83
2025-11-25,9:46:01.809096551,T,KO,I,1,72.83
2025-11-25,9:46:01.809114669,T,KO,,100,72.83
2025-11-25,9:46:01.863336824,T,KO,I,41,72.83
2025-11-25,9:46:01.863339814,T,KO,,159,72.83
2025-11-25,9:46:01.863360815,T,KO,I,41,72.83
2025-11-25,9:46:01.863360815,T,KO,I,15,72.83
2025-11-25,9:46:02.050331055,T,KO,F,144,72.83
2025-11-25,9:46:02.051392607,T,KO,,100,72.83
2025-11-25,9:46:02.051396309,T,KO,I,74,72.83
2025-11-25,9:46:02.051396309,T,KO,I,3,72.83
2025-11-25,9:46:02.051401697,T,KO,I,40,72.83
2025-11-25,9:46:02.051401697,T,KO,,100,72.83
2025-11-25,9:46:02.311319637,T,KO,I,40,72.825
2025-11-25,9:46:02.329248366,T,KO,F I,3,72.83
2025-11-25,9:46:02.329251366,T,KO,F I,74,72.83
2025-11-25,9:46:02.329419877,T,KO,F,300,72.83
2025-11-25,9:46:06.232707603,T,KO,F,100,72.83
2025-11-25,9:46:06.232707603,T,KO,F,200,72.83
2025-11-25,9:46:13.175207329,T,KO,F,300,72.82
2025-11-25,9:46:13.175207329,T,KO,F,200,72.82
2025-11-25,9:46:14.758012232,T,KO,F,500,72.81
2025-11-25,9:46:15.868999182,T,KO,F,100,72.8
2025-11-25,9:46:15.868999182,T,KO,F,100,72.8
2025-11-25,9:46:16.507670151,T,KO,I,14,72.8
2025-11-25,9:46:18.212847432,T,KO,I,16,72.805
2025-11-25,9:46:18.626344257,T,KO,,200,72.81
2025-11-25,9:46:18.626363105,T,KO,I,1,72.81
2025-11-25,9:46:18.626383464,T,KO,I,1,72.81
2025-11-25,9:46:18.626620983,T,KO,I,17,72.81
2025-11-25,9:46:18.631564742,T,KO,F,100,72.81
2025-11-25,9:46:18.764300945,T,KO,,100,72.81
2025-11-25,9:46:18.764306870,T,KO,I,69,72.81
2025-11-25,9:46:18.764309895,T,KO,I,68,72.81
2025-11-25,9:46:20.017009476,T,KO,I,69,72.81
2025-11-25,9:46:21.666528095,T,KO,,100,72.805
2025-11-25,9:46:23.778897206,T,KO,I,3,72.81
2025-11-25,9:46:23.977862978,T,KO,I,14,72.81
2025-11-25,9:46:26.488753712,T,KO,F I,12,72.82
2025-11-25,9:46:26.488753712,T,KO,F,100,72.82
2025-11-25,9:46:26.488756775,T,KO,F I,1,72.82
2025-11-25,9:46:26.489884149,T,KO,F,100,72.82
2025-11-25,9:46:26.489887830,T,KO,F,100,72.82
2025-11-25,9:46:26.489887830,T,KO,F I,25,72.82
2025-11-25,9:46:26.489893669,T,KO,F,100,72.82
2025-11-25,9:46:26.489893669,T,KO,F I,76,72.82
2025-11-25,9:46:27.284412219,T,KO,I,12,72.825
2025-11-25,9:46:27.475358184,T,KO,I,18,72.83
2025-11-25,9:46:27.476020040,T,KO,,100,72.83
2025-11-25,9:46:27.476023220,T,KO,I,67,72.83
2025-11-25,9:46:27.476026100,T,KO,,100,72.83
2025-11-25,9:46:27.476026100,T,KO,I,1,72.83
2025-11-25,9:46:27.476031672,T,KO,,100,72.83
2025-11-25,9:46:27.476031672,T,KO,,100,72.83
2025-11-25,9:46:27.476046659,T,KO,I,1,72.83
2025-11-25,9:46:27.476130858,T,KO,,100,72.83
2025-11-25,9:46:27.476407543,T,KO,I,40,72.83
2025-11-25,9:46:30.792435389,T,KO,I,67,72.83
2025-11-25,9:46:30.792796173,T,KO,F I,1,72.83
2025-11-25,9:46:31.111095283,T,KO,I,11,72.84
2025-11-25,9:46:31.142011994,T,KO,I,14,72.85
2025-11-25,9:46:31.825687279,T,KO,I,13,72.845
2025-11-25,9:46:31.825720318,T,KO,I,14,72.845
2025-11-25,9:46:36.222131213,T,KO,F I,11,72.85
2025-11-25,9:46:36.222134264,T,KO,F I,48,72.85
2025-11-25,9:46:36.222146284,T,KO,F I,28,72.85
2025-11-25,9:46:36.222161308,T,KO,I,1,72.85
2025-11-25,9:46:36.222167327,T,KO,I,1,72.85
2025-11-25,9:46:36.222952556,T,KO,F I,29,72.85
2025-11-25,9:46:36.222952556,T,KO,F I,67,72.85
2025-11-25,9:46:36.222955184,T,KO,F,100,72.85
2025-11-25,9:46:36.407821376,T,KO,F,600,72.84
2025-11-25,9:46:36.407821376,T,KO,F,100,72.84
2025-11-25,9:46:37.283407215,T,KO,F,100,72.83
2025-11-25,9:46:37.283407215,T,KO,F I,80,72.83
2025-11-25,9:46:38.227096517,T,KO,F,100,72.82
2025-11-25,9:46:38.344526176,T,KO,F I,4,72.81
2025-11-25,9:46:38.371037358,T,KO,,100,72.805
2025-11-25,9:46:38.510653816,T,KO,I,9,72.81
2025-11-25,9:46:38.821780931,T,KO,I,67,72.81
2025-11-25,9:46:38.821780931,T,KO,I,8,72.81
2025-11-25,9:46:43.089019199,T,KO,F,600,72.82
2025-11-25,9:46:45.474351367,T,KO,F,100,72.805
2025-11-25,9:46:45.474354380,T,KO,F I,39,72.805
2025-11-25,9:46:45.476068420,T,KO,,100,72.805
2025-11-25,9:46:45.550688137,T,KO,I,61,72.805
2025-11-25,9:46:45.550688137,T,KO,I,39,72.805
2025-11-25,9:46:45.555439469,T,KO,,100,72.805
2025-11-25,9:46:45.583899910,T,KO,F I,10,72.81
2025-11-25,9:46:45.583899910,T,KO,F I,40,72.81
2025-11-25,9:46:45.583902328,T,KO,F I,25,72.81
2025-11-25,9:46:45.591956665,T,KO,F,100,72.82
2025-11-25,9:46:45.591961458,T,KO,F I,6,72.82
2025-11-25,9:46:45.591961458,T,KO,F,100,72.82
2025-11-25,9:46:45.591961458,T,KO,F I,25,72.82
2025-11-25,9:46:45.591980381,T,KO,I,1,72.82
2025-11-25,9:46:45.973101283,T,KO,F I,99,72.82
2025-11-25,9:46:50.379595136,T,KO,F,100,72.83
2025-11-25,9:46:50.379598087,T,KO,F I,50,72.83
2025-11-25,9:46:50.379598087,T,KO,F,1900,72.83
2025-11-25,9:46:50.379643281,T,KO,I,40,72.83
2025-11-25,9:46:50.379643281,T,KO,I,1,72.83
2025-11-25,9:46:50.379670602,T,KO,F I,59,72.83
2025-11-25,9:46:50.379670602,T,KO,F,100,72.83
2025-11-25,9:46:52.665068387,T,KO,,100,72.84
2025-11-25,9:46:54.701639273,T,KO,F,100,72.84
2025-11-25,9:46:54.701669575,T,KO,I,48,72.84
2025-11-25,9:46:54.701672003,T,KO,I,1,72.84
2025-11-25,9:46:54.701683974,T,KO,F I,51,72.84
2025-11-25,9:46:54.701683974,T,KO,F I,49,72.84
2025-11-25,9:46:54.701690024,T,KO,I,51,72.84
2025-11-25,9:46:54.701693008,T,KO,I,49,72.84
2025-11-25,9:46:54.701696142,T,KO,F I,52,72.84
2025-11-25,9:46:54.701696142,T,KO,F I,99,72.84
2025-11-25,9:46:57.556214640,T,KO,F,100,72.83
2025-11-25,9:47:00.022120629,T,KO,I,6,72.83
2025-11-25,9:47:00.639734664,T,KO,I,10,72.84
2025-11-25,9:47:00.640730062,T,KO,F,100,72.84
2025-11-25,9:47:00.640730062,T,KO,F I,68,72.84
2025-11-25,9:47:00.640733004,T,KO,F,100,72.84
2025-11-25,9:47:01.280365304,T,KO,,100,72.835
2025-11-25,9:47:04.089328420,T,KO,F I,80,72.83
2025-11-25,9:47:04.089331407,T,KO,F,200,72.83
2025-11-25,9:47:04.882092279,T,KO,F,100,72.82
2025-11-25,9:47:04.882092279,T,KO,F,100,72.82
2025-11-25,9:47:04.882094596,T,KO,F,175,72.82
2025-11-25,9:47:04.882131334,T,KO,F,225,72.82
2025-11-25,9:47:04.882136599,T,KO,F,100,72.82
2025-11-25,9:47:04.907355293,T,KO,I,68,72.82
2025-11-25,9:47:04.907357808,T,KO,I,68,72.82
2025-11-25,9:47:04.907362241,T,KO,I,22,72.82
2025-11-25,9:47:04.907362241,T,KO,I,25,72.82
2025-11-25,9:47:11.943272094,T,KO,I,68,72.84
2025-11-25,9:47:14.014446060,T,KO,F I,10,72.85
2025-11-25,9:47:18.610466434,T,KO,F I,60,72.84
2025-11-25,9:47:18.610469418,T,KO,F,500,72.84
2025-11-25,9:47:20.010946839,T,KO,,100,72.835
2025-11-25,9:47:28.374563516,T,KO,I,2,72.84
2025-11-25,9:47:28.374577548,T,KO,F,198,72.84
2025-11-25,9:47:28.374581222,T,KO,F I,10,72.84
2025-11-25,9:47:30.291005974,T,KO,F I,5,72.86
2025-11-25,9:47:30.291069143,T,KO,I,37,72.86
2025-11-25,9:47:30.292127682,T,KO,F I,25,72.87
2025-11-25,9:47:30.292175818,T,KO,I,9,72.87
2025-11-25,9:47:30.712116933,T,KO,F I,1,72.88
2025-11-25,9:47:30.712116933,T,KO,F I,5,72.88
2025-11-25,9:47:31.748616721,T,KO,F,100,72.88
2025-11-25,9:47:31.748616721,T,KO,F,100,72.88
2025-11-25,9:47:36.867735749,T,KO,F I,2,72.86
2025-11-25,9:47:43.060321748,T,KO,,100,72.865
2025-11-25,9:47:43.258932816,T,KO,I,10,72.87
2025-11-25,9:47:45.516887528,T,KO,,100,72.875
2025-11-25,9:47:45.516917653,T,KO,F,100,72.875
2025-11-25,9:47:46.544350718,T,KO,,100,72.875
2025-11-25,9:47:49.983166968,T,KO,,100,72.885
2025-11-25,9:47:50.798381616,T,KO,,100,72.88
2025-11-25,9:47:50.798400027,T,KO,I,1,72.88
2025-11-25,9:47:50.993769245,T,KO,I,25,72.88
2025-11-25,9:47:50.993772004,T,KO,I,24,72.88
2025-11-25,9:47:50.994201973,T,KO,I,15,72.88
2025-11-25,9:47:51.136260297,T,KO,F I,1,72.87
2025-11-25,9:47:51.136260297,T,KO,F I,1,72.87
2025-11-25,9:47:51.136260297,T,KO,F I,25,72.87
2025-11-25,9:47:51.137688738,T,KO,F I,60,72.87
2025-11-25,9:47:51.137724850,T,KO,I,7,72.87
2025-11-25,9:47:51.137727802,T,KO,,100,72.87
2025-11-25,9:47:51.137727802,T,KO,,100,72.87
2025-11-25,9:47:51.871556621,T,KO,I,25,72.88
2025-11-25,9:47:51.871559579,T,KO,I,34,72.88
2025-11-25,9:47:53.883904438,T,KO,I,50,72.89
2025-11-25,9:47:53.886731222,T,KO,,100,72.89
2025-11-25,9:47:54.013290767,T,KO,F I,66,72.89
2025-11-25,9:47:54.013290767,T,KO,F I,67,72.89
2025-11-25,9:47:56.005261906,T,KO,I,5,72.875
2025-11-25,9:47:57.652188319,T,KO,,100,72.875
2025-11-25,9:47:57.855773118,T,KO,F,100,72.87
2025-11-25,9:47:57.855776237,T,KO,F I,75,72.87
2025-11-25,9:47:59.724072162,T,KO,,100,72.86
2025-11-25,9:47:59.724072162,T,KO,,200,72.86
2025-11-25,9:47:59.724074900,T,KO,I,25,72.86
2025-11-25,9:47:59.804742337,T,KO,,100,72.855
2025-11-25,9:48:00.048872457,T,KO,I,66,72.85
2025-11-25,9:48:02.036712523,T,KO,F I,25,72.84
2025-11-25,9:48:02.036712523,T,KO,F I,62,72.84
2025-11-25,9:48:02.036718016,T,KO,F,100,72.84
2025-11-25,9:48:02.036720929,T,KO,F,100,72.84
2025-11-25,9:48:02.050064402,T,KO,,100,72.83
2025-11-25,9:48:02.050066768,T,KO,I,18,72.83
2025-11-25,9:48:02.125266991,T,KO,,100,72.835
2025-11-25,9:48:02.237433987,T,KO,F I,10,72.84
2025-11-25,9:48:02.237494188,T,KO,I,65,72.84
2025-11-25,9:48:02.237494188,T,KO,I,35,72.84
2025-11-25,9:48:02.817028401,T,KO,I,14,72.85
2025-11-25,9:48:02.817175813,T,KO,I,51,72.85
2025-11-25,9:48:02.817178776,T,KO,I,25,72.85
2025-11-25,9:48:02.825680031,T,KO,,100,72.85
2025-11-25,9:48:02.825716097,T,KO,I,65,72.85
2025-11-25,9:48:07.064172806,T,KO,F,300,72.83
