DATE,TIME_M,EX,SYM_ROOT,TR_SCOND,SIZE,PRICE
2025-10-14,9:30:01.314835073,T,KO,,292,66.85
2025-10-14,9:30:01.314838413,T,KO,Q,292,66.85
2025-10-14,9:30:01.338675779,T,KO,,200,66.8
2025-10-14,9:30:01.338769025,T,KO,,200,66.8
2025-10-14,9:30:01.338886319,T,KO,,200,66.8
2025-10-14,9:30:01.345399813,T,KO,F,800,66.81
2025-10-14,9:30:01.622281415,T,KO,F I,85,66.86
2025-10-14,9:30:01.623508325,T,KO,I,9,66.89
2025-10-14,9:30:01.623577411,T,KO,,200,66.88
2025-10-14,9:30:01.623697737,T,KO,I,90,66.89
2025-10-14,9:30:01.623806578,T,KO,F,200,66.9
2025-10-14,9:30:01.623866131,T,KO,I,25,66.89
2025-10-14,9:30:01.623869189,T,KO,I,25,66.89
2025-10-14,9:30:01.702133952,T,KO,F,200,66.87
2025-10-14,9:30:01.702220761,T,KO,F,100,66.87
2025-10-14,9:30:01.702310982,T,KO,I,25,66.88
2025-10-14,9:30:01.702310982,T,KO,I,25,66.88
2025-10-14,9:30:01.702313988,T,KO,I,41,66.88
2025-10-14,9:30:01.702335121,T,KO,I,1,66.88
2025-10-14,9:30:01.827069196,T,KO,F I,1,66.87
2025-10-14,9:30:01.987525438,T,KO,F,200,66.9
2025-10-14,9:30:01.987528434,T,KO,F,200,66.9
2025-10-14,9:30:01.988000527,T,KO,F I,1,66.91
2025-10-14,9:30:02.568205542,T,KO,I,40,66.9
2025-10-14,9:30:02.568205542,T,KO,I,60,66.89
2025-10-14,9:30:02.568313785,T,KO,,140,66.89
2025-10-14,9:30:02.568316778,T,KO,,260,66.89
2025-10-14,9:30:02.568334864,T,KO,I,32,66.89
2025-10-14,9:30:02.568431032,T,KO,F I,2,66.9
2025-10-14,9:30:02.568599381,T,KO,F,200,66.91
2025-10-14,9:30:02.568603051,T,KO,F,200,66.91
2025-10-14,9:30:02.568752804,T,KO,F I,9,66.9
2025-10-14,9:30:02.568773864,T,KO,I,42,66.9
2025-10-14,9:30:02.568972323,T,KO,F I,11,66.9
2025-10-14,9:30:02.599095188,T,KO,F I,7,66.9
2025-10-14,9:30:02.599350664,T,KO,,100,66.91
2025-10-14,9:30:03.163253693,T,KO,,100,66.895
2025-10-14,9:30:03.233849850,T,KO,F,200,66.92
2025-10-14,9:30:03.233849850,T,KO,F,200,66.92
2025-10-14,9:30:04.135252769,T,KO,,292,66.91
2025-10-14,9:30:04.135252769,T,KO,I,54,66.91
2025-10-14,9:30:04.135258797,T,KO,,146,66.91
2025-10-14,9:30:04.135258797,T,KO,,200,66.91
2025-10-14,9:30:04.904238234,T,KO,I,14,66.93
2025-10-14,9:30:05.152014188,T,KO,,200,66.89
2025-10-14,9:30:05.152016538,T,KO,I,11,66.89
2025-10-14,9:30:05.152016538,T,KO,,189,66.89
2025-10-14,9:30:05.152043518,T,KO,I,1,66.89
2025-10-14,9:30:05.175748982,T,KO,,100,66.9
2025-10-14,9:30:05.175751955,T,KO,,100,66.91
2025-10-14,9:30:05.175769924,T,KO,I,1,66.91
2025-10-14,9:30:06.348797900,T,KO,F I,49,66.92
2025-10-14,9:30:06.348821931,T,KO,F I,51,66.92
2025-10-14,9:30:06.349538019,T,KO,F,100,66.93
2025-10-14,9:30:06.349835309,T,KO,F,300,66.94
2025-10-14,9:30:06.349835309,T,KO,F I,1,66.94
2025-10-14,9:30:06.350271390,T,KO,F,100,66.94
2025-10-14,9:30:07.265182438,T,KO,,292,66.94
2025-10-14,9:30:09.638380849,T,KO,,292,66.93
2025-10-14,9:30:10.010312677,T,KO,,100,66.96
2025-10-14,9:30:10.010610396,T,KO,F,200,66.97
2025-10-14,9:30:10.010802808,T,KO,,100,66.97
2025-10-14,9:30:10.012595178,T,KO,,100,66.97
2025-10-14,9:30:10.012932024,T,KO,,100,66.97
2025-10-14,9:30:10.013407034,T,KO,,100,66.97
2025-10-14,9:30:10.128244561,T,KO,,100,66.96
2025-10-14,9:30:10.157621675,T,KO,,100,66.96
2025-10-14,9:30:10.157624558,T,KO,I,2,66.96
2025-10-14,9:30:10.157624558,T,KO,,100,66.96
2025-10-14,9:30:10.158084693,T,KO,F I,2,66.96
2025-10-14,9:30:10.158132710,T,KO,,100,66.96
2025-10-14,9:30:10.158135779,T,KO,,100,66.96
2025-10-14,9:30:10.158578586,T,KO,F I,2,66.96
2025-10-14,9:30:10.409194723,T,KO,F,200,66.95
2025-10-14,9:30:10.409197820,T,KO,F I,3,66.95
2025-10-14,9:30:10.665417113,T,KO,I,9,66.94
2025-10-14,9:30:10.665419941,T,KO,,200,66.94
2025-10-14,9:30:10.665423331,T,KO,,200,66.94
2025-10-14,9:30:10.665423331,T,KO,,100,66.94
2025-10-14,9:30:10.665462416,T,KO,I,20,66.95
2025-10-14,9:30:10.665465113,T,KO,I,25,66.95
2025-10-14,9:30:10.666000399,T,KO,,100,66.95
2025-10-14,9:30:10.666027480,T,KO,I,36,66.95
2025-10-14,9:30:10.860936795,T,KO,I,3,66.95
2025-10-14,9:30:10.860942666,T,KO,,197,66.95
2025-10-14,9:30:10.860958060,T,KO,I,1,66.95
2025-10-14,9:30:10.860958060,T,KO,I,94,66.95
2025-10-14,9:30:10.860961019,T,KO,,200,66.95
2025-10-14,9:30:11.928172555,T,KO,,100,66.925
2025-10-14,9:30:11.928172555,T,KO,,100,66.94
2025-10-14,9:30:11.928217655,T,KO,I,1,66.94
2025-10-14,9:30:12.741958990,T,KO,,200,66.96
2025-10-14,9:30:12.742773911,T,KO,F,200,66.97
2025-10-14,9:30:12.743505115,T,KO,,200,66.97
2025-10-14,9:30:12.743507719,T,KO,I,25,66.96
2025-10-14,9:30:12.743510686,T,KO,,200,66.96
2025-10-14,9:30:12.743510686,T,KO,I,34,66.96
2025-10-14,9:30:12.743567802,T,KO,F,100,66.97
2025-10-14,9:30:12.743570732,T,KO,F I,37,66.97
2025-10-14,9:30:12.743588795,T,KO,I,62,66.97
2025-10-14,9:30:12.743628051,T,KO,I,1,66.97
2025-10-14,9:30:12.743636890,T,KO,I,3,66.97
2025-10-14,9:30:12.743636890,T,KO,I,13,66.96
2025-10-14,9:30:12.743715964,T,KO,F I,3,66.96
2025-10-14,9:30:12.743715964,T,KO,F,200,66.96
2025-10-14,9:30:12.743877499,T,KO,F,200,66.95
2025-10-14,9:30:12.744413108,T,KO,F,100,66.94
2025-10-14,9:30:12.744415857,T,KO,F,200,66.94
2025-10-14,9:30:12.744659398,T,KO,F,200,66.93
2025-10-14,9:30:12.744722970,T,KO,F,100,66.93
2025-10-14,9:30:12.744725996,T,KO,F I,12,66.93
2025-10-14,9:30:12.744731562,T,KO,F,100,66.93
2025-10-14,9:30:12.744731562,T,KO,F I,10,66.93
2025-10-14,9:30:12.744734524,T,KO,F I,3,66.93
2025-10-14,9:30:12.744809677,T,KO,I,90,66.93
2025-10-14,9:30:12.744964402,T,KO,F I,25,66.94
2025-10-14,9:30:12.744969519,T,KO,F,100,66.94
2025-10-14,9:30:12.744969519,T,KO,F I,2,66.94
2025-10-14,9:30:12.744969519,T,KO,F I,4,66.94
2025-10-14,9:30:12.744972804,T,KO,F,200,66.94
2025-10-14,9:30:12.744976368,T,KO,F,200,66.94
2025-10-14,9:30:12.744976368,T,KO,F,100,66.94
2025-10-14,9:30:12.745134541,T,KO,F,100,66.94
2025-10-14,9:30:12.749873824,T,KO,F,100,66.96
2025-10-14,9:30:12.749879820,T,KO,F,100,66.96
2025-10-14,9:30:12.755022070,T,KO,I,2,66.96
2025-10-14,9:30:12.755022070,T,KO,I,98,66.96
2025-10-14,9:30:12.755049065,T,KO,F I,85,66.96
2025-10-14,9:30:12.755431305,T,KO,F,200,66.95
2025-10-14,9:30:12.755431305,T,KO,F I,2,66.95
2025-10-14,9:30:12.755903703,T,KO,F,200,66.94
2025-10-14,9:30:12.911370440,T,KO,,200,66.94
2025-10-14,9:30:12.911370440,T,KO,,100,66.93
2025-10-14,9:30:15.736993312,T,KO,,200,66.95
2025-10-14,9:30:15.865934467,T,KO,,100,66.95
2025-10-14,9:30:15.897867515,T,KO,,100,66.95
2025-10-14,9:30:16.077371131,T,KO,,100,66.95
2025-10-14,9:30:16.146590058,T,KO,,100,66.95
2025-10-14,9:30:16.538811103,T,KO,,200,66.95
2025-10-14,9:30:17.944133191,T,KO,F,100,66.94
2025-10-14,9:30:17.944683457,T,KO,,100,66.94
2025-10-14,9:30:22.464274120,T,KO,F,300,66.96
2025-10-14,9:30:22.464295981,T,KO,F,300,66.96
2025-10-14,9:30:22.464298282,T,KO,I,1,66.96
2025-10-14,9:30:22.464379399,T,KO,F I,34,66.96
2025-10-14,9:30:25.146708101,T,KO,F I,3,66.96
2025-10-14,9:30:25.146711178,T,KO,F,100,66.96
2025-10-14,9:30:25.146714143,T,KO,F I,11,66.96
2025-10-14,9:30:25.146726913,T,KO,I,1,66.96
2025-10-14,9:30:25.146759279,T,KO,,188,66.96
2025-10-14,9:30:27.591946282,T,KO,,100,66.95
2025-10-14,9:30:27.713501724,T,KO,,200,66.93
2025-10-14,9:30:28.779979801,T,KO,I,78,66.91
2025-10-14,9:30:28.780018960,T,KO,I,57,66.9
2025-10-14,9:30:28.830659502,T,KO,,200,66.895
2025-10-14,9:30:30.470946432,T,KO,F,230,66.87
2025-10-14,9:30:30.470961503,T,KO,I,1,66.87
2025-10-14,9:30:30.470964475,T,KO,F I,12,66.87
2025-10-14,9:30:30.676350640,T,KO,,200,66.865
2025-10-14,9:30:31.103773623,T,KO,I,80,66.86
2025-10-14,9:30:31.162900400,T,KO,I,4,66.86
2025-10-14,9:30:31.162933500,T,KO,I,91,66.86
2025-10-14,9:30:31.162936547,T,KO,,100,66.86
2025-10-14,9:30:31.163201142,T,KO,F,100,66.86
2025-10-14,9:30:31.163201142,T,KO,F,100,66.86
2025-10-14,9:30:31.163204498,T,KO,F,196,66.86
2025-10-14,9:30:31.163237437,T,KO,,144,66.86
2025-10-14,9:30:31.163283083,T,KO,F I,3,66.86
2025-10-14,9:30:31.263414791,T,KO,F I,2,66.88
2025-10-14,9:30:32.974658620,T,KO,F I,3,66.88
2025-10-14,9:30:32.974661632,T,KO,F I,3,66.88
2025-10-14,9:30:32.974664729,T,KO,I,3,66.88
2025-10-14,9:30:32.974694657,T,KO,F I,94,66.88
2025-10-14,9:30:32.974983689,T,KO,I,3,66.88
2025-10-14,9:30:36.181502668,T,KO,,100,66.89
2025-10-14,9:30:37.116700034,T,KO,I,21,66.88
2025-10-14,9:30:42.033293221,T,KO,F,243,66.85
2025-10-14,9:30:43.387956817,T,KO,,200,66.82
2025-10-14,9:30:43.388434897,T,KO,F I,91,66.82
2025-10-14,9:30:43.388455928,T,KO,I,1,66.82
2025-10-14,9:30:43.388597324,T,KO,,151,66.82
2025-10-14,9:30:45.626265932,T,KO,F,100,66.81
2025-10-14,9:30:49.018098613,T,KO,I,2,66.81
2025-10-14,9:30:49.201562555,T,KO,F,100,66.82
2025-10-14,9:30:49.691700770,T,KO,I,4,66.83
2025-10-14,9:30:49.691700770,T,KO,,100,66.83
2025-10-14,9:30:50.135457952,T,KO,,100,66.82
2025-10-14,9:30:51.171413412,T,KO,F I,4,66.82
2025-10-14,9:30:53.222770362,T,KO,I,2,66.84
2025-10-14,9:30:53.898666240,T,KO,,200,66.835
2025-10-14,9:30:53.934328131,T,KO,,100,66.835
2025-10-14,9:30:53.948801597,T,KO,,100,66.835
2025-10-14,9:30:53.950073680,T,KO,,100,66.835
2025-10-14,9:30:53.976891489,T,KO,,100,66.835
2025-10-14,9:30:54.173526894,T,KO,,100,66.835
2025-10-14,9:30:55.462252432,T,KO,I,1,66.83
2025-10-14,9:30:58.707633202,T,KO,I,10,66.82
2025-10-14,9:30:58.707636254,T,KO,I,10,66.82
2025-10-14,9:30:58.707639644,T,KO,,100,66.82
2025-10-14,9:30:58.707651275,T,KO,F I,2,66.82
2025-10-14,9:30:58.707678580,T,KO,I,4,66.82
2025-10-14,9:30:58.708183532,T,KO,F,184,66.82
2025-10-14,9:31:00.768062814,T,KO,F I,48,66.82
2025-10-14,9:31:02.409967481,T,KO,I,12,66.83
2025-10-14,9:31:02.413582010,T,KO,F,100,66.85
2025-10-14,9:31:03.068382615,T,KO,F I,11,66.86
2025-10-14,9:31:07.144041083,T,KO,F,100,66.89
2025-10-14,9:31:09.980724475,T,KO,F,100,66.88
2025-10-14,9:31:17.326401143,T,KO,F,100,66.85
2025-10-14,9:31:20.999120815,T,KO,,100,66.85
2025-10-14,9:31:21.000191392,T,KO,I,42,66.85
2025-10-14,9:31:28.261520177,T,KO,,100,66.84
2025-10-14,9:31:31.089633254,T,KO,F,200,66.82
2025-10-14,9:31:34.592201558,T,KO,F I,32,66.83
2025-10-14,9:31:34.592769828,T,KO,,100,66.83
2025-10-14,9:31:38.532333110,T,KO,,100,66.85
2025-10-14,9:31:41.346360557,T,KO,,100,66.86
2025-10-14,9:31:41.355737381,T,KO,F,100,66.84
2025-10-14,9:31:41.355739843,T,KO,F,200,66.84
2025-10-14,9:31:44.115936087,T,KO,F I,4,66.82
2025-10-14,9:31:44.115939464,T,KO,F I,4,66.82
2025-10-14,9:31:44.115939464,T,KO,F I,4,66.82
2025-10-14,9:31:44.115945333,T,KO,F I,4,66.82
2025-10-14,9:31:44.115948075,T,KO,F I,4,66.82
2025-10-14,9:31:44.115957106,T,KO,F I,4,66.82
2025-10-14,9:31:44.115966131,T,KO,F I,80,66.82
2025-10-14,9:31:46.634672193,T,KO,F I,35,66.81
2025-10-14,9:31:47.609669394,T,KO,F,200,66.81
2025-10-14,9:31:47.615452179,T,KO,I,3,66.81
2025-10-14,9:31:48.122877751,T,KO,F,200,66.81
2025-10-14,9:31:52.632842531,T,KO,F I,1,66.79
2025-10-14,9:31:52.632842531,T,KO,F I,51,66.79
2025-10-14,9:31:52.632845638,T,KO,F I,13,66.79
2025-10-14,9:31:52.632848499,T,KO,I,52,66.79
2025-10-14,9:31:52.633904049,T,KO,F,135,66.79
2025-10-14,9:31:52.903589705,T,KO,F,148,66.78
2025-10-14,9:31:52.903589705,T,KO,F,200,66.78
2025-10-14,9:31:52.906497296,T,KO,F I,1,66.77
2025-10-14,9:31:52.907219771,T,KO,F,200,66.76
2025-10-14,9:31:52.907223227,T,KO,F,200,66.76
2025-10-14,9:31:52.907224965,T,KO,F,243,66.76
2025-10-14,9:31:52.908400783,T,KO,,100,66.76
2025-10-14,9:31:52.908400783,T,KO,I,45,66.76
2025-10-14,9:31:52.908759151,T,KO,I,51,66.77
2025-10-14,9:31:52.908761733,T,KO,,100,66.77
2025-10-14,9:31:52.908764670,T,KO,,100,66.77
2025-10-14,9:31:52.909523553,T,KO,F,100,66.77
2025-10-14,9:31:52.909526030,T,KO,F,100,66.77
2025-10-14,9:31:52.909528456,T,KO,F I,64,66.77
2025-10-14,9:31:52.909532121,T,KO,F,100,66.77
2025-10-14,9:31:52.909532121,T,KO,F,200,66.77
2025-10-14,9:31:52.909537532,T,KO,F,100,66.77
2025-10-14,9:31:52.909537532,T,KO,F,100,66.76
2025-10-14,9:31:52.909540876,T,KO,F I,14,66.76
2025-10-14,9:31:52.909540876,T,KO,F,200,66.76
2025-10-14,9:31:52.909544092,T,KO,F,200,66.76
2025-10-14,9:31:52.909544092,T,KO,F,100,66.76
2025-10-14,9:31:52.909570552,T,KO,I,64,66.77
2025-10-14,9:31:52.911552590,T,KO,F,100,66.76
2025-10-14,9:31:52.911552590,T,KO,F,200,66.76
2025-10-14,9:31:52.911979321,T,KO,F I,65,66.76
2025-10-14,9:31:52.911997845,T,KO,F I,65,66.76
2025-10-14,9:31:52.912000523,T,KO,F I,35,66.76
2025-10-14,9:31:52.913087034,T,KO,F,100,66.76
2025-10-14,9:31:52.913090240,T,KO,F I,9,66.76
2025-10-14,9:31:52.913090240,T,KO,F I,1,66.76
2025-10-14,9:31:52.913095030,T,KO,F I,39,66.76
2025-10-14,9:31:52.913095030,T,KO,F I,23,66.76
2025-10-14,9:31:52.913095030,T,KO,F,200,66.76
2025-10-14,9:31:52.913098167,T,KO,F,100,66.76
2025-10-14,9:31:52.913702466,T,KO,F I,96,66.76
2025-10-14,9:31:52.913706105,T,KO,F I,1,66.75
2025-10-14,9:31:52.913708419,T,KO,F,200,66.75
2025-10-14,9:31:52.913708419,T,KO,F,104,66.75
2025-10-14,9:31:52.913747536,T,KO,F,100,66.76
2025-10-14,9:31:52.913750655,T,KO,F,121,66.76
2025-10-14,9:31:52.913759539,T,KO,F,200,66.76
2025-10-14,9:31:52.914006807,T,KO,F I,51,66.77
2025-10-14,9:31:52.914009106,T,KO,F,300,66.77
2025-10-14,9:31:52.914012834,T,KO,F,100,66.77
2025-10-14,9:31:52.914015857,T,KO,F,100,66.77
2025-10-14,9:31:52.914018652,T,KO,F,100,66.77
2025-10-14,9:31:52.914412138,T,KO,F,200,66.77
2025-10-14,9:31:52.914433229,T,KO,I,1,66.77
2025-10-14,9:31:52.914439339,T,KO,I,1,66.77
2025-10-14,9:31:52.914439339,T,KO,F,198,66.77
2025-10-14,9:31:52.914538401,T,KO,F,100,66.77
2025-10-14,9:31:52.914541375,T,KO,F,100,66.77
2025-10-14,9:31:55.438191278,T,KO,F I,1,66.78
2025-10-14,9:32:01.711207287,T,KO,,100,66.79
2025-10-14,9:32:01.842157130,T,KO,,100,66.79
2025-10-14,9:32:01.882245615,T,KO,,100,66.79
2025-10-14,9:32:01.907499806,T,KO,,100,66.79
2025-10-14,9:32:01.975254107,T,KO,,100,66.79
2025-10-14,9:32:02.002772653,T,KO,,100,66.79
2025-10-14,9:32:02.572278102,T,KO,,100,66.79
2025-10-14,9:32:02.574103510,T,KO,,100,66.79
2025-10-14,9:32:02.575919822,T,KO,,100,66.79
2025-10-14,9:32:02.577742122,T,KO,,100,66.79
2025-10-14,9:32:03.907115351,T,KO,,100,66.79
2025-10-14,9:32:06.474404983,T,KO,F I,65,66.78
2025-10-14,9:32:06.474404983,T,KO,F,203,66.78
2025-10-14,9:32:06.474429086,T,KO,I,1,66.78
2025-10-14,9:32:06.474441459,T,KO,F I,96,66.78
2025-10-14,9:32:06.474444804,T,KO,F I,10,66.78
2025-10-14,9:32:06.474444804,T,KO,F I,1,66.78
2025-10-14,9:32:06.474447300,T,KO,F I,1,66.78
2025-10-14,9:32:06.474453152,T,KO,F I,1,66.78
2025-10-14,9:32:06.474456472,T,KO,F I,1,66.78
2025-10-14,9:32:06.474459762,T,KO,F I,1,66.78
2025-10-14,9:32:06.474459762,T,KO,F I,1,66.78
2025-10-14,9:32:06.474462199,T,KO,F I,1,66.78
2025-10-14,9:32:06.474465947,T,KO,F I,1,66.78
2025-10-14,9:32:06.474465947,T,KO,I,65,66.78
2025-10-14,9:32:07.765590412,T,KO,I,12,66.76
2025-10-14,9:32:07.932680319,T,KO,F I,59,66.77
2025-10-14,9:32:07.932683365,T,KO,F I,51,66.77
2025-10-14,9:32:07.933949527,T,KO,,100,66.77
2025-10-14,9:32:07.933953084,T,KO,I,59,66.76
2025-10-14,9:32:07.933958667,T,KO,,134,66.76
2025-10-14,9:32:07.933958667,T,KO,I,59,66.76
2025-10-14,9:32:07.933962934,T,KO,I,96,66.76
2025-10-14,9:32:07.933964404,T,KO,,167,66.76
2025-10-14,9:32:07.933971370,T,KO,I,1,66.76
2025-10-14,9:32:07.934018594,T,KO,F I,71,66.77
2025-10-14,9:32:07.934024505,T,KO,F I,71,66.77
2025-10-14,9:32:07.934087714,T,KO,I,35,66.76
2025-10-14,9:32:07.934090751,T,KO,I,65,66.76
2025-10-14,9:32:07.934102729,T,KO,F I,63,66.77
2025-10-14,9:32:07.934105700,T,KO,F I,20,66.77
2025-10-14,9:32:07.934118061,T,KO,F,180,66.77
2025-10-14,9:32:07.934121581,T,KO,F,200,66.77
2025-10-14,9:32:07.934124648,T,KO,F,100,66.77
2025-10-14,9:32:07.934126996,T,KO,F I,42,66.77
2025-10-14,9:32:07.934238805,T,KO,F I,58,66.77
2025-10-14,9:32:07.934241079,T,KO,F I,35,66.77
2025-10-14,9:32:07.935273242,T,KO,,100,66.775
2025-10-14,9:32:07.935276281,T,KO,I,35,66.77
2025-10-14,9:32:07.935280086,T,KO,,200,66.77
2025-10-14,9:32:07.935280086,T,KO,I,36,66.77
2025-10-14,9:32:07.935281573,T,KO,I,64,66.77
2025-10-14,9:32:07.935452903,T,KO,,100,66.77
2025-10-14,9:32:07.935495107,T,KO,,100,66.77
2025-10-14,9:32:07.935582310,T,KO,,100,66.77
2025-10-14,9:32:07.935684942,T,KO,F,100,66.77
2025-10-14,9:32:07.937982509,T,KO,F,100,66.78
2025-10-14,9:32:07.937985012,T,KO,F I,59,66.78
2025-10-14,9:32:07.938099923,T,KO,F,200,66.79
2025-10-14,9:32:07.938099923,T,KO,F,200,66.79
2025-10-14,9:32:07.938102226,T,KO,F,100,66.79
2025-10-14,9:32:07.938105323,T,KO,F I,3,66.79
2025-10-14,9:32:07.938652572,T,KO,,100,66.78
2025-10-14,9:32:07.938655820,T,KO,,200,66.78
2025-10-14,9:32:07.938655820,T,KO,I,59,66.78
2025-10-14,9:32:07.938739757,T,KO,,100,66.775
2025-10-14,9:32:07.938746327,T,KO,F,100,66.78
2025-10-14,9:32:07.938749665,T,KO,F,100,66.78
2025-10-14,9:32:07.938751861,T,KO,F I,12,66.78
2025-10-14,9:32:07.938766819,T,KO,F,200,66.78
2025-10-14,9:32:07.938766819,T,KO,I,1,66.78
2025-10-14,9:32:07.938776286,T,KO,F,252,66.78
2025-10-14,9:32:07.938776286,T,KO,F I,1,66.78
2025-10-14,9:32:07.938779064,T,KO,F I,99,66.78
2025-10-14,9:32:07.938917808,T,KO,,100,66.77
2025-10-14,9:32:07.938920358,T,KO,,100,66.77
2025-10-14,9:32:07.938923215,T,KO,,134,66.77
2025-10-14,9:32:07.939082547,T,KO,,100,66.77
2025-10-14,9:32:07.939447210,T,KO,F,100,66.77
2025-10-14,9:32:07.939449511,T,KO,F,125,66.78
2025-10-14,9:32:07.939470559,T,KO,I,1,66.78
2025-10-14,9:32:08.664503422,T,KO,F I,78,66.78
2025-10-14,9:32:08.664509400,T,KO,F I,78,66.78
2025-10-14,9:32:08.664536536,T,KO,F I,44,66.78
2025-10-14,9:32:10.559566019,T,KO,F I,73,66.79
2025-10-14,9:32:10.559568999,T,KO,F I,1,66.79
2025-10-14,9:32:10.559572294,T,KO,F I,1,66.79
2025-10-14,9:32:10.559608081,T,KO,F I,73,66.79
2025-10-14,9:32:10.559635168,T,KO,F I,1,66.79
2025-10-14,9:32:10.661938816,T,KO,F I,10,66.8
2025-10-14,9:32:12.051404241,T,KO,I,10,66.82
2025-10-14,9:32:12.099158043,T,KO,F,200,66.83
2025-10-14,9:32:13.273250411,T,KO,F I,1,66.82
2025-10-14,9:32:13.276922575,T,KO,I,1,66.8
2025-10-14,9:32:14.537939614,T,KO,,100,66.815
2025-10-14,9:32:20.476884040,T,KO,F I,79,66.8
2025-10-14,9:32:20.476911688,T,KO,I,21,66.8
2025-10-14,9:32:20.476926117,T,KO,F I,21,66.8
2025-10-14,9:32:20.476938756,T,KO,I,79,66.8
2025-10-14,9:32:20.476938756,T,KO,I,21,66.8
2025-10-14,9:32:20.485670903,T,KO,I,79,66.8
2025-10-14,9:32:26.421758340,T,KO,,100,66.795
2025-10-14,9:32:30.594313494,T,KO,F,100,66.8
2025-10-14,9:32:30.708221919,T,KO,I,6,66.815
2025-10-14,9:32:35.708510331,T,KO,F I,33,66.83
2025-10-14,9:32:39.313337264,T,KO,F,100,66.82
2025-10-14,9:32:41.026604857,T,KO,F I,5,66.81
2025-10-14,9:32:44.861771448,T,KO,F,100,66.78
2025-10-14,9:32:48.317349862,T,KO,F,100,66.77
2025-10-14,9:32:48.317352927,T,KO,F,100,66.77
2025-10-14,9:32:48.317355878,T,KO,F,100,66.77
2025-10-14,9:32:48.317355878,T,KO,F,100,66.77
2025-10-14,9:32:48.317488261,T,KO,F,100,66.77
2025-10-14,9:32:50.709051408,T,KO,F,100,66.79
2025-10-14,9:32:50.709054682,T,KO,F,100,66.79
2025-10-14,9:32:50.709054682,T,KO,F I,10,66.79
2025-10-14,9:32:50.709619771,T,KO,F I,3,66.8
2025-10-14,9:32:51.863867980,T,KO,I,50,66.805
2025-10-14,9:32:52.068379019,T,KO,I,30,66.81
2025-10-14,9:32:54.391580521,T,KO,I,1,66.82
2025-10-14,9:32:54.391583503,T,KO,,174,66.82
2025-10-14,9:32:54.391598611,T,KO,I,1,66.82
2025-10-14,9:32:54.391601538,T,KO,I,1,66.82
2025-10-14,9:32:59.554923650,T,KO,F,100,66.83
2025-10-14,9:33:00.567326896,T,KO,,131,66.84
2025-10-14,9:33:03.489934028,T,KO,I,6,66.85
2025-10-14,9:33:06.684677298,T,KO,,100,66.88
2025-10-14,9:33:06.999734825,T,KO,F I,1,66.9
2025-10-14,9:33:06.999734825,T,KO,F I,87,66.9
2025-10-14,9:33:08.968388630,T,KO,,100,66.9
2025-10-14,9:33:09.548367931,T,KO,F,100,66.89
2025-10-14,9:33:11.638036065,T,KO,,100,66.885
2025-10-14,9:33:13.935372828,T,KO,F,100,66.87
2025-10-14,9:33:13.936130743,T,KO,F,100,66.87
2025-10-14,9:33:13.936133700,T,KO,F,100,66.87
2025-10-14,9:33:14.743385355,T,KO,F,200,66.86
2025-10-14,9:33:14.743463592,T,KO,F,200,66.85
2025-10-14,9:33:14.743463592,T,KO,F,100,66.85
2025-10-14,9:33:23.882103707,T,KO,F,200,66.85
2025-10-14,9:33:39.298144338,T,KO,I,10,66.85
2025-10-14,9:33:40.981451602,T,KO,I,3,66.85
2025-10-14,9:33:41.952698909,T,KO,F,200,66.85
2025-10-14,9:33:42.250892707,T,KO,I,5,66.84
2025-10-14,9:33:42.250895286,T,KO,I,3,66.84
2025-10-14,9:33:44.958081175,T,KO,I,2,66.85
2025-10-14,9:33:44.958081175,T,KO,I,9,66.85
2025-10-14,9:33:44.958372790,T,KO,F I,91,66.85
2025-10-14,9:33:47.533465985,T,KO,I,4,66.85
2025-10-14,9:33:54.015780527,T,KO,F I,20,66.86
2025-10-14,9:33:54.015783893,T,KO,F I,38,66.86
2025-10-14,9:33:54.015804943,T,KO,F I,62,66.86
2025-10-14,9:33:54.059979817,T,KO,F,200,66.87
2025-10-14,9:33:56.494843199,T,KO,,100,66.86
2025-10-14,9:33:56.494867305,T,KO,I,1,66.86
2025-10-14,9:33:56.494870216,T,KO,I,60,66.86
2025-10-14,9:33:56.494882229,T,KO,F I,19,66.86
2025-10-14,9:33:56.495325000,T,KO,,100,66.86
2025-10-14,9:33:56.495327339,T,KO,,100,66.86
2025-10-14,9:33:56.495330361,T,KO,,200,66.86
2025-10-14,9:33:56.495348414,T,KO,I,1,66.86
2025-10-14,9:34:02.409008503,T,KO,F I,35,66.91
2025-10-14,9:34:09.356281890,T,KO,F I,1,66.98
2025-10-14,9:34:09.356314561,T,KO,F,100,66.98
2025-10-14,9:34:10.068642579,T,KO,F,100,66.98
2025-10-14,9:34:10.068645128,T,KO,F I,20,66.98
2025-10-14,9:34:10.068648124,T,KO,F,100,66.98
2025-10-14,9:34:10.068648124,T,KO,F,100,66.98
2025-10-14,9:34:20.949415814,T,KO,F I,9,66.98
2025-10-14,9:34:24.964314512,T,KO,,100,66.97
2025-10-14,9:34:25.135467179,T,KO,,100,66.97
2025-10-14,9:34:25.135485182,T,KO,I,1,66.97
2025-10-14,9:34:25.135488147,T,KO,I,1,66.97
2025-10-14,9:34:25.135960247,T,KO,I,98,66.97
2025-10-14,9:34:25.136396763,T,KO,F,100,66.97
2025-10-14,9:34:29.361826390,T,KO,,100,66.99
2025-10-14,9:34:29.748297908,T,KO,F,100,66.99
2025-10-14,9:34:29.748331033,T,KO,I,1,66.99
2025-10-14,9:34:29.748385088,T,KO,F I,15,66.99
2025-10-14,9:34:37.164685141,T,KO,I,9,66.99
2025-10-14,9:34:37.165018891,T,KO,I,77,66.99
2025-10-14,9:34:43.973986472,T,KO,I,10,66.99
2025-10-14,9:34:43.973989315,T,KO,,100,66.99
2025-10-14,9:34:44.124326669,T,KO,I,23,67.0
2025-10-14,9:34:44.124329798,T,KO,I,20,67.0
2025-10-14,9:34:44.124332733,T,KO,I,10,67.0
2025-10-14,9:34:44.124335407,T,KO,,1000,67.0
2025-10-14,9:34:44.124413625,T,KO,F,150,67.0
2025-10-14,9:34:44.124416626,T,KO,F,100,67.0
2025-10-14,9:34:44.139007368,T,KO,F I,88,67.0
2025-10-14,9:34:44.139010441,T,KO,F,100,67.0
2025-10-14,9:34:44.139013939,T,KO,F I,77,67.0
2025-10-14,9:34:44.139013939,T,KO,F,100,67.0
2025-10-14,9:34:44.139016824,T,KO,F,200,67.0
2025-10-14,9:34:44.341233377,T,KO,I,23,67.0
2025-10-14,9:34:44.341236437,T,KO,I,87,67.0
2025-10-14,9:34:44.958278848,T,KO,F I,90,67.0
2025-10-14,9:34:44.958278848,T,KO,F I,6,67.0
2025-10-14,9:34:44.958293776,T,KO,I,1,67.0
2025-10-14,9:34:44.958309168,T,KO,I,93,67.0
2025-10-14,9:34:44.959529656,T,KO,I,1,66.99
2025-10-14,9:34:47.625267888,T,KO,,100,66.99
2025-10-14,9:34:51.022305948,T,KO,I,50,66.99
2025-10-14,9:34:56.623437618,T,KO,,100,66.995
2025-10-14,9:34:56.623440643,T,KO,I,78,67.0
2025-10-14,9:34:56.623440643,T,KO,I,9,67.0
2025-10-14,9:34:56.623488685,T,KO,I,95,67.0
2025-10-14,9:34:56.623491866,T,KO,I,2,67.0
2025-10-14,9:34:56.623491866,T,KO,I,3,67.0
2025-10-14,9:35:01.575193703,T,KO,I,10,67.02
2025-10-14,9:35:03.111213086,T,KO,I,4,67.025
2025-10-14,9:35:03.451608909,T,KO,I,10,67.025
2025-10-14,9:35:03.825029309,T,KO,,297,67.02
2025-10-14,9:35:06.725879552,T,KO,I,6,67.03
2025-10-14,9:35:11.463447369,T,KO,,124,67.03
2025-10-14,9:35:13.538473672,T,KO,,100,67.06
2025-10-14,9:35:14.434554196,T,KO,,100,67.06
2025-10-14,9:35:14.434571974,T,KO,I,1,67.06
2025-10-14,9:35:18.405073083,T,KO,I,38,67.06
2025-10-14,9:35:18.405099925,T,KO,F,112,67.06
2025-10-14,9:35:19.373268394,T,KO,F,100,67.06
2025-10-14,9:35:21.681478959,T,KO,I,16,67.07
2025-10-14,9:35:21.681478959,T,KO,I,67,67.07
2025-10-14,9:35:21.681478959,T,KO,F I,33,67.07
2025-10-14,9:35:22.549484046,T,KO,,100,67.075
2025-10-14,9:35:23.564226965,T,KO,,100,67.075
2025-10-14,9:35:25.593761567,T,KO,I,18,67.08
2025-10-14,9:35:25.593766986,T,KO,,100,67.08
2025-10-14,9:35:35.125776932,T,KO,,100,67.07
2025-10-14,9:35:36.500745072,T,KO,,200,67.05
2025-10-14,9:35:36.500745072,T,KO,I,1,67.05
2025-10-14,9:35:36.501322295,T,KO,,100,67.04
2025-10-14,9:35:36.501986720,T,KO,I,6,67.03
2025-10-14,9:35:36.502005493,T,KO,I,42,67.03
2025-10-14,9:35:36.502356616,T,KO,I,52,67.03
2025-10-14,9:35:36.502892539,T,KO,I,67,67.03
2025-10-14,9:35:37.723757681,T,KO,F,100,67.045
2025-10-14,9:35:37.742119416,T,KO,,100,67.045
2025-10-14,9:35:40.686305806,T,KO,,110,67.06
2025-10-14,9:35:40.686305806,T,KO,I,3,67.06
2025-10-14,9:35:40.686308785,T,KO,,100,67.06
2025-10-14,9:35:40.686329839,T,KO,I,68,67.06
2025-10-14,9:35:40.686333354,T,KO,I,53,67.05
2025-10-14,9:35:40.686645620,T,KO,I,1,67.05
2025-10-14,9:35:40.686645620,T,KO,I,67,67.05
2025-10-14,9:35:40.693141142,T,KO,F,100,67.05
2025-10-14,9:35:40.713021456,T,KO,I,4,67.045
2025-10-14,9:35:41.475968583,T,KO,F,100,67.035
2025-10-14,9:35:41.477559378,T,KO,F I,1,67.03
2025-10-14,9:35:43.006418761,T,KO,F,100,67.05
2025-10-14,9:35:43.006421733,T,KO,F,100,67.05
2025-10-14,9:35:43.006421733,T,KO,F I,10,67.05
2025-10-14,9:35:43.007074290,T,KO,I,2,67.06
2025-10-14,9:35:44.074502732,T,KO,I,98,67.06
2025-10-14,9:35:49.362760450,T,KO,,100,67.065
2025-10-14,9:35:49.362760450,T,KO,,100,67.065
2025-10-14,9:35:50.878899234,T,KO,I,25,67.08
2025-10-14,9:35:50.879545845,T,KO,F I,71,67.08
2025-10-14,9:35:50.879551880,T,KO,F,100,67.08
2025-10-14,9:35:50.879554939,T,KO,F I,15,67.08
2025-10-14,9:35:50.879554939,T,KO,F I,54,67.08
2025-10-14,9:35:50.879569892,T,KO,F,240,67.08
2025-10-14,9:35:50.906775634,T,KO,I,71,67.08
2025-10-14,9:35:50.906778668,T,KO,I,15,67.08
2025-10-14,9:35:50.906782077,T,KO,I,1,67.08
2025-10-14,9:35:50.906782077,T,KO,I,71,67.08
2025-10-14,9:35:50.906784678,T,KO,,100,67.08
2025-10-14,9:35:51.457588606,T,KO,,400,67.085
2025-10-14,9:35:54.294440386,T,KO,,100,67.085
2025-10-14,9:35:54.703354256,T,KO,,100,67.085
2025-10-14,9:35:59.789948457,T,KO,F I,71,67.085
2025-10-14,9:35:59.790012412,T,KO,I,29,67.085
2025-10-14,9:35:59.790014680,T,KO,I,5,67.09
2025-10-14,9:35:59.790018525,T,KO,I,37,67.09
2025-10-14,9:35:59.790020607,T,KO,F I,28,67.09
2025-10-14,9:36:00.123440028,T,KO,F,100,67.095
2025-10-14,9:36:00.123440028,T,KO,F I,15,67.09
2025-10-14,9:36:00.123445858,T,KO,F I,71,67.09
2025-10-14,9:36:00.123445858,T,KO,F I,44,67.09
2025-10-14,9:36:00.123449657,T,KO,F I,56,67.09
2025-10-14,9:36:00.123731498,T,KO,F I,5,67.09
2025-10-14,9:36:00.137152447,T,KO,I,66,67.09
2025-10-14,9:36:00.924168917,T,KO,,100,67.095
2025-10-14,9:36:00.924686612,T,KO,F I,66,67.09
2025-10-14,9:36:00.924686612,T,KO,F I,12,67.09
2025-10-14,9:36:00.925356808,T,KO,I,25,67.09
2025-10-14,9:36:00.925390769,T,KO,I,25,67.09
2025-10-14,9:36:00.925516888,T,KO,I,75,67.09
2025-10-14,9:36:00.925519399,T,KO,,100,67.09
2025-10-14,9:36:00.925519399,T,KO,I,66,67.09
2025-10-14,9:36:00.925543219,T,KO,I,1,67.09
2025-10-14,9:36:00.949823040,T,KO,,100,67.095
2025-10-14,9:36:01.126238276,T,KO,I,16,67.09
2025-10-14,9:36:01.126241409,T,KO,I,25,67.09
2025-10-14,9:36:01.126241409,T,KO,I,33,67.09
2025-10-14,9:36:01.126244276,T,KO,I,25,67.09
2025-10-14,9:36:01.126370573,T,KO,I,16,67.09
2025-10-14,9:36:01.167216818,T,KO,I,66,67.09
2025-10-14,9:36:01.167216818,T,KO,I,1,67.09
2025-10-14,9:36:01.658857800,T,KO,F I,16,67.09
2025-10-14,9:36:01.658857800,T,KO,F I,83,67.09
2025-10-14,9:36:01.658876270,T,KO,F,100,67.09
2025-10-14,9:36:01.658876270,T,KO,F,100,67.09
2025-10-14,9:36:03.072368581,T,KO,I,80,67.09
2025-10-14,9:36:03.072387297,T,KO,F I,20,67.09
2025-10-14,9:36:03.072389586,T,KO,F I,16,67.09
2025-10-14,9:36:03.262977786,T,KO,F I,1,67.1
2025-10-14,9:36:03.262983691,T,KO,F I,90,67.1
2025-10-14,9:36:03.262987895,T,KO,F I,50,67.1
2025-10-14,9:36:03.262991356,T,KO,F I,1,67.1
2025-10-14,9:36:03.262995991,T,KO,F,100,67.1
2025-10-14,9:36:03.262998806,T,KO,F I,11,67.1
2025-10-14,9:36:03.262998806,T,KO,F I,29,67.1
2025-10-14,9:36:03.263002258,T,KO,F,200,67.1
2025-10-14,9:36:03.263011715,T,KO,F,100,67.1
2025-10-14,9:36:03.263013655,T,KO,F,260,67.1
2025-10-14,9:36:03.263867751,T,KO,F,100,67.11
2025-10-14,9:36:03.263867751,T,KO,F,200,67.11
2025-10-14,9:36:03.264135346,T,KO,F,100,67.11
2025-10-14,9:36:03.265852424,T,KO,,100,67.115
2025-10-14,9:36:04.378827470,T,KO,I,7,67.11
2025-10-14,9:36:04.678824935,T,KO,F I,66,67.115
2025-10-14,9:36:04.678887976,T,KO,F I,66,67.115
2025-10-14,9:36:04.678939186,T,KO,F I,66,67.115
2025-10-14,9:36:04.679077476,T,KO,F I,66,67.115
2025-10-14,9:36:04.679122571,T,KO,F I,66,67.115
2025-10-14,9:36:04.679170704,T,KO,F I,66,67.115
2025-10-14,9:36:04.679318019,T,KO,F I,12,67.115
2025-10-14,9:36:04.679348173,T,KO,I,11,67.115
2025-10-14,9:36:04.679375140,T,KO,F I,12,67.115
2025-10-14,9:36:04.679432275,T,KO,I,11,67.115
2025-10-14,9:36:04.679643183,T,KO,I,2,67.12
2025-10-14,9:36:04.679643183,T,KO,I,2,67.12
2025-10-14,9:36:04.679643183,T,KO,I,7,67.12
2025-10-14,9:36:07.611361589,T,KO,I,3,67.12
2025-10-14,9:36:07.891418677,T,KO,,100,67.125
2025-10-14,9:36:08.610320002,T,KO,,100,67.125
2025-10-14,9:36:08.610446420,T,KO,F I,1,67.13
2025-10-14,9:36:08.610446420,T,KO,F I,1,67.13
2025-10-14,9:36:08.610452514,T,KO,F I,5,67.13
2025-10-14,9:36:08.610452514,T,KO,F I,10,67.13
2025-10-14,9:36:08.610452514,T,KO,F I,3,67.13
2025-10-14,9:36:09.071480459,T,KO,I,14,67.13
2025-10-14,9:36:09.071480459,T,KO,I,66,67.13
2025-10-14,9:36:09.846011139,T,KO,F I,20,67.13
2025-10-14,9:36:09.846011139,T,KO,F I,14,67.13
2025-10-14,9:36:11.713182444,T,KO,,100,67.14
2025-10-14,9:36:14.378436467,T,KO,F I,1,67.15
2025-10-14,9:36:14.378440306,T,KO,F I,1,67.15
2025-10-14,9:36:14.378442443,T,KO,F I,2,67.15
2025-10-14,9:36:14.378953874,T,KO,,100,67.15
2025-10-14,9:36:14.378957598,T,KO,I,50,67.15
2025-10-14,9:36:14.378957598,T,KO,I,51,67.15
2025-10-14,9:36:14.378959738,T,KO,,100,67.15
2025-10-14,9:36:14.378962919,T,KO,,100,67.15
2025-10-14,9:36:14.378966444,T,KO,,100,67.15
2025-10-14,9:36:14.378968663,T,KO,I,50,67.15
2025-10-14,9:36:14.379143116,T,KO,F I,19,67.16
2025-10-14,9:36:14.379143116,T,KO,F,100,67.16
2025-10-14,9:36:14.379146218,T,KO,F,100,67.16
2025-10-14,9:36:14.379149454,T,KO,F,100,67.16
2025-10-14,9:36:14.379152223,T,KO,F I,61,67.16
2025-10-14,9:36:14.379155150,T,KO,F,100,67.16
2025-10-14,9:36:14.379155150,T,KO,F,200,67.16
2025-10-14,9:36:14.379759652,T,KO,F I,1,67.17
2025-10-14,9:36:14.531780730,T,KO,,100,67.175
2025-10-14,9:36:14.537377099,T,KO,,200,67.175
2025-10-14,9:36:14.537380123,T,KO,,100,67.175
2025-10-14,9:36:15.056638907,T,KO,,100,67.175
2025-10-14,9:36:15.063786922,T,KO,,100,67.175
2025-10-14,9:36:15.068862939,T,KO,,100,67.175
2025-10-14,9:36:15.091470840,T,KO,,100,67.175
2025-10-14,9:36:15.353752451,T,KO,,100,67.175
2025-10-14,9:36:15.374514963,T,KO,,100,67.175
2025-10-14,9:36:15.374514963,T,KO,I,76,67.17
2025-10-14,9:36:15.374517045,T,KO,,913,67.17
2025-10-14,9:36:15.374519927,T,KO,I,2,67.17
2025-10-14,9:36:15.374537973,T,KO,I,98,67.17
2025-10-14,9:36:15.374537973,T,KO,I,2,67.17
2025-10-14,9:36:15.374568146,T,KO,I,76,67.17
2025-10-14,9:36:15.374568146,T,KO,I,24,67.17
2025-10-14,9:36:15.374586454,T,KO,F I,76,67.17
2025-10-14,9:36:15.374616235,T,KO,F I,2,67.17
2025-10-14,9:36:15.374616235,T,KO,I,5,67.17
2025-10-14,9:36:15.415555671,T,KO,,100,67.165
2025-10-14,9:36:15.551548575,T,KO,,100,67.165
2025-10-14,9:36:17.571384402,T,KO,F I,1,67.17
2025-10-14,9:36:17.571411436,T,KO,F I,36,67.17
2025-10-14,9:36:17.572066995,T,KO,,100,67.17
2025-10-14,9:36:17.575504209,T,KO,,100,67.175
2025-10-14,9:36:17.578048311,T,KO,,100,67.175
2025-10-14,9:36:18.422877491,T,KO,F I,1,67.18
2025-10-14,9:36:18.422877491,T,KO,F I,1,67.18
2025-10-14,9:36:18.916909096,T,KO,F I,70,67.18
2025-10-14,9:36:19.235187199,T,KO,F I,18,67.18
2025-10-14,9:36:22.801886283,T,KO,F I,39,67.18
2025-10-14,9:36:22.809509418,T,KO,F I,1,67.19
2025-10-14,9:36:22.809515436,T,KO,F,100,67.19
2025-10-14,9:36:22.809912907,T,KO,I,61,67.19
2025-10-14,9:36:22.809915408,T,KO,,100,67.19
2025-10-14,9:36:22.809919479,T,KO,,100,67.19
2025-10-14,9:36:22.809921575,T,KO,,100,67.19
2025-10-14,9:36:22.809924687,T,KO,,265,67.19
2025-10-14,9:36:22.809924687,T,KO,,100,67.19
2025-10-14,9:36:22.809939514,T,KO,I,1,67.19
2025-10-14,9:36:22.811364897,T,KO,I,61,67.19
2025-10-14,9:36:22.811371523,T,KO,,100,67.19
2025-10-14,9:36:22.811371523,T,KO,,100,67.19
2025-10-14,9:36:23.270615699,T,KO,I,95,67.185
2025-10-14,9:36:23.740511895,T,KO,I,17,67.2
2025-10-14,9:36:24.482138319,T,KO,F,200,67.18
2025-10-14,9:36:24.482138319,T,KO,F I,55,67.18
2025-10-14,9:36:24.606442311,T,KO,,100,67.18
2025-10-14,9:36:26.142224286,T,KO,,100,67.175
2025-10-14,9:36:27.987322810,T,KO,F I,73,67.18
2025-10-14,9:36:27.987322810,T,KO,F I,14,67.18
2025-10-14,9:36:30.751422458,T,KO,I,1,67.18
2025-10-14,9:36:32.552664475,T,KO,F,100,67.17
2025-10-14,9:36:35.425932912,T,KO,I,2,67.16
2025-10-14,9:36:36.549372710,T,KO,,100,67.17
2025-10-14,9:36:36.549402768,T,KO,I,1,67.17
2025-10-14,9:36:36.549474902,T,KO,F I,99,67.17
2025-10-14,9:36:36.550795160,T,KO,F,108,67.18
2025-10-14,9:36:45.232463749,T,KO,F,100,67.17
2025-10-14,9:36:46.397618870,T,KO,,100,67.17
2025-10-14,9:36:49.299226815,T,KO,F I,55,67.16
2025-10-14,9:36:54.848097729,T,KO,,100,67.15
2025-10-14,9:36:54.848100095,T,KO,I,25,67.15
2025-10-14,9:36:54.879182131,T,KO,I,6,67.14
2025-10-14,9:36:56.259845554,T,KO,,100,67.16
2025-10-14,9:37:05.142023109,T,KO,I,6,67.12
2025-10-14,9:37:05.445767506,T,KO,F,200,67.13
2025-10-14,9:37:05.466267386,T,KO,F I,10,67.14
2025-10-14,9:37:06.307033843,T,KO,,100,67.145
2025-10-14,9:37:06.307057905,T,KO,,100,67.145
2025-10-14,9:37:06.423465225,T,KO,F,100,67.145
2025-10-14,9:37:06.423465225,T,KO,F I,7,67.15
2025-10-14,9:37:06.423546367,T,KO,F,100,67.15
2025-10-14,9:37:06.513806303,T,KO,,100,67.15
2025-10-14,9:37:06.513863791,T,KO,I,70,67.15
2025-10-14,9:37:06.513863791,T,KO,,100,67.15
2025-10-14,9:37:06.513881573,T,KO,I,1,67.15
2025-10-14,9:37:09.114719172,T,KO,I,70,67.16
2025-10-14,9:37:09.114719172,T,KO,,100,67.16
2025-10-14,9:37:09.115594152,T,KO,I,62,67.16
2025-10-14,9:37:09.115654357,T,KO,,100,67.165
2025-10-14,9:37:09.116737393,T,KO,F,100,67.16
2025-10-14,9:37:09.123154273,T,KO,,100,67.165
2025-10-14,9:37:10.129816949,T,KO,,100,67.165
2025-10-14,9:37:10.129819919,T,KO,F,100,67.165
2025-10-14,9:37:10.129958327,T,KO,F,100,67.165
2025-10-14,9:37:10.129976231,T,KO,,100,67.165
2025-10-14,9:37:11.963229680,T,KO,I,19,67.16
2025-10-14,9:37:11.963250725,T,KO,I,1,67.16
2025-10-14,9:37:11.963268765,T,KO,,570,67.165
2025-10-14,9:37:11.963271809,T,KO,I,80,67.16
2025-10-14,9:37:11.963274773,T,KO,,200,67.16
2025-10-14,9:37:12.082334381,T,KO,I,1,67.16
2025-10-14,9:37:12.082737332,T,KO,I,67,67.16
2025-10-14,9:37:13.047050126,T,KO,I,4,67.17
2025-10-14,9:37:13.047053608,T,KO,,100,67.17
2025-10-14,9:37:13.249762897,T,KO,F I,1,67.19
2025-10-14,9:37:14.144547161,T,KO,,100,67.195
2025-10-14,9:37:14.144550167,T,KO,I,34,67.19
2025-10-14,9:37:14.144571453,T,KO,I,1,67.19
2025-10-14,9:37:14.144805888,T,KO,F I,33,67.19
2025-10-14,9:37:14.144805888,T,KO,F,100,67.19
2025-10-14,9:37:14.146159062,T,KO,I,66,67.19
2025-10-14,9:37:14.522622634,T,KO,I,30,67.195
2025-10-14,9:37:14.523031525,T,KO,I,70,67.195
2025-10-14,9:37:15.163785673,T,KO,I,24,67.19
2025-10-14,9:37:15.163785673,T,KO,I,61,67.19
2025-10-14,9:37:15.163803759,T,KO,I,1,67.19
2025-10-14,9:37:16.159342920,T,KO,,100,67.195
2025-10-14,9:37:16.470112078,T,KO,I,20,67.19
2025-10-14,9:37:16.470133130,T,KO,I,18,67.19
2025-10-14,9:37:16.470136198,T,KO,I,22,67.19
2025-10-14,9:37:16.545258319,T,KO,F I,3,67.195
2025-10-14,9:37:16.545258319,T,KO,I,97,67.195
2025-10-14,9:37:16.545270113,T,KO,F I,3,67.2
2025-10-14,9:37:16.546055043,T,KO,F,200,67.21
2025-10-14,9:37:17.623301786,T,KO,,100,67.225
2025-10-14,9:37:18.800816419,T,KO,I,44,67.22
2025-10-14,9:37:19.264000520,T,KO,,100,67.22
2025-10-14,9:37:23.119315444,T,KO,F,230,67.22
2025-10-14,9:37:23.119333295,T,KO,F I,15,67.22
2025-10-14,9:37:23.119333295,T,KO,F I,61,67.22
2025-10-14,9:37:23.119337214,T,KO,I,1,67.22
2025-10-14,9:37:23.119337214,T,KO,F I,15,67.22
2025-10-14,9:37:23.119357918,T,KO,F I,15,67.22
2025-10-14,9:37:23.119529390,T,KO,F I,8,67.22
2025-10-14,9:37:23.119886365,T,KO,I,20,67.22
2025-10-14,9:37:23.119886365,T,KO,I,5,67.22
2025-10-14,9:37:23.119934909,T,KO,F I,5,67.22
2025-10-14,9:37:23.120057842,T,KO,F,100,67.22
2025-10-14,9:37:23.294638591,T,KO,I,61,67.22
2025-10-14,9:37:23.294888196,T,KO,F I,20,67.22
2025-10-14,9:37:23.294897520,T,KO,F I,66,67.22
2025-10-14,9:37:23.294900294,T,KO,F,100,67.22
2025-10-14,9:37:23.294903296,T,KO,F I,61,67.22
2025-10-14,9:37:23.711127590,T,KO,I,22,67.22
2025-10-14,9:37:23.711130758,T,KO,I,5,67.22
2025-10-14,9:37:23.711133627,T,KO,I,61,67.22
2025-10-14,9:37:24.429499671,T,KO,F,100,67.225
2025-10-14,9:37:25.230054993,T,KO,F I,1,67.23
2025-10-14,9:37:25.230057410,T,KO,F,100,67.23
2025-10-14,9:37:25.230060429,T,KO,F,243,67.23
2025-10-14,9:37:25.230111574,T,KO,,100,67.23
2025-10-14,9:37:25.230132572,T,KO,I,1,67.23
2025-10-14,9:37:25.230141640,T,KO,,100,67.23
2025-10-14,9:37:25.230151015,T,KO,I,99,67.23
2025-10-14,9:37:25.230155238,T,KO,I,67,67.22
2025-10-14,9:37:25.230159781,T,KO,,100,67.22
2025-10-14,9:37:25.230159781,T,KO,,100,67.22
2025-10-14,9:37:25.230159781,T,KO,,100,67.22
2025-10-14,9:37:25.230165658,T,KO,I,87,67.22
2025-10-14,9:37:25.230165658,T,KO,,200,67.22
2025-10-14,9:37:25.230165658,T,KO,I,25,67.22
2025-10-14,9:37:25.230169440,T,KO,,100,67.22
2025-10-14,9:37:25.230304019,T,KO,F I,1,67.22
2025-10-14,9:37:25.230361236,T,KO,F I,99,67.22
2025-10-14,9:37:25.230361236,T,KO,F,100,67.22
2025-10-14,9:37:25.230367152,T,KO,F,100,67.22
2025-10-14,9:37:25.230367152,T,KO,F I,67,67.22
2025-10-14,9:37:25.240389975,T,KO,F I,67,67.23
2025-10-14,9:37:25.240389975,T,KO,F I,33,67.23
2025-10-14,9:37:25.660054615,T,KO,I,67,67.23
2025-10-14,9:37:26.025409912,T,KO,F I,9,67.235
2025-10-14,9:37:26.464076546,T,KO,I,67,67.24
2025-10-14,9:37:26.464079569,T,KO,,100,67.24
2025-10-14,9:37:26.465754627,T,KO,,100,67.24
2025-10-14,9:37:26.525510100,T,KO,,100,67.245
2025-10-14,9:37:26.525510100,T,KO,,100,67.24
2025-10-14,9:37:26.525708330,T,KO,I,1,67.24
2025-10-14,9:37:26.526129427,T,KO,I,1,67.24
2025-10-14,9:37:26.526129427,T,KO,I,98,67.24
2025-10-14,9:37:26.526763869,T,KO,,100,67.24
2025-10-14,9:37:26.566542630,T,KO,F I,41,67.24
2025-10-14,9:37:26.566563671,T,KO,I,1,67.24
2025-10-14,9:37:28.952993662,T,KO,F,100,67.24
2025-10-14,9:37:28.983555494,T,KO,F I,5,67.24
2025-10-14,9:37:28.983579536,T,KO,I,1,67.24
2025-10-14,9:37:28.989219082,T,KO,F,200,67.25
2025-10-14,9:37:28.989223936,T,KO,F,200,67.25
2025-10-14,9:37:28.989236445,T,KO,F I,5,67.25
2025-10-14,9:37:28.989236445,T,KO,F I,1,67.25
2025-10-14,9:37:28.992739545,T,KO,F I,1,67.26
2025-10-14,9:37:28.992742320,T,KO,F I,57,67.26
2025-10-14,9:37:28.997571806,T,KO,I,69,67.26
2025-10-14,9:37:28.997571806,T,KO,,200,67.26
2025-10-14,9:37:29.263961325,T,KO,I,69,67.25
2025-10-14,9:37:29.263985328,T,KO,I,47,67.25
2025-10-14,9:37:29.265314524,T,KO,I,47,67.26
2025-10-14,9:37:29.504991445,T,KO,I,1,67.26
2025-10-14,9:37:29.862149068,T,KO,,100,67.26
2025-10-14,9:37:29.915616412,T,KO,I,21,67.26
2025-10-14,9:37:30.122788884,T,KO,F I,79,67.26
2025-10-14,9:37:30.122788884,T,KO,F I,21,67.26
2025-10-14,9:37:30.122813912,T,KO,I,99,67.26
2025-10-14,9:37:30.122813912,T,KO,I,1,67.26
2025-10-14,9:37:30.127206336,T,KO,I,95,67.26
2025-10-14,9:37:30.127227432,T,KO,I,1,67.26
2025-10-14,9:37:31.058530546,T,KO,I,48,67.26
2025-10-14,9:37:31.070574280,T,KO,,100,67.26
2025-10-14,9:37:31.070574280,T,KO,,100,67.26
2025-10-14,9:37:31.922740946,T,KO,I,56,67.25
2025-10-14,9:37:31.924794804,T,KO,F,100,67.25
2025-10-14,9:37:33.806815459,T,KO,I,1,67.24
2025-10-14,9:37:33.806833420,T,KO,I,1,67.24
2025-10-14,9:37:33.820440881,T,KO,I,50,67.245
2025-10-14,9:37:33.926488480,T,KO,I,17,67.245
2025-10-14,9:37:35.132901805,T,KO,F,198,67.24
2025-10-14,9:37:35.333055609,T,KO,I,5,67.23
2025-10-14,9:37:35.333621017,T,KO,,100,67.235
2025-10-14,9:37:35.333621017,T,KO,I,71,67.24
2025-10-14,9:37:37.560680728,T,KO,F I,3,67.24
2025-10-14,9:37:37.561002653,T,KO,,194,67.24
2025-10-14,9:37:37.561005073,T,KO,,100,67.24
2025-10-14,9:37:37.561011024,T,KO,I,72,67.24
2025-10-14,9:37:37.561011024,T,KO,I,22,67.24
2025-10-14,9:37:37.561014223,T,KO,,100,67.24
2025-10-14,9:37:37.561014223,T,KO,,100,67.24
2025-10-14,9:37:37.561383996,T,KO,I,22,67.24
2025-10-14,9:37:37.618012095,T,KO,I,50,67.24
2025-10-14,9:37:37.618014935,T,KO,,200,67.24
2025-10-14,9:37:37.618014935,T,KO,I,22,67.24
2025-10-14,9:37:37.618132109,T,KO,I,31,67.25
2025-10-14,9:37:37.618405749,T,KO,F I,41,67.25
2025-10-14,9:37:37.618408834,T,KO,F,100,67.25
2025-10-14,9:37:37.618411767,T,KO,F,100,67.25
2025-10-14,9:37:37.618859861,T,KO,,100,67.25
2025-10-14,9:37:38.550535947,T,KO,,100,67.25
2025-10-14,9:37:38.698704853,T,KO,I,24,67.25
2025-10-14,9:37:38.698723298,T,KO,I,1,67.25
2025-10-14,9:37:38.698740865,T,KO,I,46,67.25
2025-10-14,9:37:38.698755922,T,KO,I,18,67.25
2025-10-14,9:37:38.698759639,T,KO,I,24,67.25
2025-10-14,9:37:38.698762112,T,KO,I,1,67.25
2025-10-14,9:37:38.698765002,T,KO,I,21,67.25
2025-10-14,9:37:38.698765002,T,KO,I,31,67.25
2025-10-14,9:37:38.698993464,T,KO,F I,22,67.25
2025-10-14,9:37:38.698996760,T,KO,F,100,67.25
2025-10-14,9:37:38.698996760,T,KO,F I,71,67.25
2025-10-14,9:37:38.810592315,T,KO,,100,67.255
2025-10-14,9:37:38.904466913,T,KO,,100,67.255
2025-10-14,9:37:38.904470033,T,KO,,100,67.26
2025-10-14,9:37:38.904473157,T,KO,I,4,67.26
2025-10-14,9:37:38.904511987,T,KO,F,100,67.26
2025-10-14,9:37:38.905200623,T,KO,I,1,67.27
2025-10-14,9:37:38.905203873,T,KO,I,10,67.27
2025-10-14,9:37:38.905203873,T,KO,,107,67.27
2025-10-14,9:37:38.905466107,T,KO,F,100,67.27
2025-10-14,9:37:38.905466107,T,KO,F I,1,67.27
2025-10-14,9:37:38.905471303,T,KO,F,100,67.27
2025-10-14,9:37:38.905471303,T,KO,F,100,67.27
2025-10-14,9:37:38.987518761,T,KO,F I,10,67.27
2025-10-14,9:37:38.987559591,T,KO,I,79,67.27
2025-10-14,9:37:38.987564532,T,KO,I,10,67.27
2025-10-14,9:37:38.987570114,T,KO,I,44,67.26
2025-10-14,9:37:38.987570114,T,KO,I,71,67.26
2025-10-14,9:37:38.987576412,T,KO,I,22,67.26
2025-10-14,9:37:38.987576412,T,KO,,100,67.26
2025-10-14,9:37:38.987580193,T,KO,,200,67.26
2025-10-14,9:37:38.987583362,T,KO,,200,67.26
2025-10-14,9:37:39.105958857,T,KO,I,41,67.25
2025-10-14,9:37:39.120399199,T,KO,I,50,67.25
2025-10-14,9:37:39.120423295,T,KO,I,1,67.25
2025-10-14,9:37:39.120474521,T,KO,F,100,67.25
2025-10-14,9:37:39.120495757,T,KO,I,1,67.25
2025-10-14,9:37:39.120498598,T,KO,I,50,67.25
2025-10-14,9:37:39.134785497,T,KO,I,50,67.25
2025-10-14,9:37:39.134806473,T,KO,I,1,67.25
2025-10-14,9:37:39.134857673,T,KO,F,100,67.25
2025-10-14,9:37:39.134887709,T,KO,I,51,67.25
2025-10-14,9:37:39.134890743,T,KO,F I,51,67.25
2025-10-14,9:37:39.134932823,T,KO,F I,49,67.25
2025-10-14,9:37:39.149463420,T,KO,I,50,67.255
2025-10-14,9:37:39.181715197,T,KO,I,50,67.255
2025-10-14,9:37:40.571839250,T,KO,I,1,67.26
2025-10-14,9:37:40.571899359,T,KO,I,99,67.26
2025-10-14,9:37:41.598538606,T,KO,F,148,67.27
2025-10-14,9:37:41.749834971,T,KO,,100,67.27
2025-10-14,9:37:42.007780298,T,KO,,200,67.285
2025-10-14,9:37:49.980552889,T,KO,F I,33,67.29
2025-10-14,9:37:49.980555911,T,KO,F I,1,67.29
2025-10-14,9:37:49.981596156,T,KO,F,100,67.29
2025-10-14,9:37:49.981620658,T,KO,I,1,67.29
2025-10-14,9:37:50.982091135,T,KO,F,100,67.29
2025-10-14,9:37:52.326644581,T,KO,,100,67.295
2025-10-14,9:37:52.341087950,T,KO,F,100,67.295
2025-10-14,9:37:52.341091000,T,KO,F I,2,67.3
2025-10-14,9:37:52.341095067,T,KO,F I,1,67.3
2025-10-14,9:37:52.341095067,T,KO,F I,60,67.3
2025-10-14,9:37:52.341097960,T,KO,F I,60,67.3
2025-10-14,9:37:52.341097960,T,KO,F I,50,67.3
2025-10-14,9:37:52.341100716,T,KO,F I,17,67.3
2025-10-14,9:37:52.341100716,T,KO,F I,9,67.3
2025-10-14,9:37:52.341106055,T,KO,F I,30,67.3
2025-10-14,9:37:52.341106055,T,KO,F I,9,67.3
2025-10-14,9:37:52.341106055,T,KO,F,100,67.3
2025-10-14,9:37:52.341109317,T,KO,F,100,67.3
2025-10-14,9:37:52.341575896,T,KO,F I,54,67.31
2025-10-14,9:37:52.531715013,T,KO,,100,67.305
2025-10-14,9:37:52.537633126,T,KO,,100,67.305
2025-10-14,9:37:52.585717622,T,KO,,100,67.305
2025-10-14,9:37:52.603171225,T,KO,,100,67.305
2025-10-14,9:37:52.897743759,T,KO,,100,67.305
2025-10-14,9:37:52.909973887,T,KO,,100,67.3
2025-10-14,9:37:55.367039588,T,KO,F,100,67.29
2025-10-14,9:37:55.367042092,T,KO,F,100,67.29
2025-10-14,9:37:55.367051093,T,KO,F,100,67.29
2025-10-14,9:37:58.041477091,T,KO,F,200,67.28
2025-10-14,9:37:58.398249763,T,KO,,100,67.28
2025-10-14,9:37:58.398944471,T,KO,I,70,67.28
2025-10-14,9:37:58.398944471,T,KO,I,24,67.28
2025-10-14,9:37:58.398989562,T,KO,,100,67.28
2025-10-14,9:37:58.398993019,T,KO,I,80,67.28
2025-10-14,9:37:58.399034836,T,KO,F I,20,67.28
2025-10-14,9:37:58.399037845,T,KO,F I,70,67.28
2025-10-14,9:37:58.399040689,T,KO,F I,24,67.28
2025-10-14,9:37:58.399040689,T,KO,F I,70,67.28
2025-10-14,9:37:58.402814638,T,KO,,100,67.285
2025-10-14,9:37:59.542625442,T,KO,,100,67.29
2025-10-14,9:37:59.542631474,T,KO,I,37,67.29
2025-10-14,9:37:59.542631474,T,KO,,100,67.29
2025-10-14,9:37:59.619157656,T,KO,I,19,67.29
2025-10-14,9:37:59.619199792,T,KO,I,51,67.29
2025-10-14,9:37:59.619199792,T,KO,I,51,67.29
2025-10-14,9:37:59.619536860,T,KO,,100,67.29
2025-10-14,9:37:59.619536860,T,KO,,100,67.29
2025-10-14,9:37:59.619539607,T,KO,I,70,67.29
2025-10-14,9:37:59.619554654,T,KO,I,1,67.29
2025-10-14,9:38:02.244485614,T,KO,I,1,67.3
2025-10-14,9:38:04.550777849,T,KO,I,19,67.31
2025-10-14,9:38:04.734563614,T,KO,F I,1,67.3
2025-10-14,9:38:04.734563614,T,KO,F I,49,67.3
2025-10-14,9:38:04.734581709,T,KO,F I,51,67.3
2025-10-14,9:38:04.735414598,T,KO,I,23,67.3
2025-10-14,9:38:04.735417997,T,KO,,100,67.3
2025-10-14,9:38:04.735417997,T,KO,,100,67.3
2025-10-14,9:38:04.735421522,T,KO,I,71,67.3
2025-10-14,9:38:04.735442198,T,KO,I,1,67.3
2025-10-14,9:38:05.520004383,T,KO,I,71,67.3
2025-10-14,9:38:05.520007452,T,KO,,100,67.3
2025-10-14,9:38:05.520010385,T,KO,I,56,67.3
2025-10-14,9:38:05.574193701,T,KO,F I,2,67.29
2025-10-14,9:38:05.574193701,T,KO,F I,72,67.29
2025-10-14,9:38:05.774491427,T,KO,I,56,67.28
2025-10-14,9:38:06.825650964,T,KO,,100,67.29
2025-10-14,9:38:06.825687071,T,KO,I,72,67.29
2025-10-14,9:38:06.825738252,T,KO,,128,67.29
2025-10-14,9:38:06.825753220,T,KO,I,1,67.29
2025-10-14,9:38:06.825792331,T,KO,,399,67.29
2025-10-14,9:38:07.704566338,T,KO,,100,67.29
2025-10-14,9:38:07.704566338,T,KO,,100,67.29
2025-10-14,9:38:09.394943508,T,KO,,100,67.29
2025-10-14,9:38:09.394994718,T,KO,I,72,67.29
2025-10-14,9:38:09.439386477,T,KO,F I,31,67.29
2025-10-14,9:38:10.560943591,T,KO,I,1,67.295
2025-10-14,9:38:12.513689639,T,KO,I,50,67.28
2025-10-14,9:38:18.330449875,T,KO,I,22,67.26
2025-10-14,9:38:18.330504040,T,KO,,100,67.26
2025-10-14,9:38:18.330522906,T,KO,I,71,67.26
2025-10-14,9:38:18.330525122,T,KO,I,1,67.26
2025-10-14,9:38:18.330730138,T,KO,I,22,67.26
2025-10-14,9:38:18.348538023,T,KO,F I,71,67.25
2025-10-14,9:38:18.348745521,T,KO,F I,1,67.25
2025-10-14,9:38:22.415938679,T,KO,,100,67.245
2025-10-14,9:38:22.959372612,T,KO,I,3,67.24
2025-10-14,9:38:23.152882915,T,KO,,100,67.245
2025-10-14,9:38:26.867441192,T,KO,I,6,67.23
2025-10-14,9:38:28.732507389,T,KO,,200,67.23
2025-10-14,9:38:29.673165882,T,KO,I,64,67.23
2025-10-14,9:38:31.777692333,T,KO,F,100,67.22
2025-10-14,9:38:34.125468267,T,KO,F,100,67.22
2025-10-14,9:38:34.716718456,T,KO,,100,67.22
2025-10-14,9:38:36.701545276,T,KO,,200,67.22
2025-10-14,9:38:36.701547879,T,KO,,100,67.22
2025-10-14,9:38:36.703409276,T,KO,F I,69,67.22
2025-10-14,9:38:36.848240250,T,KO,F I,56,67.21
2025-10-14,9:38:37.287879378,T,KO,F I,36,67.21
2025-10-14,9:38:37.287879378,T,KO,F I,64,67.21
2025-10-14,9:38:37.287899857,T,KO,I,1,67.21
2025-10-14,9:38:37.287899857,T,KO,I,1,67.21
2025-10-14,9:38:37.287911925,T,KO,I,3,67.21
2025-10-14,9:38:37.287917470,T,KO,,100,67.21
2025-10-14,9:38:37.711130452,T,KO,I,10,67.22
2025-10-14,9:38:37.830382544,T,KO,I,1,67.225
2025-10-14,9:38:39.509930900,T,KO,F,100,67.22
2025-10-14,9:38:39.510824054,T,KO,I,44,67.22
2025-10-14,9:38:39.510845142,T,KO,I,51,67.22
2025-10-14,9:38:39.914427701,T,KO,I,1,67.225
2025-10-14,9:38:40.602908037,T,KO,F,100,67.22
2025-10-14,9:38:41.245460669,T,KO,F I,20,67.21
2025-10-14,9:38:41.245464182,T,KO,F,100,67.21
2025-10-14,9:38:41.245485191,T,KO,I,1,67.21
2025-10-14,9:38:41.246353598,T,KO,I,99,67.21
2025-10-14,9:38:47.127452026,T,KO,F I,1,67.21
2025-10-14,9:38:48.741287826,T,KO,,100,67.21
2025-10-14,9:38:50.261537731,T,KO,,200,67.2
2025-10-14,9:38:50.261561764,T,KO,I,1,67.2
2025-10-14,9:38:50.261576784,T,KO,F I,4,67.2
2025-10-14,9:38:50.261850779,T,KO,,100,67.2
2025-10-14,9:38:50.261854112,T,KO,I,70,67.2
2025-10-14,9:38:50.261854112,T,KO,I,25,67.2
2025-10-14,9:38:50.310873274,T,KO,I,70,67.2
2025-10-14,9:38:50.310873274,T,KO,I,25,67.2
2025-10-14,9:38:50.310876218,T,KO,I,70,67.2
2025-10-14,9:38:50.730390395,T,KO,F I,70,67.2
2025-10-14,9:38:55.901606369,T,KO,I,10,67.19
2025-10-14,9:38:55.901606369,T,KO,,100,67.19
2025-10-14,9:38:56.887946323,T,KO,F I,10,67.19
2025-10-14,9:38:58.883036129,T,KO,,100,67.2
2025-10-14,9:38:58.883129384,T,KO,F I,4,67.21
2025-10-14,9:38:58.890911853,T,KO,I,64,67.21
2025-10-14,9:39:00.629394601,T,KO,,100,67.205
2025-10-14,9:39:01.259106405,T,KO,,100,67.21
2025-10-14,9:39:01.261758701,T,KO,,192,67.21
2025-10-14,9:39:01.347721483,T,KO,,100,67.21
2025-10-14,9:39:02.513144257,T,KO,,100,67.205
2025-10-14,9:39:02.601660552,T,KO,,100,67.205
2025-10-14,9:39:02.601663271,T,KO,,200,67.21
2025-10-14,9:39:02.601663271,T,KO,I,25,67.21
2025-10-14,9:39:02.601708216,T,KO,F I,72,67.21
2025-10-14,9:39:03.007753249,T,KO,I,2,67.2
2025-10-14,9:39:06.614300342,T,KO,I,5,67.18
2025-10-14,9:39:09.815569026,T,KO,,100,67.17
2025-10-14,9:39:10.305047891,T,KO,,172,67.17
2025-10-14,9:39:10.305047891,T,KO,I,72,67.17
2025-10-14,9:39:10.305051002,T,KO,I,2,67.17
2025-10-14,9:39:10.305053892,T,KO,,100,67.17
2025-10-14,9:39:13.375601301,T,KO,F,100,67.16
2025-10-14,9:39:19.169588287,T,KO,F,100,67.15
2025-10-14,9:39:26.586616078,T,KO,F,100,67.14
2025-10-14,9:39:32.054506413,T,KO,I,1,67.11
2025-10-14,9:39:33.971975571,T,KO,F,100,67.12
2025-10-14,9:39:35.642123357,T,KO,F,100,67.13
2025-10-14,9:39:35.642123357,T,KO,F I,57,67.13
2025-10-14,9:39:35.658094462,T,KO,,133,67.135
2025-10-14,9:39:35.712154133,T,KO,,100,67.13
2025-10-14,9:39:35.923479494,T,KO,I,67,67.125
2025-10-14,9:39:35.926017515,T,KO,,100,67.125
2025-10-14,9:39:41.031824348,T,KO,,100,67.13
2025-10-14,9:39:42.380687072,T,KO,I,12,67.13
2025-10-14,9:39:42.955993394,T,KO,I,25,67.13
2025-10-14,9:39:43.771205046,T,KO,F I,20,67.14
2025-10-14,9:39:45.882560830,T,KO,,100,67.14
2025-10-14,9:39:47.288087497,T,KO,,100,67.14
2025-10-14,9:39:47.762127514,T,KO,,100,67.135
2025-10-14,9:39:57.356689741,T,KO,,100,67.125
2025-10-14,9:40:01.159312677,T,KO,F I,2,67.13
2025-10-14,9:40:01.159315869,T,KO,F I,1,67.13
2025-10-14,9:40:01.159800529,T,KO,I,25,67.13
2025-10-14,9:40:01.159854047,T,KO,F I,25,67.13
2025-10-14,9:40:05.280078539,T,KO,F I,10,67.12
2025-10-14,9:40:05.280078539,T,KO,F I,1,67.12
2025-10-14,9:40:05.293929417,T,KO,,199,67.11
2025-10-14,9:40:05.295288705,T,KO,F I,3,67.105
2025-10-14,9:40:05.295291711,T,KO,F I,3,67.105
2025-10-14,9:40:05.295628505,T,KO,F I,4,67.105
2025-10-14,9:40:05.295628505,T,KO,F I,4,67.105
2025-10-14,9:40:05.299511481,T,KO,I,5,67.095
2025-10-14,9:40:06.436780463,T,KO,,100,67.095
2025-10-14,9:40:08.710865831,T,KO,,100,67.1
2025-10-14,9:40:08.854897454,T,KO,F I,81,67.1
2025-10-14,9:40:08.854899894,T,KO,F I,7,67.1
2025-10-14,9:40:08.854902966,T,KO,F I,1,67.1
2025-10-14,9:40:09.340764124,T,KO,F,100,67.09
2025-10-14,9:40:09.340767203,T,KO,F I,29,67.09
2025-10-14,9:40:09.360623496,T,KO,,100,67.085
2025-10-14,9:40:09.360623496,T,KO,I,79,67.09
2025-10-14,9:40:09.360626466,T,KO,I,7,67.09
2025-10-14,9:40:09.360647523,T,KO,I,1,67.09
2025-10-14,9:40:09.360665848,T,KO,I,73,67.09
2025-10-14,9:40:09.360668511,T,KO,I,26,67.09
2025-10-14,9:40:09.384004105,T,KO,F I,42,67.09
2025-10-14,9:40:09.384034835,T,KO,F I,37,67.09
2025-10-14,9:40:09.384037623,T,KO,F I,6,67.09
2025-10-14,9:40:09.384040249,T,KO,F I,67,67.09
2025-10-14,9:40:09.384040249,T,KO,F I,1,67.09
2025-10-14,9:40:09.384043245,T,KO,F I,5,67.09
2025-10-14,9:40:09.692623184,T,KO,I,1,67.09
2025-10-14,9:40:09.692647258,T,KO,I,1,67.09
2025-10-14,9:40:11.079030355,T,KO,I,1,67.09
2025-10-14,9:40:11.266671969,T,KO,F I,1,67.08
2025-10-14,9:40:11.266675117,T,KO,F,200,67.08
2025-10-14,9:40:11.266677638,T,KO,F I,58,67.08
2025-10-14,9:40:11.268051840,T,KO,F,100,67.08
2025-10-14,9:40:11.268057777,T,KO,F I,79,67.08
2025-10-14,9:40:11.268061718,T,KO,F I,25,67.08
2025-10-14,9:40:11.268067603,T,KO,F I,76,67.08
2025-10-14,9:40:11.268067603,T,KO,F,300,67.08
2025-10-14,9:40:11.380537455,T,KO,I,6,67.085
2025-10-14,9:40:12.833333733,T,KO,F I,24,67.08
2025-10-14,9:40:12.833333733,T,KO,F I,25,67.08
2025-10-14,9:40:12.833992213,T,KO,I,48,67.08
2025-10-14,9:40:12.833992213,T,KO,I,15,67.08
2025-10-14,9:40:13.817743289,T,KO,F I,82,67.08
2025-10-14,9:40:15.037679911,T,KO,,100,67.08
2025-10-14,9:40:15.038341718,T,KO,F I,2,67.08
2025-10-14,9:40:15.038345175,T,KO,F I,1,67.08
2025-10-14,9:40:15.038542977,T,KO,F,200,67.08
2025-10-14,9:40:15.038542977,T,KO,F,100,67.08
2025-10-14,9:40:18.918943234,T,KO,I,29,67.07
2025-10-14,9:40:18.919039493,T,KO,I,34,67.07
2025-10-14,9:40:18.919066564,T,KO,I,49,67.07
2025-10-14,9:40:19.559141041,T,KO,F,100,67.07
2025-10-14,9:40:21.538158252,T,KO,F,200,67.08
2025-10-14,9:40:21.538158252,T,KO,F I,34,67.08
2025-10-14,9:40:21.538163600,T,KO,F I,49,67.08
2025-10-14,9:40:21.538289949,T,KO,I,25,67.08
2025-10-14,9:40:22.550459036,T,KO,I,20,67.08
2025-10-14,9:40:22.550459036,T,KO,I,1,67.08
2025-10-14,9:40:22.558277284,T,KO,I,81,67.08
2025-10-14,9:40:24.290446073,T,KO,F I,4,67.09
2025-10-14,9:40:24.290446073,T,KO,F I,10,67.09
2025-10-14,9:40:24.291277974,T,KO,,100,67.09
2025-10-14,9:40:25.237899748,T,KO,F,100,67.09
2025-10-14,9:40:25.237902641,T,KO,F I,81,67.09
2025-10-14,9:40:25.237905643,T,KO,F I,30,67.09
2025-10-14,9:40:25.237905643,T,KO,F,100,67.09
2025-10-14,9:40:25.914345682,T,KO,F,200,67.08
2025-10-14,9:40:28.474057403,T,KO,,100,67.07
2025-10-14,9:40:30.786799787,T,KO,F I,1,67.06
2025-10-14,9:40:30.786799787,T,KO,F,100,67.06
2025-10-14,9:40:30.786802910,T,KO,F,100,67.06
2025-10-14,9:40:31.117004323,T,KO,,100,67.06
2025-10-14,9:40:31.117345491,T,KO,I,77,67.06
2025-10-14,9:40:31.117350149,T,KO,,100,67.06
2025-10-14,9:40:31.117350149,T,KO,,100,67.06
2025-10-14,9:40:31.117365858,T,KO,I,1,67.06
2025-10-14,9:40:31.328167169,T,KO,I,5,67.055
2025-10-14,9:40:31.328188485,T,KO,F I,79,67.055
2025-10-14,9:40:33.341212937,T,KO,F,100,67.06
2025-10-14,9:40:33.341216275,T,KO,F,100,67.06
2025-10-14,9:40:33.341216275,T,KO,F,200,67.06
2025-10-14,9:40:33.341675898,T,KO,F I,56,67.06
2025-10-14,9:40:36.615699845,T,KO,I,6,67.07
2025-10-14,9:40:37.396362247,T,KO,F I,27,67.07
2025-10-14,9:40:37.396365240,T,KO,F I,21,67.07
2025-10-14,9:40:37.396365240,T,KO,F,100,67.07
2025-10-14,9:40:37.396368185,T,KO,F I,1,67.07
2025-10-14,9:40:37.408351763,T,KO,I,27,67.07
2025-10-14,9:40:40.560564540,T,KO,,100,67.08
2025-10-14,9:40:40.560564540,T,KO,,100,67.08
2025-10-14,9:40:40.633581382,T,KO,,200,67.09
2025-10-14,9:40:42.410309234,T,KO,I,18,67.1
2025-10-14,9:40:42.410697061,T,KO,I,82,67.1
2025-10-14,9:40:45.151794697,T,KO,,100,67.09
2025-10-14,9:40:46.831941417,T,KO,,100,67.09
2025-10-14,9:40:46.844872187,T,KO,,100,67.09
2025-10-14,9:40:46.873792084,T,KO,,100,67.09
2025-10-14,9:40:46.903454773,T,KO,,100,67.09
2025-10-14,9:40:47.400502617,T,KO,,200,67.09
2025-10-14,9:40:50.221503672,T,KO,,100,67.08
2025-10-14,9:40:50.298072068,T,KO,,100,67.075
2025-10-14,9:40:51.508271510,T,KO,F,300,67.07
2025-10-14,9:40:53.002581747,T,KO,I,4,67.07
2025-10-14,9:41:01.962209270,T,KO,F I,10,67.06
2025-10-14,9:41:01.962211516,T,KO,F I,10,67.06
2025-10-14,9:41:01.962232558,T,KO,F I,2,67.06
2025-10-14,9:41:01.971993876,T,KO,I,88,67.06
2025-10-14,9:41:03.266956175,T,KO,I,65,67.05
2025-10-14,9:41:03.290174422,T,KO,F I,35,67.05
2025-10-14,9:41:03.290448095,T,KO,I,45,67.05
2025-10-14,9:41:03.290451711,T,KO,,100,67.05
2025-10-14,9:41:03.290454183,T,KO,I,75,67.05
2025-10-14,9:41:04.469887267,T,KO,F,100,67.06
2025-10-14,9:41:04.469968423,T,KO,I,25,67.06
2025-10-14,9:41:09.231786078,T,KO,I,20,67.06
2025-10-14,9:41:09.231786078,T,KO,I,52,67.06
2025-10-14,9:41:09.231841107,T,KO,I,23,67.06
2025-10-14,9:41:09.231844168,T,KO,I,27,67.06
2025-10-14,9:41:09.231855227,T,KO,I,73,67.06
2025-10-14,9:41:09.232619143,T,KO,F I,74,67.06
2025-10-14,9:41:09.232621981,T,KO,F,100,67.06
2025-10-14,9:41:09.232643078,T,KO,F,100,67.06
2025-10-14,9:41:09.232896326,T,KO,I,74,67.06
2025-10-14,9:41:09.232898789,T,KO,,100,67.06
2025-10-14,9:41:09.232901719,T,KO,,100,67.06
2025-10-14,9:41:09.232901719,T,KO,I,26,67.06
2025-10-14,9:41:09.232985862,T,KO,I,1,67.06
2025-10-14,9:41:09.236194589,T,KO,,200,67.06
2025-10-14,9:41:09.236402927,T,KO,F I,74,67.06
2025-10-14,9:41:09.236405731,T,KO,F,100,67.06
2025-10-14,9:41:09.236408615,T,KO,F I,45,67.06
2025-10-14,9:41:09.236408615,T,KO,F I,48,67.06
2025-10-14,9:41:09.385999341,T,KO,I,74,67.06
2025-10-14,9:41:09.386002382,T,KO,I,4,67.06
2025-10-14,9:41:09.386036043,T,KO,I,45,67.06
2025-10-14,9:41:09.386036043,T,KO,I,70,67.06
2025-10-14,9:41:09.386036043,T,KO,I,30,67.06
2025-10-14,9:41:09.395733561,T,KO,I,5,67.05
2025-10-14,9:41:17.728998510,T,KO,F,100,67.04
2025-10-14,9:41:17.738913108,T,KO,I,1,67.03
2025-10-14,9:41:18.400052785,T,KO,F I,3,67.03
2025-10-14,9:41:18.806940452,T,KO,F,100,67.03
2025-10-14,9:41:18.806942914,T,KO,F,200,67.04
2025-10-14,9:41:18.806946755,T,KO,F,200,67.04
2025-10-14,9:41:18.806946755,T,KO,F,100,67.04
2025-10-14,9:41:18.806951933,T,KO,F I,10,67.04
2025-10-14,9:41:18.806951933,T,KO,F,125,67.04
2025-10-14,9:41:18.806967194,T,KO,F,375,67.04
2025-10-14,9:41:18.806971355,T,KO,I,1,67.04
2025-10-14,9:41:18.806971355,T,KO,I,1,67.04
2025-10-14,9:41:18.806988053,T,KO,F I,98,67.04
2025-10-14,9:41:21.498922296,T,KO,F I,2,67.04
2025-10-14,9:41:21.498924619,T,KO,F I,2,67.04
2025-10-14,9:41:21.499495954,T,KO,F,100,67.04
2025-10-14,9:41:23.376226944,T,KO,F I,8,67.05
2025-10-14,9:41:23.376229920,T,KO,F I,7,67.05
2025-10-14,9:41:24.022391293,T,KO,F,100,67.055
2025-10-14,9:41:24.022391293,T,KO,F I,8,67.06
2025-10-14,9:41:26.053711291,T,KO,F I,8,67.06
2025-10-14,9:41:26.053750344,T,KO,F I,8,67.06
2025-10-14,9:41:26.053864635,T,KO,F I,92,67.06
2025-10-14,9:41:27.314338244,T,KO,F I,1,67.07
2025-10-14,9:41:27.314338244,T,KO,F I,5,67.07
2025-10-14,9:41:27.314397923,T,KO,I,70,67.07
2025-10-14,9:41:27.314400959,T,KO,,100,67.07
2025-10-14,9:41:27.314403929,T,KO,,100,67.07
2025-10-14,9:41:27.314424997,T,KO,I,1,67.07
2025-10-14,9:41:27.716088739,T,KO,I,70,67.07
2025-10-14,9:41:28.228788891,T,KO,F I,67,67.08
2025-10-14,9:41:28.228810778,T,KO,F I,33,67.08
2025-10-14,9:41:28.228812921,T,KO,F,100,67.08
2025-10-14,9:41:28.228815954,T,KO,F I,7,67.08
2025-10-14,9:41:28.268435392,T,KO,I,6,67.08
2025-10-14,9:41:28.745891546,T,KO,F I,5,67.09
2025-10-14,9:41:28.745894642,T,KO,F I,6,67.09
2025-10-14,9:41:28.745897484,T,KO,F I,6,67.09
2025-10-14,9:41:36.011409561,T,KO,,300,67.095
2025-10-14,9:41:36.011574909,T,KO,F I,5,67.1
2025-10-14,9:41:36.011998965,T,KO,F,200,67.1
2025-10-14,9:41:42.649777628,T,KO,F,100,67.09
2025-10-14,9:41:49.342003863,T,KO,I,5,67.095
2025-10-14,9:41:49.631470337,T,KO,F I,1,67.1
2025-10-14,9:41:49.631485396,T,KO,I,7,67.1
2025-10-14,9:41:49.631497769,T,KO,F I,2,67.1
2025-10-14,9:41:49.631497769,T,KO,F I,7,67.1
2025-10-14,9:41:49.631509420,T,KO,I,1,67.1
2025-10-14,9:41:49.631527438,T,KO,F I,2,67.1
2025-10-14,9:41:49.739878514,T,KO,F I,71,67.1
2025-10-14,9:41:49.739881770,T,KO,F,100,67.1
2025-10-14,9:42:00.623030805,T,KO,I,24,67.075
2025-10-14,9:42:02.363029057,T,KO,I,19,67.08
2025-10-14,9:42:02.363389850,T,KO,I,52,67.08
2025-10-14,9:42:04.025923706,T,KO,,100,67.08
2025-10-14,9:42:06.229963238,T,KO,I,6,67.085
2025-10-14,9:42:06.267155891,T,KO,I,9,67.09
2025-10-14,9:42:07.396640077,T,KO,I,36,67.085
2025-10-14,9:42:07.563212751,T,KO,F I,1,67.09
2025-10-14,9:42:07.563631149,T,KO,I,90,67.09
2025-10-14,9:42:07.563631149,T,KO,I,8,67.09
2025-10-14,9:42:07.563633834,T,KO,,100,67.09
2025-10-14,9:42:10.975012952,T,KO,I,36,67.1
2025-10-14,9:42:10.975518157,T,KO,I,66,67.1
2025-10-14,9:42:10.975521126,T,KO,I,57,67.1
2025-10-14,9:42:12.355384647,T,KO,F I,9,67.11
2025-10-14,9:42:12.355384647,T,KO,F I,5,67.11
2025-10-14,9:42:12.355387709,T,KO,F I,7,67.11
2025-10-14,9:42:12.355435825,T,KO,F,200,67.11
2025-10-14,9:42:12.355507963,T,KO,I,25,67.11
2025-10-14,9:42:12.355598220,T,KO,I,57,67.11
2025-10-14,9:42:12.355598220,T,KO,,101,67.11
2025-10-14,9:42:12.355601158,T,KO,I,64,67.11
2025-10-14,9:42:12.355607484,T,KO,I,66,67.11
2025-10-14,9:42:12.355607484,T,KO,,114,67.11
2025-10-14,9:42:12.355619808,T,KO,I,1,67.11
2025-10-14,9:42:12.356713882,T,KO,I,64,67.11
2025-10-14,9:42:12.356717104,T,KO,,100,67.11
2025-10-14,9:42:12.356721063,T,KO,I,64,67.11
2025-10-14,9:42:12.356721063,T,KO,,200,67.11
2025-10-14,9:42:12.356722864,T,KO,,200,67.11
2025-10-14,9:42:12.359925495,T,KO,I,80,67.12
2025-10-14,9:42:14.620304698,T,KO,F I,15,67.11
2025-10-14,9:42:14.620307240,T,KO,F I,79,67.11
2025-10-14,9:42:18.969918084,T,KO,I,10,67.1
2025-10-14,9:42:18.969954215,T,KO,,460,67.1
2025-10-14,9:42:18.969960871,T,KO,,130,67.1
2025-10-14,9:42:18.969960871,T,KO,I,5,67.1
2025-10-14,9:42:23.407359146,T,KO,F I,70,67.09
2025-10-14,9:42:23.407362089,T,KO,F,100,67.09
2025-10-14,9:42:24.458612112,T,KO,F I,39,67.095
2025-10-14,9:42:24.458681441,T,KO,,146,67.095
2025-10-14,9:42:24.656600910,T,KO,F,100,67.1
2025-10-14,9:42:24.656600910,T,KO,F I,2,67.1
2025-10-14,9:42:24.656603686,T,KO,F,100,67.1
2025-10-14,9:42:24.657024659,T,KO,I,25,67.1
2025-10-14,9:42:24.657024659,T,KO,I,25,67.1
2025-10-14,9:42:24.659595713,T,KO,F I,2,67.1
2025-10-14,9:42:24.659622844,T,KO,F I,62,67.1
2025-10-14,9:42:25.267367627,T,KO,I,2,67.1
2025-10-14,9:42:25.267370365,T,KO,I,62,67.1
2025-10-14,9:42:31.083405894,T,KO,F I,5,67.11
2025-10-14,9:42:31.083412272,T,KO,F,100,67.11
2025-10-14,9:42:31.083412272,T,KO,F I,25,67.11
2025-10-14,9:42:31.083412272,T,KO,F,100,67.11
2025-10-14,9:42:31.083417893,T,KO,F,200,67.12
2025-10-14,9:42:31.083417893,T,KO,F,200,67.12
2025-10-14,9:42:31.083417893,T,KO,F I,25,67.12
2025-10-14,9:42:31.083421825,T,KO,F,200,67.12
2025-10-14,9:42:31.083680078,T,KO,I,2,67.11
2025-10-14,9:42:31.083911141,T,KO,F,100,67.12
2025-10-14,9:42:31.083911141,T,KO,F I,2,67.12
2025-10-14,9:42:31.083914119,T,KO,F I,7,67.12
2025-10-14,9:42:31.083917131,T,KO,F,153,67.12
2025-10-14,9:42:31.094848118,T,KO,,100,67.115
2025-10-14,9:42:31.094851075,T,KO,,100,67.12
2025-10-14,9:42:31.095165101,T,KO,F I,66,67.12
2025-10-14,9:42:31.095170729,T,KO,F,100,67.12
2025-10-14,9:42:31.095170729,T,KO,F I,47,67.12
2025-10-14,9:42:31.095170729,T,KO,F,100,67.12
2025-10-14,9:42:31.095178931,T,KO,F,100,67.12
2025-10-14,9:42:31.095218648,T,KO,,100,67.11
2025-10-14,9:42:31.095218648,T,KO,I,25,67.11
2025-10-14,9:42:31.095223962,T,KO,,200,67.11
2025-10-14,9:42:31.095223962,T,KO,,175,67.11
2025-10-14,9:42:31.095242016,T,KO,I,25,67.11
2025-10-14,9:42:31.095432333,T,KO,I,66,67.11
2025-10-14,9:42:31.095437775,T,KO,I,66,67.11
2025-10-14,9:42:31.095437775,T,KO,,100,67.12
2025-10-14,9:42:31.095437775,T,KO,,100,67.12
2025-10-14,9:42:31.095441346,T,KO,I,66,67.12
2025-10-14,9:42:31.095441346,T,KO,I,47,67.12
2025-10-14,9:42:31.095444440,T,KO,I,1,67.12
2025-10-14,9:42:31.095444440,T,KO,,200,67.12
2025-10-14,9:42:31.095447337,T,KO,,200,67.12
2025-10-14,9:42:31.095447337,T,KO,,100,67.12
2025-10-14,9:42:31.095449544,T,KO,I,17,67.12
2025-10-14,9:42:31.095459153,T,KO,F,200,67.11
2025-10-14,9:42:31.095459153,T,KO,F,200,67.11
2025-10-14,9:42:31.103947756,T,KO,F,100,67.11
2025-10-14,9:42:31.103950798,T,KO,F I,66,67.11
2025-10-14,9:42:31.103972270,T,KO,I,1,67.11
2025-10-14,9:42:31.107247053,T,KO,I,15,67.11
2025-10-14,9:42:31.107247053,T,KO,I,24,67.11
2025-10-14,9:42:31.107250277,T,KO,I,11,67.11
2025-10-14,9:42:31.118974617,T,KO,I,50,67.11
2025-10-14,9:42:31.134569721,T,KO,I,5,67.11
2025-10-14,9:42:31.134572710,T,KO,I,1,67.11
2025-10-14,9:42:31.134575685,T,KO,I,15,67.11
2025-10-14,9:42:31.134578803,T,KO,I,11,67.11
2025-10-14,9:42:31.134578803,T,KO,I,18,67.11
2025-10-14,9:42:43.126113683,T,KO,F I,39,67.1
2025-10-14,9:42:43.126116683,T,KO,F,300,67.1
2025-10-14,9:42:43.127487926,T,KO,I,2,67.095
2025-10-14,9:42:43.127849532,T,KO,I,2,67.095
2025-10-14,9:42:43.127851808,T,KO,I,3,67.095
2025-10-14,9:42:43.128137442,T,KO,I,1,67.095
2025-10-14,9:42:45.271315678,T,KO,F,259,67.1
2025-10-14,9:42:45.271338991,T,KO,I,1,67.1
2025-10-14,9:42:45.271345039,T,KO,F I,40,67.1
2025-10-14,9:42:45.271345039,T,KO,F I,1,67.1
2025-10-14,9:42:45.271354083,T,KO,F I,41,67.1
2025-10-14,9:42:45.271354083,T,KO,F I,41,67.1
2025-10-14,9:42:45.271360058,T,KO,F I,17,67.1
2025-10-14,9:42:45.770528262,T,KO,I,5,67.11
2025-10-14,9:42:45.770530991,T,KO,I,4,67.11
2025-10-14,9:42:52.806605209,T,KO,I,60,67.11
2025-10-14,9:42:53.126720599,T,KO,I,40,67.11
2025-10-14,9:42:54.278454951,T,KO,F,100,67.11
2025-10-14,9:42:54.278454951,T,KO,F,100,67.11
2025-10-14,9:42:54.278458406,T,KO,F I,5,67.11
2025-10-14,9:42:55.935172794,T,KO,,100,67.115
2025-10-14,9:43:00.077986927,T,KO,I,1,67.125
2025-10-14,9:43:00.141732765,T,KO,F I,7,67.13
2025-10-14,9:43:00.141925232,T,KO,,191,67.13
2025-10-14,9:43:00.345001828,T,KO,I,2,67.14
2025-10-14,9:43:02.783347610,T,KO,I,98,67.14
2025-10-14,9:43:03.600507821,T,KO,I,29,67.12
2025-10-14,9:43:05.766483966,T,KO,F,271,67.12
2025-10-14,9:43:05.766489076,T,KO,F,100,67.12
2025-10-14,9:43:05.766489076,T,KO,F,200,67.12
2025-10-14,9:43:05.767192390,T,KO,,100,67.11
2025-10-14,9:43:05.767192390,T,KO,,100,67.11
2025-10-14,9:43:05.859370967,T,KO,F I,21,67.09
2025-10-14,9:43:10.252618756,T,KO,F,100,67.08
2025-10-14,9:43:10.252618756,T,KO,F I,25,67.08
2025-10-14,9:43:10.848698595,T,KO,F I,30,67.07
2025-10-14,9:43:12.511118165,T,KO,I,98,67.06
2025-10-14,9:43:12.511133162,T,KO,I,1,67.06
2025-10-14,9:43:12.511154408,T,KO,I,1,67.06
2025-10-14,9:43:12.511157259,T,KO,I,12,67.06
2025-10-14,9:43:15.202251925,T,KO,,200,67.055
2025-10-14,9:43:17.913269065,T,KO,F,200,67.06
2025-10-14,9:43:17.913271954,T,KO,F I,10,67.06
2025-10-14,9:43:17.913494503,T,KO,I,22,67.06
2025-10-14,9:43:19.298599641,T,KO,,100,67.06
2025-10-14,9:43:19.936945017,T,KO,F I,5,67.05
2025-10-14,9:43:19.936948036,T,KO,F,200,67.05
2025-10-14,9:43:19.936950973,T,KO,F I,31,67.05
2025-10-14,9:43:19.936950973,T,KO,F,100,67.05
2025-10-14,9:43:19.989101268,T,KO,I,25,67.05
2025-10-14,9:43:19.990688955,T,KO,,200,67.05
2025-10-14,9:43:19.994433021,T,KO,I,71,67.05
2025-10-14,9:43:19.994433021,T,KO,I,2,67.05
2025-10-14,9:43:19.994763676,T,KO,F I,20,67.05
2025-10-14,9:43:20.047726130,T,KO,F I,49,67.05
2025-10-14,9:43:20.047726130,T,KO,F I,2,67.05
2025-10-14,9:43:20.047730023,T,KO,F I,20,67.05
2025-10-14,9:43:20.047730023,T,KO,F,100,67.05
2025-10-14,9:43:20.047731946,T,KO,F,100,67.05
2025-10-14,9:43:20.063663801,T,KO,,200,67.06
2025-10-14,9:43:20.063723981,T,KO,,200,67.06
2025-10-14,9:43:20.097142666,T,KO,,100,67.06
2025-10-14,9:43:20.097181672,T,KO,I,59,67.06
2025-10-14,9:43:20.102980114,T,KO,I,41,67.06
2025-10-14,9:43:20.102982509,T,KO,I,59,67.06
2025-10-14,9:43:20.112431281,T,KO,I,41,67.06
2025-10-14,9:43:20.112431281,T,KO,I,59,67.06
2025-10-14,9:43:20.158215003,T,KO,F,100,67.07
2025-10-14,9:43:20.158218030,T,KO,F I,61,67.07
2025-10-14,9:43:20.779335478,T,KO,,200,67.065
2025-10-14,9:43:21.520498720,T,KO,F,100,67.07
2025-10-14,9:43:21.520637075,T,KO,F,100,67.07
2025-10-14,9:43:27.789686627,T,KO,I,5,67.08
2025-10-14,9:43:29.510488042,T,KO,,100,67.07
2025-10-14,9:43:29.510491048,T,KO,,100,67.07
2025-10-14,9:43:29.510491048,T,KO,,100,67.07
2025-10-14,9:43:29.510493423,T,KO,,300,67.07
2025-10-14,9:43:29.510496216,T,KO,,100,67.07
2025-10-14,9:43:29.510502664,T,KO,I,1,67.07
2025-10-14,9:43:29.510508432,T,KO,I,99,67.07
2025-10-14,9:43:30.924906189,T,KO,,100,67.065
2025-10-14,9:43:33.871495234,T,KO,,100,67.065
2025-10-14,9:43:40.352408331,T,KO,F I,29,67.07
2025-10-14,9:43:40.532792889,T,KO,I,50,67.07
2025-10-14,9:43:40.546887420,T,KO,I,21,67.07
2025-10-14,9:43:40.546891308,T,KO,I,29,67.07
2025-10-14,9:43:40.580128693,T,KO,I,50,67.07
2025-10-14,9:43:43.299168859,T,KO,F,100,67.07
2025-10-14,9:43:44.461470099,T,KO,I,6,67.075
2025-10-14,9:43:45.888431828,T,KO,F I,50,67.07
2025-10-14,9:43:45.888434829,T,KO,F I,98,67.07
2025-10-14,9:43:45.888437867,T,KO,F,100,67.07
2025-10-14,9:43:45.888437867,T,KO,F I,50,67.07
2025-10-14,9:43:45.888440891,T,KO,F,300,67.07
2025-10-14,9:43:48.919931305,T,KO,F,100,67.07
2025-10-14,9:43:48.919934216,T,KO,F I,1,67.07
2025-10-14,9:43:54.387713348,T,KO,F I,6,67.08
2025-10-14,9:43:54.387716307,T,KO,F I,1,67.08
2025-10-14,9:43:54.387719605,T,KO,F I,5,67.08
2025-10-14,9:43:54.387740288,T,KO,F I,95,67.08
2025-10-14,9:43:54.388044042,T,KO,F,100,67.08
2025-10-14,9:43:54.854887918,T,KO,I,18,67.09
2025-10-14,9:43:54.855597674,T,KO,F,182,67.09
2025-10-14,9:43:56.658722277,T,KO,I,3,67.1
2025-10-14,9:43:56.658803505,T,KO,I,4,67.1
2025-10-14,9:43:57.947733393,T,KO,I,12,67.095
2025-10-14,9:43:57.948151719,T,KO,F,100,67.09
2025-10-14,9:43:57.948151719,T,KO,F I,45,67.09
2025-10-14,9:43:57.948154445,T,KO,F,300,67.09
2025-10-14,9:44:03.400690286,T,KO,,100,67.085
2025-10-14,9:44:04.490573060,T,KO,,100,67.085
2025-10-14,9:44:11.811152093,T,KO,F I,8,67.08
2025-10-14,9:44:11.811158102,T,KO,F I,92,67.08
2025-10-14,9:44:11.811158102,T,KO,F I,10,67.08
2025-10-14,9:44:11.811161070,T,KO,F,100,67.08
2025-10-14,9:44:13.255771827,T,KO,F I,2,67.07
2025-10-14,9:44:13.255825975,T,KO,I,63,67.07
2025-10-14,9:44:13.255825975,T,KO,I,4,67.07
2025-10-14,9:44:16.560832966,T,KO,F I,5,67.08
2025-10-14,9:44:16.560832966,T,KO,F I,4,67.08
2025-10-14,9:44:16.560835851,T,KO,F I,82,67.08
2025-10-14,9:44:17.621507196,T,KO,I,15,67.09
2025-10-14,9:44:17.621525222,T,KO,I,1,67.09
2025-10-14,9:44:17.663072201,T,KO,I,50,67.09
2025-10-14,9:44:17.663099277,T,KO,I,13,67.09
2025-10-14,9:44:17.663102238,T,KO,,100,67.09
2025-10-14,9:44:17.663123403,T,KO,I,1,67.09
2025-10-14,9:44:18.143424250,T,KO,I,10,67.085
2025-10-14,9:44:19.552219612,T,KO,,189,67.085
2025-10-14,9:44:26.523751269,T,KO,I,10,67.085
2025-10-14,9:44:30.424928731,T,KO,F,100,67.09
2025-10-14,9:44:30.424928731,T,KO,F I,82,67.09
2025-10-14,9:44:30.424934091,T,KO,F I,5,67.09
2025-10-14,9:44:30.424934091,T,KO,,100,67.09
2025-10-14,9:44:31.980848810,T,KO,F,100,67.09
2025-10-14,9:44:31.980851861,T,KO,F,100,67.09
2025-10-14,9:44:31.980851861,T,KO,F,100,67.09
2025-10-14,9:44:31.981483411,T,KO,,100,67.09
2025-10-14,9:44:32.300690658,T,KO,,100,67.085
2025-10-14,9:44:32.322080615,T,KO,,100,67.085
2025-10-14,9:44:33.589698746,T,KO,F I,3,67.08
2025-10-14,9:44:38.467171762,T,KO,F I,50,67.09
2025-10-14,9:44:38.467171762,T,KO,F I,75,67.09
2025-10-14,9:44:39.320216495,T,KO,F I,25,67.09
2025-10-14,9:44:39.331045340,T,KO,I,10,67.095
2025-10-14,9:44:44.143844168,T,KO,F I,22,67.1
2025-10-14,9:44:44.143847170,T,KO,F,100,67.1
2025-10-14,9:44:44.143849698,T,KO,F,100,67.1
2025-10-14,9:44:44.143849698,T,KO,F I,5,67.1
2025-10-14,9:44:44.467194517,T,KO,F,100,67.11
2025-10-14,9:44:46.797625139,T,KO,,100,67.115
2025-10-14,9:44:46.817373178,T,KO,,100,67.115
2025-10-14,9:44:48.298493806,T,KO,,100,67.115
2025-10-14,9:44:48.326821330,T,KO,,100,67.115
2025-10-14,9:44:52.879956991,T,KO,F,100,67.11
2025-10-14,9:44:52.879956991,T,KO,F,100,67.11
2025-10-14,9:44:52.880477190,T,KO,F I,62,67.11
2025-10-14,9:44:52.880486257,T,KO,F I,38,67.11
2025-10-14,9:45:00.012720751,T,KO,I,5,67.1
2025-10-14,9:45:00.012720751,T,KO,,300,67.1
2025-10-14,9:45:01.818614909,T,KO,F I,1,67.09
2025-10-14,9:45:02.662752533,T,KO,F,100,67.09
2025-10-14,9:45:02.662756250,T,KO,F I,25,67.09
2025-10-14,9:45:02.662756250,T,KO,F I,6,67.09
2025-10-14,9:45:03.980033975,T,KO,I,14,67.1
2025-10-14,9:45:05.307455490,T,KO,,100,67.09
2025-10-14,9:45:07.109407300,T,KO,I,50,67.09
2025-10-14,9:45:08.377684170,T,KO,,186,67.095
2025-10-14,9:45:09.580486034,T,KO,I,6,67.1
2025-10-14,9:45:11.101129742,T,KO,,100,67.095
2025-10-14,9:45:13.403172869,T,KO,I,12,67.08
2025-10-14,9:45:13.403996734,T,KO,I,88,67.08
2025-10-14,9:45:14.773660185,T,KO,F,100,67.06
2025-10-14,9:45:14.774450976,T,KO,F I,3,67.05
2025-10-14,9:45:14.781629071,T,KO,F,175,67.05
2025-10-14,9:45:14.781668098,T,KO,F I,25,67.05
2025-10-14,9:45:14.811640543,T,KO,I,75,67.05
2025-10-14,9:45:14.811643564,T,KO,I,1,67.05
2025-10-14,9:45:16.199311025,T,KO,F,100,67.05
2025-10-14,9:45:16.199328786,T,KO,I,6,67.05
2025-10-14,9:45:16.199334629,T,KO,F I,69,67.05
2025-10-14,9:45:16.503124177,T,KO,I,84,67.05
2025-10-14,9:45:17.956338379,T,KO,I,50,67.035
2025-10-14,9:45:18.595390526,T,KO,I,65,67.035
2025-10-14,9:45:18.737364721,T,KO,,100,67.035
2025-10-14,9:45:18.870016638,T,KO,,100,67.035
2025-10-14,9:45:20.141766832,T,KO,I,4,67.03
2025-10-14,9:45:20.141772687,T,KO,,100,67.03
2025-10-14,9:45:20.141772687,T,KO,I,68,67.03
2025-10-14,9:45:20.141781743,T,KO,I,1,67.03
2025-10-14,9:45:20.141802745,T,KO,I,22,67.03
2025-10-14,9:45:20.141923077,T,KO,I,22,67.03
2025-10-14,9:45:23.468112472,T,KO,I,7,67.03
2025-10-14,9:45:23.468112472,T,KO,,100,67.03
2025-10-14,9:45:28.098113952,T,KO,F,100,67.02
2025-10-14,9:45:28.098132022,T,KO,I,1,67.02
2025-10-14,9:45:29.997389716,T,KO,F I,72,67.01
2025-10-14,9:45:29.997404664,T,KO,F,200,67.01
2025-10-14,9:45:35.276045288,T,KO,I,51,67.0
2025-10-14,9:45:35.276060349,T,KO,I,73,67.0
2025-10-14,9:45:35.276148229,T,KO,F,176,67.0
2025-10-14,9:45:35.276150856,T,KO,F,100,67.0
2025-10-14,9:45:35.821652733,T,KO,I,12,66.99
2025-10-14,9:45:35.826455255,T,KO,I,6,66.995
2025-10-14,9:45:41.841114014,T,KO,F I,3,66.98
2025-10-14,9:45:41.841114014,T,KO,F,200,66.98
2025-10-14,9:45:41.841116774,T,KO,F,100,66.98
2025-10-14,9:45:41.841122874,T,KO,F I,43,66.98
2025-10-14,9:45:41.841134894,T,KO,I,1,66.98
2025-10-14,9:45:41.841146992,T,KO,F I,99,66.98
2025-10-14,9:45:41.841149844,T,KO,F,100,66.98
2025-10-14,9:45:50.915536473,T,KO,,205,66.98
2025-10-14,9:45:50.915536473,T,KO,,100,66.98
2025-10-14,9:45:50.915539597,T,KO,I,1,66.98
2025-10-14,9:45:50.915542184,T,KO,I,4,66.98
2025-10-14,9:45:50.915542184,T,KO,I,34,66.98
2025-10-14,9:45:50.916191813,T,KO,,100,66.98
2025-10-14,9:45:50.916194978,T,KO,,100,66.98
2025-10-14,9:45:50.916194978,T,KO,I,5,66.98
2025-10-14,9:45:51.705298086,T,KO,I,3,66.99
2025-10-14,9:45:51.705301277,T,KO,I,4,66.99
2025-10-14,9:45:51.705304105,T,KO,I,75,66.99
2025-10-14,9:45:51.705319215,T,KO,I,1,66.99
2025-10-14,9:45:52.951529337,T,KO,I,1,66.98
2025-10-14,9:45:54.657576858,T,KO,F I,41,66.985
2025-10-14,9:45:56.106403736,T,KO,I,24,66.99
2025-10-14,9:45:56.106403736,T,KO,,205,66.99
2025-10-14,9:45:56.106410211,T,KO,I,1,66.99
2025-10-14,9:45:56.106410211,T,KO,I,25,66.99
2025-10-14,9:45:57.657140078,T,KO,,100,67.035
2025-10-14,9:45:58.978962476,T,KO,,100,67.045
2025-10-14,9:46:01.488529715,T,KO,F,200,67.04
2025-10-14,9:46:01.578236333,T,KO,,100,67.045
2025-10-14,9:46:02.813247953,T,KO,F,100,67.05
2025-10-14,9:46:05.224995011,T,KO,F,100,67.05
2025-10-14,9:46:05.224995011,T,KO,F,117,67.05
2025-10-14,9:46:06.757646529,T,KO,I,3,67.03
2025-10-14,9:46:06.760022172,T,KO,I,2,67.03
2025-10-14,9:46:12.691283188,T,KO,I,25,67.02
2025-10-14,9:46:12.691283188,T,KO,I,25,67.02
2025-10-14,9:46:12.691499689,T,KO,I,50,67.025
2025-10-14,9:46:16.288841731,T,KO,,141,67.01
2025-10-14,9:46:18.689520115,T,KO,F I,1,67.02
2025-10-14,9:46:18.689520115,T,KO,F I,8,67.02
2025-10-14,9:46:19.326265306,T,KO,F I,6,67.03
2025-10-14,9:46:26.003711507,T,KO,I,1,67.03
2025-10-14,9:46:26.195724907,T,KO,,100,67.03
2025-10-14,9:46:31.335302335,T,KO,F I,5,67.04
2025-10-14,9:46:31.335302335,T,KO,F I,5,67.04
2025-10-14,9:46:39.286266575,T,KO,F,100,67.05
2025-10-14,9:46:39.286266575,T,KO,F I,5,67.05
2025-10-14,9:46:39.375603401,T,KO,F,111,67.06
2025-10-14,9:46:40.070922426,T,KO,,100,67.07
2025-10-14,9:46:46.091339720,T,KO,I,5,67.07
2025-10-14,9:46:46.091399827,T,KO,I,21,67.07
2025-10-14,9:46:46.091712626,T,KO,I,42,67.07
2025-10-14,9:46:46.413894020,T,KO,,100,67.07
2025-10-14,9:46:46.413912049,T,KO,I,1,67.07
2025-10-14,9:46:46.413924377,T,KO,F I,20,67.07
2025-10-14,9:46:46.413927681,T,KO,F I,21,67.07
2025-10-14,9:46:46.413927681,T,KO,F I,21,67.07
2025-10-14,9:46:55.228296212,T,KO,F,135,67.06
2025-10-14,9:46:55.228296212,T,KO,F,100,67.06
2025-10-14,9:46:55.228299103,T,KO,F,300,67.06
2025-10-14,9:46:57.566614462,T,KO,F I,1,67.06
2025-10-14,9:46:57.566614462,T,KO,F,100,67.06
2025-10-14,9:47:01.767918130,T,KO,F I,22,67.06
2025-10-14,9:47:01.768267416,T,KO,I,25,67.06
2025-10-14,9:47:01.768270692,T,KO,,100,67.06
2025-10-14,9:47:01.768270692,T,KO,I,60,67.06
2025-10-14,9:47:01.768274253,T,KO,,100,67.06
2025-10-14,9:47:01.768279053,T,KO,I,49,67.06
2025-10-14,9:47:01.768279053,T,KO,,200,67.06
2025-10-14,9:47:01.768324782,T,KO,I,60,67.06
2025-10-14,9:47:01.768348200,T,KO,I,49,67.06
2025-10-14,9:47:01.768348200,T,KO,I,59,67.06
2025-10-14,9:47:01.780600515,T,KO,F,100,67.05
2025-10-14,9:47:01.780600515,T,KO,F,100,67.05
2025-10-14,9:47:01.780602297,T,KO,F I,25,67.05
2025-10-14,9:47:01.780605391,T,KO,F I,60,67.05
2025-10-14,9:47:01.817434209,T,KO,,100,67.045
2025-10-14,9:47:02.719979736,T,KO,,100,67.045
2025-10-14,9:47:03.857075272,T,KO,I,13,67.05
2025-10-14,9:47:03.857078430,T,KO,I,59,67.05
2025-10-14,9:47:03.857078430,T,KO,I,1,67.05
2025-10-14,9:47:05.479824065,T,KO,I,25,67.065
2025-10-14,9:47:05.479839080,T,KO,I,2,67.065
2025-10-14,9:47:05.479842060,T,KO,I,73,67.065
2025-10-14,9:47:18.055554793,T,KO,F,117,67.07
2025-10-14,9:47:18.055572727,T,KO,F I,98,67.07
2025-10-14,9:47:18.055579554,T,KO,F I,2,67.07
2025-10-14,9:47:20.122507505,T,KO,,100,67.06
2025-10-14,9:47:20.122521820,T,KO,I,1,67.06
2025-10-14,9:47:24.597457095,T,KO,I,1,67.07
2025-10-14,9:47:24.597457095,T,KO,I,14,67.07
2025-10-14,9:47:24.597459099,T,KO,F I,50,67.07
2025-10-14,9:47:24.603873355,T,KO,F I,11,67.08
2025-10-14,9:47:24.603873355,T,KO,F I,2,67.08
2025-10-14,9:47:25.596501546,T,KO,F,100,67.09
2025-10-14,9:47:25.796814628,T,KO,F,100,67.09
2025-10-14,9:47:30.132737250,T,KO,F I,5,67.08
2025-10-14,9:47:30.132737250,T,KO,F I,20,67.08
2025-10-14,9:47:32.439840997,T,KO,F,199,67.06
2025-10-14,9:47:32.439840997,T,KO,F I,22,67.06
2025-10-14,9:47:32.439970389,T,KO,F I,78,67.06
2025-10-14,9:47:35.441079266,T,KO,,200,67.05
2025-10-14,9:47:35.684406762,T,KO,F I,1,67.05
2025-10-14,9:47:35.684418757,T,KO,F I,1,67.05
2025-10-14,9:47:35.982910868,T,KO,,100,67.05
2025-10-14,9:47:35.982912753,T,KO,I,25,67.05
2025-10-14,9:47:43.166960585,T,KO,,100,67.06
2025-10-14,9:47:46.756601346,T,KO,F I,5,67.06
2025-10-14,9:47:51.730105054,T,KO,F I,10,67.05
2025-10-14,9:47:56.657833880,T,KO,F I,80,67.04
2025-10-14,9:47:56.657857963,T,KO,I,20,67.04
2025-10-14,9:47:56.657864330,T,KO,I,79,67.04
2025-10-14,9:47:56.657864330,T,KO,I,21,67.04
2025-10-14,9:47:56.658156326,T,KO,F I,12,67.04
2025-10-14,9:47:58.207596625,T,KO,F I,10,67.03
2025-10-14,9:47:58.207599592,T,KO,F I,25,67.03
2025-10-14,9:47:58.207603049,T,KO,F,200,67.03
2025-10-14,9:47:58.320178280,T,KO,F I,1,67.02
2025-10-14,9:48:03.483740721,T,KO,I,1,67.02
2025-10-14,9:48:04.926066111,T,KO,,100,67.03
2025-10-14,9:48:04.976941161,T,KO,I,1,67.035
2025-10-14,9:48:08.331412925,T,KO,I,13,67.04
2025-10-14,9:48:08.331452185,T,KO,I,87,67.04
2025-10-14,9:48:08.331509061,T,KO,,164,67.04
2025-10-14,9:48:08.331509061,T,KO,,100,67.04
2025-10-14,9:48:12.784584302,T,KO,I,7,67.05
2025-10-14,9:48:12.784584302,T,KO,I,1,67.05
2025-10-14,9:48:14.214568109,T,KO,F I,5,67.05
2025-10-14,9:48:14.917417205,T,KO,I,15,67.05
2025-10-14,9:48:19.368303354,T,KO,,100,67.05
2025-10-14,9:48:21.380741396,T,KO,F,100,67.05
2025-10-14,9:48:24.460794475,T,KO,F I,2,67.05
2025-10-14,9:48:24.460797499,T,KO,F I,1,67.05
2025-10-14,9:48:25.270370941,T,KO,F I,1,67.06
2025-10-14,9:48:25.270370941,T,KO,F I,21,67.06
2025-10-14,9:48:25.270373670,T,KO,F I,1,67.06
2025-10-14,9:48:25.270376749,T,KO,F,100,67.06
2025-10-14,9:48:27.880290029,T,KO,,100,67.065
2025-10-14,9:48:27.882927318,T,KO,,139,67.065
2025-10-14,9:48:28.194141558,T,KO,,369,67.065
2025-10-14,9:48:28.245819581,T,KO,,100,67.065
2025-10-14,9:48:28.569212909,T,KO,,113,67.065
2025-10-14,9:48:28.810525717,T,KO,,100,67.065
2025-10-14,9:48:29.437381093,T,KO,,100,67.065
2025-10-14,9:48:29.437651270,T,KO,,100,67.065
2025-10-14,9:48:29.437663297,T,KO,F,100,67.07
2025-10-14,9:48:29.437666392,T,KO,F I,5,67.07
2025-10-14,9:48:29.437666392,T,KO,F I,25,67.07
2025-10-14,9:48:29.437690384,T,KO,F,130,67.07
2025-10-14,9:48:29.437693398,T,KO,I,1,67.07
2025-10-14,9:48:35.752987116,T,KO,I,4,67.07
2025-10-14,9:48:37.595863378,T,KO,F I,1,67.08
2025-10-14,9:48:37.616357156,T,KO,,100,67.085
2025-10-14,9:48:42.424824885,T,KO,F I,4,67.1
2025-10-14,9:48:42.424827876,T,KO,F I,5,67.1
2025-10-14,9:48:42.492155470,T,KO,F,100,67.115
2025-10-14,9:48:42.492158574,T,KO,F,200,67.12
2025-10-14,9:48:42.492158574,T,KO,F,125,67.12
2025-10-14,9:48:42.495463215,T,KO,F,100,67.13
2025-10-14,9:48:42.558198522,T,KO,,100,67.135
2025-10-14,9:48:42.681170454,T,KO,,100,67.14
2025-10-14,9:48:42.681173438,T,KO,,100,67.14
2025-10-14,9:48:42.681176506,T,KO,,200,67.14
2025-10-14,9:48:42.864318813,T,KO,I,59,67.14
2025-10-14,9:48:42.864378890,T,KO,F,100,67.14
2025-10-14,9:48:42.864399912,T,KO,I,1,67.14
2025-10-14,9:48:42.864412534,T,KO,F I,99,67.14
2025-10-14,9:48:42.864415644,T,KO,F I,59,67.14
2025-10-14,9:48:42.864418266,T,KO,F I,1,67.14
2025-10-14,9:48:42.864418266,T,KO,F I,58,67.14
2025-10-14,9:48:42.864421512,T,KO,F I,3,67.14
2025-10-14,9:48:42.864424481,T,KO,F I,59,67.14
2025-10-14,9:48:42.864427516,T,KO,I,1,67.14
2025-10-14,9:48:42.864802832,T,KO,I,2,67.14
2025-10-14,9:48:42.951300817,T,KO,I,59,67.14
2025-10-14,9:48:42.951304046,T,KO,I,1,67.14
2025-10-14,9:48:42.951306935,T,KO,I,57,67.14
2025-10-14,9:48:42.951306935,T,KO,I,1,67.14
2025-10-14,9:48:43.829040545,T,KO,F I,57,67.14
2025-10-14,9:48:43.829043641,T,KO,F I,1,67.14
2025-10-14,9:48:43.829050177,T,KO,F I,1,67.14
2025-10-14,9:48:43.829050177,T,KO,F I,25,67.14
2025-10-14,9:48:43.829055434,T,KO,F,200,67.14
2025-10-14,9:48:43.829055434,T,KO,F,200,67.14
2025-10-14,9:48:45.423801856,T,KO,I,25,67.15
2025-10-14,9:48:45.423898100,T,KO,F I,60,67.15
2025-10-14,9:48:45.423901061,T,KO,F,100,67.15
2025-10-14,9:48:45.423901061,T,KO,F I,48,67.15
2025-10-14,9:48:47.282619094,T,KO,,141,67.155
2025-10-14,9:48:47.971641165,T,KO,,100,67.155
2025-10-14,9:48:47.972973359,T,KO,,168,67.155
2025-10-14,9:48:47.983041409,T,KO,,100,67.155
2025-10-14,9:48:47.997782494,T,KO,,100,67.155
2025-10-14,9:48:48.010680176,T,KO,,100,67.155
2025-10-14,9:48:48.300486407,T,KO,,100,67.155
2025-10-14,9:48:48.313339059,T,KO,,100,67.155
2025-10-14,9:48:48.458786541,T,KO,,101,67.155
2025-10-14,9:48:48.975498830,T,KO,F I,48,67.15
2025-10-14,9:48:48.975498830,T,KO,F I,60,67.15
2025-10-14,9:48:48.975504200,T,KO,F,100,67.15
2025-10-14,9:48:48.975504200,T,KO,F,100,67.15
2025-10-14,9:48:48.976788295,T,KO,,100,67.145
2025-10-14,9:48:48.976827954,T,KO,I,25,67.15
2025-10-14,9:48:48.976831144,T,KO,I,61,67.15
2025-10-14,9:48:48.976833349,T,KO,,100,67.15
2025-10-14,9:48:48.976836803,T,KO,,100,67.15
2025-10-14,9:48:48.976839484,T,KO,I,1,67.15
2025-10-14,9:48:48.976839484,T,KO,,200,67.15
2025-10-14,9:48:48.976843139,T,KO,,200,67.15
2025-10-14,9:48:48.976843139,T,KO,I,65,67.15
2025-10-14,9:48:48.976845719,T,KO,I,1,67.15
2025-10-14,9:48:48.986113479,T,KO,I,1,67.15
2025-10-14,9:48:48.987310261,T,KO,,200,67.145
2025-10-14,9:48:48.989078552,T,KO,,161,67.145
2025-10-14,9:48:49.005365353,T,KO,,100,67.145
2025-10-14,9:48:49.017598460,T,KO,,100,67.145
2025-10-14,9:48:49.129281450,T,KO,,108,67.145
2025-10-14,9:48:51.776411299,T,KO,,100,67.145
2025-10-14,9:48:56.605436037,T,KO,F,100,67.15
2025-10-14,9:49:01.113371030,T,KO,,100,67.15
2025-10-14,9:49:01.113373934,T,KO,I,68,67.15
2025-10-14,9:49:01.113373934,T,KO,I,1,67.15
2025-10-14,9:49:01.113376901,T,KO,I,25,67.15
2025-10-14,9:49:01.121018100,T,KO,F I,55,67.15
2025-10-14,9:49:01.121021072,T,KO,F,100,67.15
2025-10-14,9:49:01.121024089,T,KO,F I,1,67.15
2025-10-14,9:49:01.752378608,T,KO,F,100,67.15
2025-10-14,9:49:01.752381585,T,KO,F I,68,67.15
2025-10-14,9:49:01.752381585,T,KO,F I,9,67.15
2025-10-14,9:49:03.198828907,T,KO,F I,5,67.14
2025-10-14,9:49:03.198831919,T,KO,F I,67,67.14
2025-10-14,9:49:03.198831919,T,KO,F I,2,67.14
2025-10-14,9:49:03.634518651,T,KO,F,100,67.14
2025-10-14,9:49:07.213778709,T,KO,F I,13,67.14
2025-10-14,9:49:07.213782297,T,KO,F I,2,67.14
2025-10-14,9:49:07.213784806,T,KO,F I,18,67.14
2025-10-14,9:49:07.265048318,T,KO,F I,54,67.14
2025-10-14,9:49:07.265050802,T,KO,F I,15,67.14
2025-10-14,9:49:10.035195145,T,KO,F,200,67.15
2025-10-14,9:49:10.035195145,T,KO,F I,1,67.15
2025-10-14,9:49:10.035195145,T,KO,F I,23,67.15
2025-10-14,9:49:10.035198004,T,KO,F I,70,67.15
2025-10-14,9:49:10.081408818,T,KO,F I,15,67.16
2025-10-14,9:49:10.081790745,T,KO,F I,7,67.16
2025-10-14,9:49:12.034040593,T,KO,I,17,67.165
2025-10-14,9:49:20.486025318,T,KO,I,39,67.16
2025-10-14,9:49:20.486025318,T,KO,I,54,67.16
2025-10-14,9:49:20.486031260,T,KO,,100,67.16
2025-10-14,9:49:20.486031260,T,KO,,100,67.16
2025-10-14,9:49:20.486034408,T,KO,F,100,67.16
2025-10-14,9:49:21.323117109,T,KO,F I,1,67.15
2025-10-14,9:49:21.323117109,T,KO,F I,10,67.15
2025-10-14,9:49:21.334956336,T,KO,I,29,67.155
2025-10-14,9:49:21.413849139,T,KO,F I,2,67.16
2025-10-14,9:49:24.000096224,T,KO,F I,10,67.17
2025-10-14,9:49:24.000096224,T,KO,F I,34,67.17
2025-10-14,9:49:24.000099261,T,KO,F I,1,67.17
2025-10-14,9:49:24.000102034,T,KO,F,100,67.17
2025-10-14,9:49:24.008007834,T,KO,I,21,67.175
2025-10-14,9:49:24.020379421,T,KO,,100,67.175
2025-10-14,9:49:27.206624315,T,KO,F I,12,67.18
2025-10-14,9:49:27.206624315,T,KO,F I,1,67.18
2025-10-14,9:49:27.216587052,T,KO,I,25,67.185
2025-10-14,9:49:27.219425852,T,KO,F I,8,67.19
2025-10-14,9:49:27.219425852,T,KO,F I,90,67.19
2025-10-14,9:49:27.219446845,T,KO,I,1,67.19
2025-10-14,9:49:27.219449894,T,KO,I,1,67.19
2025-10-14,9:49:27.237288364,T,KO,F I,8,67.19
2025-10-14,9:49:30.393919103,T,KO,F I,5,67.2
2025-10-14,9:49:30.393922136,T,KO,F,150,67.2
2025-10-14,9:49:30.393922136,T,KO,F,100,67.2
2025-10-14,9:49:30.393924801,T,KO,F,100,67.2
2025-10-14,9:49:31.290916263,T,KO,,100,67.205
2025-10-14,9:49:31.308072129,T,KO,,100,67.205
2025-10-14,9:49:31.832449013,T,KO,,100,67.205
2025-10-14,9:49:31.844441562,T,KO,,100,67.205
2025-10-14,9:49:32.942239262,T,KO,,100,67.205
2025-10-14,9:49:33.196642227,T,KO,,100,67.205
2025-10-14,9:49:33.197682820,T,KO,F,100,67.2
2025-10-14,9:49:36.428253306,T,KO,,100,67.19
2025-10-14,9:49:36.428253306,T,KO,,100,67.19
2025-10-14,9:49:46.052676612,T,KO,F I,1,67.19
2025-10-14,9:49:46.052676612,T,KO,F,100,67.19
2025-10-14,9:49:46.052682584,T,KO,F,100,67.19
2025-10-14,9:49:47.225944961,T,KO,F I,10,67.2
2025-10-14,9:49:47.225944961,T,KO,F,199,67.2
2025-10-14,9:49:49.673588815,T,KO,,100,67.21
2025-10-14,9:49:49.675378046,T,KO,,400,67.21
2025-10-14,9:49:49.675411143,T,KO,I,1,67.21
2025-10-14,9:49:49.675438363,T,KO,F I,46,67.21
2025-10-14,9:49:49.675441695,T,KO,F,100,67.21
2025-10-14,9:49:49.675462222,T,KO,I,1,67.21
2025-10-14,9:49:52.150083229,T,KO,F I,1,67.21
2025-10-14,9:49:52.150086349,T,KO,F I,46,67.21
2025-10-14,9:49:52.150086349,T,KO,F I,10,67.21
2025-10-14,9:49:54.160988341,T,KO,I,50,67.22
2025-10-14,9:49:54.161123357,T,KO,F I,8,67.23
2025-10-14,9:49:54.161123357,T,KO,F I,21,67.23
2025-10-14,9:49:54.161129242,T,KO,F,100,67.23
2025-10-14,9:49:54.161129242,T,KO,F I,7,67.23
2025-10-14,9:49:54.161132080,T,KO,F I,50,67.23
2025-10-14,9:50:00.013452333,T,KO,F I,10,67.23
2025-10-14,9:50:00.013452333,T,KO,F I,1,67.23
2025-10-14,9:50:02.147776564,T,KO,F,100,67.23
2025-10-14,9:50:02.148281741,T,KO,,100,67.23
2025-10-14,9:50:02.520935270,T,KO,,100,67.23
2025-10-14,9:50:06.025040441,T,KO,F I,10,67.22
2025-10-14,9:50:06.025043299,T,KO,F,100,67.22
2025-10-14,9:50:06.302980234,T,KO,F I,10,67.22
2025-10-14,9:50:13.256063788,T,KO,F I,18,67.22
2025-10-14,9:50:13.256065940,T,KO,F,300,67.22
2025-10-14,9:50:19.434693154,T,KO,,100,67.21
2025-10-14,9:50:19.435980186,T,KO,,400,67.21
2025-10-14,9:50:20.036229086,T,KO,F I,1,67.21
2025-10-14,9:50:20.036233896,T,KO,F I,12,67.21
2025-10-14,9:50:20.036233896,T,KO,F I,7,67.21
2025-10-14,9:50:24.601542708,T,KO,,100,67.2
2025-10-14,9:50:24.601542708,T,KO,,100,67.2
2025-10-14,9:50:24.601548710,T,KO,I,25,67.2
2025-10-14,9:50:24.601552383,T,KO,F,100,67.2
2025-10-14,9:50:24.601554714,T,KO,F I,88,67.2
2025-10-14,9:50:24.601554714,T,KO,I,12,67.2
2025-10-14,9:50:24.601560454,T,KO,,100,67.2
2025-10-14,9:50:27.442995179,T,KO,,100,67.19
2025-10-14,9:50:27.452515871,T,KO,,100,67.185
2025-10-14,9:50:31.514059423,T,KO,F I,1,67.18
2025-10-14,9:50:32.510899973,T,KO,F,100,67.19
2025-10-14,9:50:32.510899973,T,KO,F I,10,67.19
2025-10-14,9:50:32.510902823,T,KO,F I,2,67.19
2025-10-14,9:50:37.158246744,T,KO,F I,2,67.195
2025-10-14,9:50:37.158315924,T,KO,,100,67.195
2025-10-14,9:50:37.158315924,T,KO,I,30,67.195
2025-10-14,9:50:37.158424139,T,KO,F I,2,67.195
2025-10-14,9:50:37.159281375,T,KO,F I,2,67.19
2025-10-14,9:50:37.160108174,T,KO,F,100,67.19
2025-10-14,9:50:37.168711672,T,KO,I,1,67.185
2025-10-14,9:50:37.169535692,T,KO,,134,67.185
2025-10-14,9:50:44.547139459,T,KO,,100,67.18
2025-10-14,9:50:44.547470181,T,KO,I,1,67.18
2025-10-14,9:50:44.547491282,T,KO,F I,9,67.18
2025-10-14,9:50:44.547494241,T,KO,F I,1,67.18
2025-10-14,9:50:46.020964745,T,KO,I,3,67.18
2025-10-14,9:50:59.941146693,T,KO,,400,67.175
2025-10-14,9:50:59.941179756,T,KO,I,5,67.17
2025-10-14,9:50:59.941186544,T,KO,I,77,67.17
2025-10-14,9:50:59.941186544,T,KO,I,1,67.17
2025-10-14,9:50:59.941197837,T,KO,F I,83,67.17
2025-10-14,9:50:59.941206976,T,KO,I,17,67.17
2025-10-14,9:50:59.941209857,T,KO,I,7,67.17
2025-10-14,9:50:59.954132012,T,KO,I,93,67.17
2025-10-14,9:50:59.954132012,T,KO,I,7,67.17
2025-10-14,9:51:00.273038182,T,KO,F I,3,67.17
2025-10-14,9:51:00.273083391,T,KO,F I,1,67.17
2025-10-14,9:51:00.273468200,T,KO,F I,1,67.17
2025-10-14,9:51:00.287487701,T,KO,F,100,67.18
2025-10-14,9:51:00.287487701,T,KO,F I,10,67.18
2025-10-14,9:51:00.936818283,T,KO,F,100,67.18
2025-10-14,9:51:00.936818283,T,KO,F I,80,67.18
2025-10-14,9:51:00.936833839,T,KO,I,1,67.18
2025-10-14,9:51:00.936842247,T,KO,I,19,67.18
2025-10-14,9:51:03.623519476,T,KO,I,3,67.19
2025-10-14,9:51:03.623525431,T,KO,,100,67.19
2025-10-14,9:51:03.623528414,T,KO,I,10,67.19
2025-10-14,9:51:03.623531436,T,KO,,100,67.19
2025-10-14,9:51:03.632261952,T,KO,I,51,67.19
2025-10-14,9:51:03.632261952,T,KO,,100,67.19
2025-10-14,9:51:03.632267290,T,KO,,100,67.19
2025-10-14,9:51:03.632270253,T,KO,,200,67.19
2025-10-14,9:51:03.632270253,T,KO,I,25,67.19
2025-10-14,9:51:07.868228295,T,KO,F I,51,67.19
2025-10-14,9:51:07.869972488,T,KO,I,10,67.195
2025-10-14,9:51:07.884030899,T,KO,,100,67.19
2025-10-14,9:51:07.884030899,T,KO,I,50,67.19
2025-10-14,9:51:07.884033913,T,KO,,100,67.19
2025-10-14,9:51:10.475155630,T,KO,I,50,67.19
2025-10-14,9:51:10.475155630,T,KO,I,82,67.19
2025-10-14,9:51:10.475173490,T,KO,I,1,67.19
2025-10-14,9:51:10.475176548,T,KO,I,1,67.19
2025-10-14,9:51:10.489674019,T,KO,F I,16,67.19
2025-10-14,9:51:10.489677022,T,KO,F I,7,67.19
2025-10-14,9:51:16.491116093,T,KO,,100,67.195
2025-10-14,9:51:16.491479921,T,KO,,128,67.195
2025-10-14,9:51:20.321943310,T,KO,,100,67.18
2025-10-14,9:51:24.347219662,T,KO,,100,67.175
2025-10-14,9:51:24.347246643,T,KO,F,100,67.17
2025-10-14,9:51:24.347246643,T,KO,F,100,67.17
2025-10-14,9:51:24.347270760,T,KO,I,1,67.17
2025-10-14,9:51:25.255881760,T,KO,I,92,67.17
2025-10-14,9:51:25.255881760,T,KO,I,7,67.17
2025-10-14,9:51:25.667420977,T,KO,F,101,67.17
2025-10-14,9:51:25.667420977,T,KO,F I,1,67.17
2025-10-14,9:51:25.667420977,T,KO,F I,25,67.17
2025-10-14,9:51:25.667778762,T,KO,F I,10,67.17
2025-10-14,9:51:28.372186025,T,KO,,100,67.175
2025-10-14,9:51:28.383586249,T,KO,,100,67.17
2025-10-14,9:51:33.828694690,T,KO,I,1,67.17
2025-10-14,9:51:33.828715344,T,KO,I,1,67.17
2025-10-14,9:51:37.034551830,T,KO,,100,67.16
2025-10-14,9:51:37.038704733,T,KO,I,17,67.15
2025-10-14,9:51:49.236561331,T,KO,F,100,67.14
2025-10-14,9:51:49.236573285,T,KO,F,100,67.14
2025-10-14,9:52:10.136174706,T,KO,I,11,67.13
2025-10-14,9:52:10.136174706,T,KO,I,35,67.13
2025-10-14,9:52:10.136195951,T,KO,I,54,67.13
2025-10-14,9:52:10.136199540,T,KO,I,1,67.13
2025-10-14,9:52:10.136202554,T,KO,I,2,67.13
2025-10-14,9:52:10.136202554,T,KO,I,5,67.13
2025-10-14,9:52:10.136204749,T,KO,,100,67.13
2025-10-14,9:52:10.136208359,T,KO,I,45,67.13
2025-10-14,9:52:10.136211137,T,KO,F I,55,67.13
2025-10-14,9:52:12.907461409,T,KO,F I,70,67.12
2025-10-14,9:52:12.907494452,T,KO,I,1,67.12
2025-10-14,9:52:12.907503520,T,KO,F I,29,67.12
2025-10-14,9:52:12.907507215,T,KO,F,100,67.12
2025-10-14,9:52:12.907507215,T,KO,F I,5,67.12
2025-10-14,9:52:15.112318893,T,KO,,100,67.115
2025-10-14,9:52:15.127081073,T,KO,,100,67.115
2025-10-14,9:52:16.145820466,T,KO,I,14,67.11
2025-10-14,9:52:16.722389700,T,KO,F I,2,67.11
2025-10-14,9:52:19.834544229,T,KO,F,100,67.11
2025-10-14,9:52:19.834565216,T,KO,I,1,67.11
2025-10-14,9:52:21.278309972,T,KO,I,14,67.1
2025-10-14,9:52:21.570897802,T,KO,F I,80,67.1
2025-10-14,9:52:21.571586556,T,KO,F I,6,67.1
2025-10-14,9:52:21.571589439,T,KO,F I,33,67.1
2025-10-14,9:52:22.847423158,T,KO,I,99,67.1
2025-10-14,9:52:22.999399707,T,KO,F I,7,67.1
2025-10-14,9:52:24.260906759,T,KO,I,86,67.095
2025-10-14,9:52:28.031668962,T,KO,F,100,67.08
2025-10-14,9:52:28.031668962,T,KO,F,100,67.08
2025-10-14,9:52:32.126753604,T,KO,I,3,67.06
2025-10-14,9:52:32.127950519,T,KO,,100,67.06
2025-10-14,9:52:34.523179343,T,KO,,243,67.04
2025-10-14,9:52:36.245282115,T,KO,F I,1,67.04
2025-10-14,9:52:36.245285062,T,KO,F,100,67.04
2025-10-14,9:52:38.203386915,T,KO,I,1,67.05
2025-10-14,9:52:38.888039478,T,KO,I,5,67.055
2025-10-14,9:52:42.182786029,T,KO,,100,67.06
2025-10-14,9:52:42.182786029,T,KO,I,3,67.06
2025-10-14,9:52:42.182789067,T,KO,I,10,67.06
2025-10-14,9:52:48.621740213,T,KO,F,100,67.07
2025-10-14,9:52:48.621742667,T,KO,F I,1,67.07
2025-10-14,9:52:48.621745645,T,KO,F I,10,67.07
2025-10-14,9:52:56.516683476,T,KO,F,100,67.07
2025-10-14,9:53:00.687762023,T,KO,F I,6,67.06
2025-10-14,9:53:00.687780149,T,KO,F,100,67.06
2025-10-14,9:53:00.687783575,T,KO,F,100,67.06
2025-10-14,9:53:00.687783575,T,KO,F,100,67.06
2025-10-14,9:53:00.687786120,T,KO,F,100,67.06
2025-10-14,9:53:00.688300280,T,KO,I,54,67.06
2025-10-14,9:53:00.688324418,T,KO,I,1,67.06
2025-10-14,9:53:01.296138061,T,KO,I,54,67.06
2025-10-14,9:53:07.182102257,T,KO,,100,67.055
2025-10-14,9:53:07.329558521,T,KO,I,10,67.055
2025-10-14,9:53:11.142820883,T,KO,,100,67.055
2025-10-14,9:53:11.193711007,T,KO,F,100,67.05
2025-10-14,9:53:11.193711007,T,KO,F I,52,67.05
2025-10-14,9:53:11.388145227,T,KO,F,100,67.04
2025-10-14,9:53:11.388148135,T,KO,F I,23,67.04
2025-10-14,9:53:11.923591591,T,KO,F I,1,67.03
2025-10-14,9:53:11.923591591,T,KO,F I,38,67.03
2025-10-14,9:53:17.050776267,T,KO,,243,67.02
2025-10-14,9:53:17.050779430,T,KO,,100,67.02
2025-10-14,9:53:18.005201547,T,KO,I,4,67.015
2025-10-14,9:53:23.482624811,T,KO,F,243,67.01
2025-10-14,9:53:23.482624811,T,KO,F,100,67.01
2025-10-14,9:53:27.808812875,T,KO,F I,10,67.0
2025-10-14,9:53:27.808815463,T,KO,F,243,67.0
2025-10-14,9:53:28.769943683,T,KO,I,16,66.99
2025-10-14,9:53:28.769947123,T,KO,I,2,66.99
2025-10-14,9:53:28.769947123,T,KO,I,12,66.99
2025-10-14,9:53:28.769950150,T,KO,I,6,66.99
2025-10-14,9:53:32.164197016,T,KO,F I,17,67.0
2025-10-14,9:53:34.012146424,T,KO,,200,67.005
2025-10-14,9:53:34.039881443,T,KO,,243,67.0
2025-10-14,9:53:34.053200175,T,KO,,100,66.995
2025-10-14,9:53:34.072289946,T,KO,I,30,66.99
2025-10-14,9:53:34.072289946,T,KO,,100,66.99
2025-10-14,9:53:34.072292710,T,KO,I,24,66.99
2025-10-14,9:53:34.076797467,T,KO,F I,51,66.99
2025-10-14,9:53:41.478867544,T,KO,F I,44,66.99
2025-10-14,9:53:41.478892023,T,KO,F I,7,66.99
2025-10-14,9:53:41.478894622,T,KO,F,100,66.99
2025-10-14,9:53:41.478898338,T,KO,F,243,66.99
2025-10-14,9:53:41.479508320,T,KO,F,100,66.98
2025-10-14,9:53:41.479511071,T,KO,F,100,66.98
2025-10-14,9:53:42.119342339,T,KO,F,100,66.975
2025-10-14,9:53:42.119345004,T,KO,F I,31,66.975
2025-10-14,9:53:52.666110941,T,KO,F I,5,66.97
2025-10-14,9:53:52.666110941,T,KO,F I,6,66.97
2025-10-14,9:53:52.666134306,T,KO,F I,94,66.97
2025-10-14,9:53:52.666134306,T,KO,F,243,66.97
2025-10-14,9:53:56.223706816,T,KO,F,100,66.96
2025-10-14,9:53:56.223706816,T,KO,F,253,66.96
2025-10-14,9:53:57.655675267,T,KO,I,12,66.955
2025-10-14,9:53:58.448609995,T,KO,F I,23,66.96
2025-10-14,9:53:58.448609995,T,KO,F,100,66.96
2025-10-14,9:53:58.448612833,T,KO,F,525,66.96
2025-10-14,9:53:58.448615859,T,KO,F I,25,66.96
2025-10-14,9:53:58.450041240,T,KO,F I,1,66.97
2025-10-14,9:53:58.450041240,T,KO,F,100,66.97
2025-10-14,9:54:04.110477130,T,KO,I,5,66.965
2025-10-14,9:54:07.341616023,T,KO,I,95,66.965
2025-10-14,9:54:11.225282125,T,KO,F I,2,66.96
2025-10-14,9:54:11.225282125,T,KO,F I,1,66.96
2025-10-14,9:54:11.225306206,T,KO,,100,66.96
2025-10-14,9:54:11.225306206,T,KO,I,2,66.96
2025-10-14,9:54:11.555925690,T,KO,I,98,66.96
2025-10-14,9:54:21.847881728,T,KO,F I,25,66.96
2025-10-14,9:54:21.847884866,T,KO,F I,14,66.96
2025-10-14,9:54:21.847887832,T,KO,F I,13,66.96
2025-10-14,9:54:21.847890743,T,KO,F I,2,66.96
2025-10-14,9:54:21.847893769,T,KO,F,200,66.96
2025-10-14,9:54:21.848368958,T,KO,F I,12,66.96
2025-10-14,9:54:22.528351684,T,KO,I,6,66.97
2025-10-14,9:54:22.528354756,T,KO,I,22,66.97
2025-10-14,9:54:22.528358718,T,KO,I,4,66.97
2025-10-14,9:54:22.528358718,T,KO,I,15,66.97
2025-10-14,9:54:22.528363532,T,KO,I,2,66.97
2025-10-14,9:54:23.583324169,T,KO,I,1,66.965
2025-10-14,9:54:35.440240613,T,KO,,100,66.96
2025-10-14,9:54:35.440244283,T,KO,I,44,66.96
2025-10-14,9:54:35.440244283,T,KO,I,10,66.96
2025-10-14,9:54:35.440246756,T,KO,I,25,66.96
2025-10-14,9:54:35.440249932,T,KO,I,1,66.96
2025-10-14,9:54:35.462036550,T,KO,I,60,66.96
2025-10-14,9:54:37.065275050,T,KO,F,100,66.96
2025-10-14,9:54:43.560072083,T,KO,I,4,66.955
2025-10-14,9:54:45.404542129,T,KO,F,100,66.96
2025-10-14,9:54:45.404542129,T,KO,I,3,66.96
2025-10-14,9:54:45.404545194,T,KO,I,53,66.96
2025-10-14,9:54:45.404545194,T,KO,I,30,66.96
2025-10-14,9:54:45.404548116,T,KO,I,10,66.96
2025-10-14,9:54:48.645727876,T,KO,F,100,66.96
2025-10-14,9:54:48.645730888,T,KO,F I,10,66.96
2025-10-14,9:54:50.858768187,T,KO,F,100,66.96
2025-10-14,9:54:51.649850444,T,KO,F I,38,66.95
2025-10-14,9:54:51.649853305,T,KO,F I,5,66.95
2025-10-14,9:54:51.649853305,T,KO,F I,5,66.95
2025-10-14,9:54:55.461022443,T,KO,I,16,66.95
2025-10-14,9:54:55.461025744,T,KO,,100,66.95
2025-10-14,9:54:55.461025744,T,KO,I,10,66.95
2025-10-14,9:54:55.461040503,T,KO,I,1,66.95
2025-10-14,9:54:57.545226539,T,KO,F I,53,66.95
2025-10-14,9:54:57.545226539,T,KO,F,243,66.95
2025-10-14,9:55:07.539350439,T,KO,F I,23,66.94
2025-10-14,9:55:07.539362644,T,KO,F I,77,66.94
2025-10-14,9:55:07.539362644,T,KO,F I,2,66.94
2025-10-14,9:55:07.539371399,T,KO,F I,79,66.94
2025-10-14,9:55:07.543488239,T,KO,F I,21,66.94
2025-10-14,9:55:07.543488239,T,KO,F,100,66.94
2025-10-14,9:55:10.225032156,T,KO,I,53,66.94
2025-10-14,9:55:10.225032156,T,KO,I,6,66.94
2025-10-14,9:55:13.154528474,T,KO,F I,5,66.945
2025-10-14,9:55:13.154534576,T,KO,F I,5,66.945
2025-10-14,9:55:17.497523593,T,KO,F I,78,66.94
2025-10-14,9:55:17.497541656,T,KO,F I,22,66.94
2025-10-14,9:55:19.035990953,T,KO,F I,16,66.94
2025-10-14,9:55:20.995578312,T,KO,F I,93,66.95
2025-10-14,9:55:20.995581349,T,KO,F I,4,66.95
2025-10-14,9:55:20.995584553,T,KO,F,100,66.95
2025-10-14,9:55:21.284936559,T,KO,,141,66.955
2025-10-14,9:55:30.967644677,T,KO,I,10,66.96
2025-10-14,9:55:43.171593839,T,KO,I,10,66.95
2025-10-14,9:55:48.211390711,T,KO,,100,66.95
2025-10-14,9:55:48.211390711,T,KO,I,25,66.95
2025-10-14,9:56:03.111928069,T,KO,F I,5,66.95
2025-10-14,9:56:03.111931217,T,KO,F I,22,66.95
2025-10-14,9:56:03.111931217,T,KO,F I,2,66.95
2025-10-14,9:56:03.112334160,T,KO,F I,61,66.95
2025-10-14,9:56:03.112337027,T,KO,F,100,66.95
2025-10-14,9:56:03.112340061,T,KO,F I,51,66.95
2025-10-14,9:56:03.877028337,T,KO,F I,15,66.95
2025-10-14,9:56:03.877047001,T,KO,F I,36,66.95
2025-10-14,9:56:03.877049444,T,KO,F I,61,66.95
2025-10-14,9:56:03.903470848,T,KO,I,63,66.95
2025-10-14,9:56:03.903473387,T,KO,I,19,66.95
2025-10-14,9:56:06.568372603,T,KO,I,9,66.955
2025-10-14,9:56:08.545623919,T,KO,F I,63,66.95
2025-10-14,9:56:08.545623919,T,KO,F I,1,66.95
2025-10-14,9:56:08.578801963,T,KO,I,64,66.95
2025-10-14,9:56:16.014455897,T,KO,I,42,66.95
2025-10-14,9:56:16.014459104,T,KO,I,64,66.95
2025-10-14,9:56:16.014459104,T,KO,,100,66.95
2025-10-14,9:56:16.014461874,T,KO,,200,66.95
2025-10-14,9:56:16.015385148,T,KO,,100,66.95
2025-10-14,9:56:16.015388521,T,KO,,100,66.95
2025-10-14,9:56:16.015391434,T,KO,I,66,66.95
2025-10-14,9:56:16.015394705,T,KO,I,51,66.95
2025-10-14,9:56:16.015394705,T,KO,I,88,66.95
2025-10-14,9:56:16.015409158,T,KO,I,1,66.95
2025-10-14,9:56:16.246256992,T,KO,I,2,66.95
2025-10-14,9:56:29.461740301,T,KO,I,1,66.95
2025-10-14,9:56:29.902948126,T,KO,F I,81,66.95
2025-10-14,9:56:29.902969201,T,KO,I,2,66.95
2025-10-14,9:56:29.902972242,T,KO,,100,66.95
2025-10-14,9:56:29.902975231,T,KO,I,1,66.95
2025-10-14,9:56:29.902975231,T,KO,I,1,66.95
2025-10-14,9:56:29.902978142,T,KO,I,1,66.95
