DATE,TIME_M,EX,SYM_ROOT,TR_SCOND,SIZE,PRICE
2025-10-29,9:30:00.088284315,T,KO,TI,42,69.93
2025-10-29,9:30:00.202682930,T,KO,FTI,2,69.93
2025-10-29,9:30:00.252529459,T,KO,I,56,69.93
2025-10-29,9:30:00.252544584,T,KO,Q,56,69.93
2025-10-29,9:30:01.225746505,T,KO,,100,69.9
2025-10-29,9:30:01.225749476,T,KO,,100,69.9
2025-10-29,9:30:01.226925774,T,KO,I,50,69.89
2025-10-29,9:30:01.229156657,T,KO,F,224,69.89
2025-10-29,9:30:01.229180617,T,KO,I,1,69.89
2025-10-29,9:30:01.229192904,T,KO,F I,99,69.89
2025-10-29,9:30:01.229192904,T,KO,F I,50,69.89
2025-10-29,9:30:01.229237799,T,KO,,100,69.89
2025-10-29,9:30:01.260037204,T,KO,I,59,69.89
2025-10-29,9:30:01.270406870,T,KO,I,1,69.86
2025-10-29,9:30:01.270408820,T,KO,I,50,69.86
2025-10-29,9:30:01.282693080,T,KO,,100,69.85
2025-10-29,9:30:01.291618359,T,KO,,100,69.84
2025-10-29,9:30:01.306437649,T,KO,F I,1,69.85
2025-10-29,9:30:01.321383263,T,KO,,100,69.84
2025-10-29,9:30:01.321455408,T,KO,,100,69.83
2025-10-29,9:30:01.321458439,T,KO,I,50,69.83
2025-10-29,9:30:01.322147083,T,KO,I,40,69.83
2025-10-29,9:30:01.322150064,T,KO,I,60,69.84
2025-10-29,9:30:01.322177150,T,KO,I,40,69.84
2025-10-29,9:30:01.332267142,T,KO,,100,69.82
2025-10-29,9:30:01.332267142,T,KO,,100,69.82
2025-10-29,9:30:01.332272238,T,KO,I,16,69.82
2025-10-29,9:30:01.332272238,T,KO,I,50,69.82
2025-10-29,9:30:01.332344320,T,KO,I,50,69.82
2025-10-29,9:30:01.339450320,T,KO,F I,66,69.82
2025-10-29,9:30:01.359324624,T,KO,I,13,69.825
2025-10-29,9:30:01.415417341,T,KO,I,28,69.825
2025-10-29,9:30:01.415421053,T,KO,I,29,69.83
2025-10-29,9:30:01.415421053,T,KO,I,43,69.83
2025-10-29,9:30:01.448649358,T,KO,I,57,69.83
2025-10-29,9:30:01.448652323,T,KO,I,60,69.83
2025-10-29,9:30:01.448655331,T,KO,I,50,69.835
2025-10-29,9:30:01.679560341,T,KO,F I,34,69.83
2025-10-29,9:30:01.679560341,T,KO,F I,60,69.83
2025-10-29,9:30:01.679563337,T,KO,F,100,69.83
2025-10-29,9:30:01.679713753,T,KO,F I,50,69.82
2025-10-29,9:30:01.679858112,T,KO,F I,50,69.81
2025-10-29,9:30:01.679862322,T,KO,F I,50,69.81
2025-10-29,9:30:01.679867276,T,KO,F,100,69.81
2025-10-29,9:30:01.679867276,T,KO,F,100,69.81
2025-10-29,9:30:01.680369684,T,KO,F,573,69.8
2025-10-29,9:30:01.680369684,T,KO,F I,50,69.8
2025-10-29,9:30:01.680372425,T,KO,F,100,69.8
2025-10-29,9:30:01.845856408,T,KO,I,50,69.8
2025-10-29,9:30:01.845859438,T,KO,,100,69.8
2025-10-29,9:30:02.139541984,T,KO,F I,50,69.79
2025-10-29,9:30:02.140305758,T,KO,F I,1,69.78
2025-10-29,9:30:02.140786850,T,KO,I,50,69.78
2025-10-29,9:30:02.155176139,T,KO,F I,90,69.79
2025-10-29,9:30:02.155182225,T,KO,F I,50,69.8
2025-10-29,9:30:02.155182225,T,KO,F I,10,69.8
2025-10-29,9:30:02.360267953,T,KO,F I,28,69.8
2025-10-29,9:30:02.402521234,T,KO,F I,50,69.78
2025-10-29,9:30:02.418546434,T,KO,F I,50,69.78
2025-10-29,9:30:02.424801319,T,KO,I,50,69.78
2025-10-29,9:30:02.424804854,T,KO,I,20,69.78
2025-10-29,9:30:02.424807425,T,KO,I,80,69.79
2025-10-29,9:30:02.577357752,T,KO,F I,20,69.79
2025-10-29,9:30:02.732575343,T,KO,I,1,69.79
2025-10-29,9:30:02.947834097,T,KO,I,1,69.79
2025-10-29,9:30:03.393438532,T,KO,I,76,69.79
2025-10-29,9:30:03.393456546,T,KO,I,24,69.79
2025-10-29,9:30:03.393459523,T,KO,I,50,69.78
2025-10-29,9:30:03.393718101,T,KO,I,50,69.78
2025-10-29,9:30:03.394310537,T,KO,I,50,69.77
2025-10-29,9:30:03.394451866,T,KO,I,50,69.78
2025-10-29,9:30:03.736023696,T,KO,I,1,69.78
2025-10-29,9:30:03.736074491,T,KO,I,50,69.77
2025-10-29,9:30:03.736814368,T,KO,I,50,69.77
2025-10-29,9:30:03.776950925,T,KO,I,1,69.77
2025-10-29,9:30:04.044558290,T,KO,,223,69.78
2025-10-29,9:30:04.044561191,T,KO,I,50,69.78
2025-10-29,9:30:04.420236987,T,KO,I,1,69.78
2025-10-29,9:30:04.420282037,T,KO,,100,69.77
2025-10-29,9:30:04.420285124,T,KO,I,50,69.77
2025-10-29,9:30:04.420285124,T,KO,I,43,69.77
2025-10-29,9:30:05.178914020,T,KO,F,100,69.78
2025-10-29,9:30:05.178914020,T,KO,F,224,69.78
2025-10-29,9:30:05.321026465,T,KO,I,10,69.8
2025-10-29,9:30:05.321044653,T,KO,F I,90,69.8
2025-10-29,9:30:05.321047582,T,KO,F I,50,69.8
2025-10-29,9:30:05.321507670,T,KO,F I,50,69.81
2025-10-29,9:30:05.321510676,T,KO,F,100,69.81
2025-10-29,9:30:06.866725626,T,KO,,916,69.81
2025-10-29,9:30:06.866728682,T,KO,,112,69.81
2025-10-29,9:30:06.867281983,T,KO,F I,1,69.83
2025-10-29,9:30:06.867456402,T,KO,I,17,69.81
2025-10-29,9:30:06.867456402,T,KO,I,83,69.81
2025-10-29,9:30:06.867477461,T,KO,I,1,69.81
2025-10-29,9:30:06.867490098,T,KO,I,16,69.81
2025-10-29,9:30:06.867493100,T,KO,I,50,69.81
2025-10-29,9:30:06.868099921,T,KO,I,50,69.81
2025-10-29,9:30:09.268239208,T,KO,F I,50,69.81
2025-10-29,9:30:12.521221935,T,KO,,100,69.77
2025-10-29,9:30:12.521399693,T,KO,F,100,69.78
2025-10-29,9:30:12.521399693,T,KO,F I,50,69.78
2025-10-29,9:30:12.521489615,T,KO,F,100,69.79
2025-10-29,9:30:12.521492833,T,KO,F I,50,69.79
2025-10-29,9:30:12.521868515,T,KO,F,100,69.79
2025-10-29,9:30:12.524307329,T,KO,F I,50,69.79
2025-10-29,9:30:12.524418631,T,KO,,100,69.79
2025-10-29,9:30:12.524445664,T,KO,I,2,69.79
2025-10-29,9:30:12.524448640,T,KO,I,50,69.79
2025-10-29,9:30:12.524451611,T,KO,I,5,69.79
2025-10-29,9:30:12.524686211,T,KO,I,50,69.79
2025-10-29,9:30:12.525161531,T,KO,,100,69.79
2025-10-29,9:30:12.525161531,T,KO,I,50,69.79
2025-10-29,9:30:12.525164298,T,KO,,100,69.79
2025-10-29,9:30:12.525639530,T,KO,F I,34,69.8
2025-10-29,9:30:13.430575788,T,KO,,100,69.79
2025-10-29,9:30:13.430593772,T,KO,F I,50,69.79
2025-10-29,9:30:15.665778379,T,KO,F I,5,69.78
2025-10-29,9:30:15.665778379,T,KO,F I,50,69.78
2025-10-29,9:30:15.666295600,T,KO,F I,50,69.79
2025-10-29,9:30:16.308724643,T,KO,F I,56,69.81
2025-10-29,9:30:16.356388242,T,KO,I,3,69.82
2025-10-29,9:30:16.356388242,T,KO,I,44,69.82
2025-10-29,9:30:16.356391237,T,KO,I,50,69.82
2025-10-29,9:30:16.400641774,T,KO,,100,69.83
2025-10-29,9:30:16.400644603,T,KO,I,21,69.83
2025-10-29,9:30:16.422687174,T,KO,,100,69.83
2025-10-29,9:30:16.422687174,T,KO,I,50,69.83
2025-10-29,9:30:16.423463110,T,KO,F,100,69.82
2025-10-29,9:30:16.423463110,T,KO,F I,50,69.82
2025-10-29,9:30:16.435431459,T,KO,F,100,69.82
2025-10-29,9:30:16.435491618,T,KO,,100,69.82
2025-10-29,9:30:16.435512915,T,KO,I,1,69.82
2025-10-29,9:30:16.435531083,T,KO,F I,49,69.82
2025-10-29,9:30:16.435533693,T,KO,F I,1,69.82
2025-10-29,9:30:16.435533693,T,KO,F I,49,69.82
2025-10-29,9:30:16.435771285,T,KO,F,100,69.82
2025-10-29,9:30:16.435771285,T,KO,F I,50,69.82
2025-10-29,9:30:16.435807367,T,KO,F I,50,69.82
2025-10-29,9:30:17.306624350,T,KO,F I,50,69.835
2025-10-29,9:30:18.126409899,T,KO,F I,50,69.82
2025-10-29,9:30:20.051904791,T,KO,F I,50,69.82
2025-10-29,9:30:20.051907861,T,KO,F I,10,69.82
2025-10-29,9:30:20.146855940,T,KO,,100,69.82
2025-10-29,9:30:20.147860408,T,KO,F,100,69.82
2025-10-29,9:30:20.148425679,T,KO,,100,69.82
2025-10-29,9:30:20.148476771,T,KO,F,100,69.82
2025-10-29,9:30:20.669137104,T,KO,F I,50,69.82
2025-10-29,9:30:20.669137104,T,KO,F,100,69.82
2025-10-29,9:30:21.226926961,T,KO,F,100,69.82
2025-10-29,9:30:21.226929334,T,KO,F I,50,69.82
2025-10-29,9:30:21.226932349,T,KO,F I,10,69.82
2025-10-29,9:30:21.415773152,T,KO,F I,50,69.83
2025-10-29,9:30:21.553203518,T,KO,I,50,69.84
2025-10-29,9:30:21.927646408,T,KO,I,50,69.84
2025-10-29,9:30:23.852898253,T,KO,F I,50,69.84
2025-10-29,9:30:23.852898253,T,KO,F I,25,69.84
2025-10-29,9:30:23.852937031,T,KO,F,100,69.85
2025-10-29,9:30:23.852937031,T,KO,F I,50,69.85
2025-10-29,9:30:27.387482921,T,KO,I,17,69.84
2025-10-29,9:30:30.805246250,T,KO,F I,50,69.85
2025-10-29,9:30:30.805724851,T,KO,F,100,69.84
2025-10-29,9:30:30.805727284,T,KO,F,100,69.84
2025-10-29,9:30:30.805730265,T,KO,F I,19,69.84
2025-10-29,9:30:30.807315707,T,KO,I,50,69.82
2025-10-29,9:30:30.807823967,T,KO,F,100,69.83
2025-10-29,9:30:30.807826227,T,KO,F I,50,69.81
2025-10-29,9:30:31.372968280,T,KO,I,6,69.845
2025-10-29,9:30:33.427332233,T,KO,I,1,69.87
2025-10-29,9:30:34.966178173,T,KO,F,100,69.85
2025-10-29,9:30:34.966181170,T,KO,F I,50,69.85
2025-10-29,9:30:34.966602196,T,KO,I,50,69.86
2025-10-29,9:30:34.966647336,T,KO,,100,69.86
2025-10-29,9:30:34.966677395,T,KO,,100,69.86
2025-10-29,9:30:34.966680366,T,KO,,100,69.86
2025-10-29,9:30:34.967477299,T,KO,F,100,69.86
2025-10-29,9:30:34.967480254,T,KO,F I,50,69.86
2025-10-29,9:30:34.967480254,T,KO,F,100,69.86
2025-10-29,9:30:34.968111812,T,KO,,100,69.86
2025-10-29,9:30:34.968157030,T,KO,F,100,69.86
2025-10-29,9:30:34.968160384,T,KO,F,100,69.86
2025-10-29,9:30:35.343171136,T,KO,,100,69.87
2025-10-29,9:30:37.218500539,T,KO,F,100,69.86
2025-10-29,9:30:37.218503582,T,KO,F I,15,69.86
2025-10-29,9:30:37.218533722,T,KO,F,100,69.85
2025-10-29,9:30:37.218536686,T,KO,F I,15,69.85
2025-10-29,9:30:39.299907936,T,KO,F,100,69.88
2025-10-29,9:30:39.299907936,T,KO,F I,50,69.88
2025-10-29,9:30:39.300434258,T,KO,F I,6,69.88
2025-10-29,9:30:39.300458356,T,KO,,100,69.88
2025-10-29,9:30:40.296400301,T,KO,,100,69.91
2025-10-29,9:30:45.293931010,T,KO,I,24,69.92
2025-10-29,9:30:45.294944415,T,KO,I,38,69.92
2025-10-29,9:30:45.296333696,T,KO,I,35,69.92
2025-10-29,9:30:48.036733597,T,KO,F I,96,69.93
2025-10-29,9:30:48.036736552,T,KO,F,100,69.93
2025-10-29,9:30:48.036736552,T,KO,F I,15,69.93
2025-10-29,9:30:50.781750020,T,KO,F,100,69.9
2025-10-29,9:30:50.782308730,T,KO,F,100,69.89
2025-10-29,9:30:50.783950627,T,KO,F I,12,69.88
2025-10-29,9:30:50.784630282,T,KO,F I,35,69.87
2025-10-29,9:30:50.805418827,T,KO,I,50,69.85
2025-10-29,9:30:52.621645554,T,KO,F,200,69.86
2025-10-29,9:30:53.510078530,T,KO,F I,50,69.84
2025-10-29,9:30:54.901790152,T,KO,,129,69.84
2025-10-29,9:30:57.688599514,T,KO,I,29,69.83
2025-10-29,9:30:57.688734829,T,KO,F,100,69.84
2025-10-29,9:30:57.690049249,T,KO,F I,50,69.85
2025-10-29,9:30:57.690536083,T,KO,F,100,69.86
2025-10-29,9:30:57.690536083,T,KO,F I,50,69.86
2025-10-29,9:30:59.182455376,T,KO,F,100,69.85
2025-10-29,9:30:59.182494574,T,KO,I,15,69.84
2025-10-29,9:31:00.213749667,T,KO,I,16,69.83
2025-10-29,9:31:00.414943916,T,KO,F I,1,69.87
2025-10-29,9:31:00.415118361,T,KO,I,21,69.86
2025-10-29,9:31:00.415118361,T,KO,,100,69.86
2025-10-29,9:31:00.644285141,T,KO,F,166,69.86
2025-10-29,9:31:01.210284101,T,KO,F I,35,69.84
2025-10-29,9:31:01.225843970,T,KO,F,100,69.845
2025-10-29,9:31:01.225846158,T,KO,F I,16,69.85
2025-10-29,9:31:01.225849132,T,KO,F I,84,69.85
2025-10-29,9:31:01.416858078,T,KO,F,100,69.86
2025-10-29,9:31:01.416858078,T,KO,F,100,69.86
2025-10-29,9:31:01.417597888,T,KO,,100,69.86
2025-10-29,9:31:01.417616032,T,KO,F,100,69.87
2025-10-29,9:31:01.417616032,T,KO,F I,50,69.87
2025-10-29,9:31:01.417642988,T,KO,F,100,69.87
2025-10-29,9:31:01.417664090,T,KO,F I,33,69.87
2025-10-29,9:31:01.417685401,T,KO,,100,69.86
2025-10-29,9:31:01.417739259,T,KO,,100,69.86
2025-10-29,9:31:02.752822940,T,KO,F I,14,69.84
2025-10-29,9:31:02.753343200,T,KO,F,100,69.83
2025-10-29,9:31:02.753382358,T,KO,F I,50,69.82
2025-10-29,9:31:02.753385332,T,KO,F,100,69.82
2025-10-29,9:31:02.764830635,T,KO,F,100,69.84
2025-10-29,9:31:02.764830635,T,KO,F I,24,69.84
2025-10-29,9:31:02.764833555,T,KO,F,100,69.84
2025-10-29,9:31:03.409587170,T,KO,F I,50,69.85
2025-10-29,9:31:09.357384064,T,KO,I,55,69.875
2025-10-29,9:31:16.409495102,T,KO,F,200,69.905
2025-10-29,9:31:16.409498000,T,KO,F I,84,69.905
2025-10-29,9:31:16.409504047,T,KO,I,16,69.905
2025-10-29,9:31:16.409507322,T,KO,I,10,69.905
2025-10-29,9:31:16.410472423,T,KO,I,55,69.89
2025-10-29,9:31:17.341694098,T,KO,F I,90,69.89
2025-10-29,9:31:21.931661108,T,KO,F I,5,69.9
2025-10-29,9:31:21.936081674,T,KO,F I,24,69.89
2025-10-29,9:31:21.936085424,T,KO,F,100,69.89
2025-10-29,9:31:21.936085424,T,KO,F I,35,69.89
2025-10-29,9:31:21.936093668,T,KO,F,159,69.89
2025-10-29,9:31:21.936105773,T,KO,I,1,69.89
2025-10-29,9:31:21.937281504,T,KO,F I,28,69.88
2025-10-29,9:31:22.079421047,T,KO,F,103,69.86
2025-10-29,9:31:22.079424050,T,KO,F,100,69.86
2025-10-29,9:31:22.079454190,T,KO,F,134,69.86
2025-10-29,9:31:22.132281004,T,KO,,200,69.86
2025-10-29,9:31:23.023309071,T,KO,F,100,69.91
2025-10-29,9:31:23.023312153,T,KO,F,100,69.91
2025-10-29,9:31:23.023327510,T,KO,I,1,69.91
2025-10-29,9:31:23.023336379,T,KO,F I,99,69.91
2025-10-29,9:31:23.023342188,T,KO,F,100,69.92
2025-10-29,9:31:23.023345567,T,KO,F,100,69.92
2025-10-29,9:31:23.023348186,T,KO,F I,50,69.92
2025-10-29,9:31:23.023348186,T,KO,F I,1,69.92
2025-10-29,9:31:24.570349557,T,KO,I,35,69.9
2025-10-29,9:31:24.570349557,T,KO,I,51,69.9
2025-10-29,9:31:24.570367590,T,KO,I,1,69.9
2025-10-29,9:31:26.610925649,T,KO,,100,69.9
2025-10-29,9:31:29.327262248,T,KO,F,105,69.9
2025-10-29,9:31:29.327265418,T,KO,F I,21,69.89
2025-10-29,9:31:29.327265418,T,KO,F I,79,69.89
2025-10-29,9:31:29.327268163,T,KO,F I,26,69.89
2025-10-29,9:31:29.327313238,T,KO,I,1,69.9
2025-10-29,9:31:29.327337326,T,KO,I,1,69.9
2025-10-29,9:31:29.329421463,T,KO,F,100,69.87
2025-10-29,9:31:30.718862538,T,KO,F,100,69.86
2025-10-29,9:31:33.326914165,T,KO,,100,69.87
2025-10-29,9:31:33.327662973,T,KO,F I,2,69.87
2025-10-29,9:31:33.327744149,T,KO,,100,69.86
2025-10-29,9:31:33.327747240,T,KO,,100,69.86
2025-10-29,9:31:33.328697464,T,KO,F I,30,69.85
2025-10-29,9:31:33.328847857,T,KO,F,100,69.84
2025-10-29,9:31:34.445674791,T,KO,F I,1,69.82
2025-10-29,9:31:35.459548809,T,KO,,100,69.82
2025-10-29,9:31:35.459551608,T,KO,I,26,69.83
2025-10-29,9:31:35.459554873,T,KO,I,37,69.83
2025-10-29,9:31:35.459569506,T,KO,I,1,69.83
2025-10-29,9:31:35.459593843,T,KO,I,62,69.83
2025-10-29,9:31:35.459593843,T,KO,I,37,69.83
2025-10-29,9:31:35.460441553,T,KO,,100,69.83
2025-10-29,9:31:35.460441553,T,KO,I,26,69.83
2025-10-29,9:31:36.820623182,T,KO,I,37,69.83
2025-10-29,9:31:38.333929393,T,KO,I,2,69.825
2025-10-29,9:31:41.817579393,T,KO,I,37,69.845
2025-10-29,9:31:41.817621567,T,KO,I,1,69.845
2025-10-29,9:31:42.073453476,T,KO,F I,37,69.85
2025-10-29,9:31:43.189203523,T,KO,F,100,69.81
2025-10-29,9:31:43.189203523,T,KO,F I,5,69.81
2025-10-29,9:31:43.244372728,T,KO,I,1,69.8
2025-10-29,9:31:43.262665327,T,KO,F,100,69.81
2025-10-29,9:31:46.161220751,T,KO,I,19,69.82
2025-10-29,9:31:46.207413771,T,KO,I,5,69.82
2025-10-29,9:31:46.342116642,T,KO,F I,5,69.81
2025-10-29,9:31:47.242082015,T,KO,,100,69.81
2025-10-29,9:31:47.242085044,T,KO,,100,69.81
2025-10-29,9:31:47.242367901,T,KO,F,100,69.8
2025-10-29,9:31:47.242367901,T,KO,F,100,69.8
2025-10-29,9:31:47.242394748,T,KO,F I,30,69.8
2025-10-29,9:31:47.242397796,T,KO,F,100,69.8
2025-10-29,9:31:47.242403869,T,KO,I,1,69.8
2025-10-29,9:31:47.242403869,T,KO,I,32,69.8
2025-10-29,9:31:47.450731053,T,KO,F I,6,69.79
2025-10-29,9:31:47.453368707,T,KO,,100,69.79
2025-10-29,9:31:47.453371315,T,KO,I,10,69.79
2025-10-29,9:31:47.453383614,T,KO,F I,90,69.79
2025-10-29,9:31:47.453387762,T,KO,F,167,69.79
2025-10-29,9:31:47.453392351,T,KO,F,100,69.79
2025-10-29,9:31:47.453392351,T,KO,F,100,69.79
2025-10-29,9:31:48.626155513,T,KO,I,2,69.795
2025-10-29,9:31:48.626158637,T,KO,I,3,69.79
2025-10-29,9:31:48.626161590,T,KO,I,1,69.79
2025-10-29,9:31:48.626161590,T,KO,I,19,69.79
2025-10-29,9:31:48.965510756,T,KO,F I,2,69.79
2025-10-29,9:31:49.432330640,T,KO,F I,36,69.79
2025-10-29,9:31:50.688010226,T,KO,,100,69.795
2025-10-29,9:31:53.180872511,T,KO,F I,13,69.78
2025-10-29,9:31:53.180899679,T,KO,F I,50,69.77
2025-10-29,9:31:53.180902548,T,KO,F,100,69.77
2025-10-29,9:31:53.181558154,T,KO,F I,1,69.77
2025-10-29,9:31:54.403921492,T,KO,F I,21,69.76
2025-10-29,9:31:54.404471814,T,KO,F I,2,69.75
2025-10-29,9:31:54.406056730,T,KO,F I,12,69.74
2025-10-29,9:31:54.416596633,T,KO,F I,50,69.73
2025-10-29,9:31:55.541437652,T,KO,F I,51,69.74
2025-10-29,9:31:55.542367199,T,KO,F,100,69.74
2025-10-29,9:31:55.542367199,T,KO,F,100,69.74
2025-10-29,9:31:55.542369857,T,KO,F I,8,69.74
2025-10-29,9:31:56.039279371,T,KO,F I,50,69.72
2025-10-29,9:31:58.530271220,T,KO,F,100,69.72
2025-10-29,9:31:58.530274175,T,KO,F I,13,69.72
2025-10-29,9:31:58.530277442,T,KO,F I,1,69.72
2025-10-29,9:31:58.530277442,T,KO,F I,36,69.72
2025-10-29,9:31:58.530280426,T,KO,F,100,69.72
2025-10-29,9:31:58.530280426,T,KO,F I,1,69.72
2025-10-29,9:32:00.270407689,T,KO,F I,37,69.74
2025-10-29,9:32:00.271159561,T,KO,I,2,69.75
2025-10-29,9:32:00.271159561,T,KO,I,18,69.75
2025-10-29,9:32:00.274277959,T,KO,I,10,69.76
2025-10-29,9:32:01.793960074,T,KO,I,10,69.76
2025-10-29,9:32:02.564902424,T,KO,F I,50,69.75
2025-10-29,9:32:03.581254075,T,KO,F I,6,69.73
2025-10-29,9:32:05.112052992,T,KO,F I,20,69.73
2025-10-29,9:32:09.104559936,T,KO,F I,3,69.73
2025-10-29,9:32:13.712882606,T,KO,I,20,69.71
2025-10-29,9:32:13.713948435,T,KO,F I,1,69.69
2025-10-29,9:32:13.713953116,T,KO,F,100,69.69
2025-10-29,9:32:13.713953116,T,KO,F I,2,69.69
2025-10-29,9:32:13.713962144,T,KO,F I,50,69.69
2025-10-29,9:32:13.713962144,T,KO,F,300,69.69
2025-10-29,9:32:13.714280879,T,KO,F I,50,69.69
2025-10-29,9:32:13.721489091,T,KO,,100,69.69
2025-10-29,9:32:13.852853938,T,KO,F I,50,69.66
2025-10-29,9:32:13.875930908,T,KO,I,50,69.66
2025-10-29,9:32:18.014631342,T,KO,F I,35,69.66
2025-10-29,9:32:18.014634116,T,KO,F,100,69.65
2025-10-29,9:32:18.015879600,T,KO,F I,50,69.65
2025-10-29,9:32:18.034908428,T,KO,F I,29,69.67
2025-10-29,9:32:18.035290382,T,KO,F I,29,69.67
2025-10-29,9:32:18.436972007,T,KO,I,29,69.66
2025-10-29,9:32:18.438244074,T,KO,F I,28,69.67
2025-10-29,9:32:18.438244074,T,KO,F I,29,69.67
2025-10-29,9:32:18.438249987,T,KO,F I,32,69.67
2025-10-29,9:32:18.438249987,T,KO,F I,44,69.67
2025-10-29,9:32:18.438259083,T,KO,F I,6,69.67
2025-10-29,9:32:18.438262017,T,KO,F,100,69.67
2025-10-29,9:32:18.439293463,T,KO,,100,69.67
2025-10-29,9:32:18.439311603,T,KO,I,1,69.67
2025-10-29,9:32:18.442592384,T,KO,F,100,69.665
2025-10-29,9:32:18.442592384,T,KO,F I,16,69.67
2025-10-29,9:32:18.442616391,T,KO,I,1,69.67
2025-10-29,9:32:18.442640556,T,KO,F I,33,69.67
2025-10-29,9:32:18.442644603,T,KO,F I,10,69.67
2025-10-29,9:32:18.442647052,T,KO,F I,40,69.67
2025-10-29,9:32:18.442647052,T,KO,F I,6,69.67
2025-10-29,9:32:18.442649564,T,KO,F I,10,69.67
2025-10-29,9:32:19.186973252,T,KO,F I,2,69.68
2025-10-29,9:32:21.458975647,T,KO,I,28,69.68
2025-10-29,9:32:21.458975647,T,KO,I,1,69.68
2025-10-29,9:32:21.458978116,T,KO,I,23,69.68
2025-10-29,9:32:22.801828774,T,KO,F,120,69.7
2025-10-29,9:32:22.801835336,T,KO,F,100,69.7
2025-10-29,9:32:22.801861819,T,KO,F I,50,69.71
2025-10-29,9:32:22.801861819,T,KO,F,100,69.71
2025-10-29,9:32:22.801865578,T,KO,F,320,69.71
2025-10-29,9:32:28.670648647,T,KO,I,3,69.71
2025-10-29,9:32:30.072241721,T,KO,,100,69.695
2025-10-29,9:32:31.131313173,T,KO,F,100,69.695
2025-10-29,9:32:32.389073866,T,KO,,100,69.7
2025-10-29,9:32:32.389073866,T,KO,,100,69.7
2025-10-29,9:32:32.389524844,T,KO,I,29,69.69
2025-10-29,9:32:32.389527863,T,KO,,100,69.69
2025-10-29,9:32:32.389531001,T,KO,,100,69.69
2025-10-29,9:32:32.389531001,T,KO,I,32,69.69
2025-10-29,9:32:32.389533907,T,KO,I,33,69.69
2025-10-29,9:32:32.389573479,T,KO,,100,69.7
2025-10-29,9:32:32.389573479,T,KO,I,33,69.7
2025-10-29,9:32:32.389576590,T,KO,I,15,69.7
2025-10-29,9:32:32.389594047,T,KO,I,1,69.7
2025-10-29,9:32:32.389672222,T,KO,F I,33,69.69
2025-10-29,9:32:32.389861643,T,KO,F I,2,69.69
2025-10-29,9:32:33.209373484,T,KO,F I,37,69.65
2025-10-29,9:32:33.259099887,T,KO,F I,19,69.64
2025-10-29,9:32:33.259120884,T,KO,F,148,69.64
2025-10-29,9:32:33.259124569,T,KO,F I,34,69.64
2025-10-29,9:32:34.852568107,T,KO,F I,35,69.62
2025-10-29,9:32:35.173654854,T,KO,F I,1,69.59
2025-10-29,9:32:35.173982540,T,KO,F I,17,69.59
2025-10-29,9:32:35.174299252,T,KO,F I,30,69.6
2025-10-29,9:32:35.174299252,T,KO,F,100,69.6
2025-10-29,9:32:35.174304759,T,KO,F,100,69.6
2025-10-29,9:32:35.174304759,T,KO,F I,50,69.6
2025-10-29,9:32:35.174307919,T,KO,F I,8,69.61
2025-10-29,9:32:35.174307919,T,KO,F,100,69.61
2025-10-29,9:32:35.174310361,T,KO,F I,14,69.61
2025-10-29,9:32:41.033423076,T,KO,I,3,69.665
2025-10-29,9:32:48.557018032,T,KO,F,100,69.69
2025-10-29,9:32:48.557018032,T,KO,F,100,69.69
2025-10-29,9:32:48.557057985,T,KO,F I,50,69.7
2025-10-29,9:32:48.557060476,T,KO,F,100,69.7
2025-10-29,9:32:48.557526562,T,KO,F I,2,69.71
2025-10-29,9:32:48.557547252,T,KO,F I,48,69.71
2025-10-29,9:32:48.590559843,T,KO,I,9,69.72
2025-10-29,9:32:48.590568885,T,KO,F I,9,69.72
2025-10-29,9:32:48.590592959,T,KO,F I,91,69.72
2025-10-29,9:32:48.590592959,T,KO,F I,30,69.72
2025-10-29,9:32:48.590598965,T,KO,F,100,69.72
2025-10-29,9:32:48.590610982,T,KO,I,1,69.72
2025-10-29,9:32:48.590620549,T,KO,,180,69.72
2025-10-29,9:32:53.573141933,T,KO,F,100,69.73
2025-10-29,9:32:53.574140275,T,KO,F I,3,69.72
2025-10-29,9:32:58.468483140,T,KO,F,420,69.75
2025-10-29,9:33:10.495992020,T,KO,F,100,69.74
2025-10-29,9:33:14.395712976,T,KO,F I,1,69.73
2025-10-29,9:33:15.326579940,T,KO,F,100,69.71
2025-10-29,9:33:15.326582962,T,KO,F I,50,69.71
2025-10-29,9:33:15.326607495,T,KO,F I,50,69.7
2025-10-29,9:33:15.326610601,T,KO,F,100,69.7
2025-10-29,9:33:15.327124233,T,KO,F I,32,69.71
2025-10-29,9:33:15.327163390,T,KO,I,68,69.71
2025-10-29,9:33:17.144980957,T,KO,F I,52,69.71
2025-10-29,9:33:17.144980957,T,KO,F I,24,69.71
2025-10-29,9:33:17.144986955,T,KO,F I,48,69.71
2025-10-29,9:33:17.144986955,T,KO,F I,81,69.71
2025-10-29,9:33:17.144999477,T,KO,I,1,69.71
2025-10-29,9:33:17.145002221,T,KO,F I,19,69.71
2025-10-29,9:33:17.145005052,T,KO,F I,54,69.71
2025-10-29,9:33:17.145005052,T,KO,F I,35,69.71
2025-10-29,9:33:17.145008011,T,KO,F I,1,69.71
2025-10-29,9:33:18.750811446,T,KO,F,200,69.7
2025-10-29,9:33:19.208143825,T,KO,F I,45,69.69
2025-10-29,9:33:19.208146711,T,KO,F,127,69.69
2025-10-29,9:33:19.208161703,T,KO,I,1,69.69
2025-10-29,9:33:19.208170777,T,KO,I,69,69.69
2025-10-29,9:33:19.469264559,T,KO,I,50,69.67
2025-10-29,9:33:19.469920116,T,KO,F I,50,69.66
2025-10-29,9:33:19.472713763,T,KO,F I,50,69.65
2025-10-29,9:33:28.598028723,T,KO,,136,69.63
2025-10-29,9:33:29.316286409,T,KO,F I,2,69.6
2025-10-29,9:33:29.316289383,T,KO,F I,1,69.6
2025-10-29,9:33:29.323641826,T,KO,I,60,69.6
2025-10-29,9:33:29.323671945,T,KO,F I,40,69.6
2025-10-29,9:33:29.323677883,T,KO,F I,40,69.6
2025-10-29,9:33:29.324444832,T,KO,F,100,69.6
2025-10-29,9:33:33.065730402,T,KO,F I,1,69.6
2025-10-29,9:33:33.065730402,T,KO,F I,25,69.6
2025-10-29,9:33:33.625567740,T,KO,F,200,69.6
2025-10-29,9:33:35.769298566,T,KO,F I,53,69.59
2025-10-29,9:33:35.769331635,T,KO,I,25,69.59
2025-10-29,9:33:35.769334568,T,KO,,127,69.59
2025-10-29,9:33:38.008287064,T,KO,F,100,69.6
2025-10-29,9:33:38.008290081,T,KO,F I,68,69.6
2025-10-29,9:33:38.354405501,T,KO,I,3,69.61
2025-10-29,9:33:41.295271634,T,KO,,122,69.58
2025-10-29,9:33:41.295277733,T,KO,I,54,69.59
2025-10-29,9:33:41.295284772,T,KO,,100,69.59
2025-10-29,9:33:41.295284772,T,KO,,100,69.59
2025-10-29,9:33:41.295289965,T,KO,,100,69.59
2025-10-29,9:33:41.295292773,T,KO,I,1,69.58
2025-10-29,9:33:41.295301713,T,KO,I,1,69.59
2025-10-29,9:33:41.295334929,T,KO,F,377,69.58
2025-10-29,9:33:41.295337943,T,KO,F I,1,69.58
2025-10-29,9:33:41.295337943,T,KO,F I,1,69.58
2025-10-29,9:33:41.295341640,T,KO,F I,3,69.58
2025-10-29,9:33:41.295341640,T,KO,F,100,69.58
2025-10-29,9:33:41.295346791,T,KO,I,47,69.58
2025-10-29,9:33:41.295358859,T,KO,I,53,69.58
2025-10-29,9:33:41.295623458,T,KO,I,55,69.58
2025-10-29,9:33:41.295711050,T,KO,I,45,69.58
2025-10-29,9:33:41.295711050,T,KO,I,11,69.58
2025-10-29,9:33:41.295743797,T,KO,I,89,69.58
2025-10-29,9:33:46.335627985,T,KO,F,100,69.56
2025-10-29,9:33:46.344426376,T,KO,F,100,69.56
2025-10-29,9:33:48.830327366,T,KO,,100,69.56
2025-10-29,9:33:48.830330172,T,KO,I,14,69.56
2025-10-29,9:33:48.830330172,T,KO,I,17,69.56
2025-10-29,9:33:48.830332913,T,KO,,200,69.56
2025-10-29,9:33:49.428334238,T,KO,F I,50,69.57
2025-10-29,9:33:55.843862008,T,KO,F I,19,69.61
2025-10-29,9:33:55.843864955,T,KO,F I,60,69.61
2025-10-29,9:33:58.252153760,T,KO,F I,53,69.62
2025-10-29,9:33:58.255675233,T,KO,,100,69.62
2025-10-29,9:34:04.152678194,T,KO,F I,50,69.66
2025-10-29,9:34:04.152678194,T,KO,F,100,69.66
2025-10-29,9:34:09.319021751,T,KO,F,150,69.62
2025-10-29,9:34:11.604452911,T,KO,F,100,69.58
2025-10-29,9:34:11.638238468,T,KO,F,100,69.57
2025-10-29,9:34:11.638238468,T,KO,F I,7,69.57
2025-10-29,9:34:12.786775993,T,KO,F,100,69.55
2025-10-29,9:34:12.786778828,T,KO,F,224,69.55
2025-10-29,9:34:15.171139729,T,KO,F,100,69.56
2025-10-29,9:34:15.682946609,T,KO,F I,50,69.56
2025-10-29,9:34:22.121975527,T,KO,F I,50,69.58
2025-10-29,9:34:23.665801455,T,KO,F,100,69.58
2025-10-29,9:34:28.119925752,T,KO,I,9,69.575
2025-10-29,9:34:32.845576206,T,KO,,100,69.58
2025-10-29,9:34:33.492861432,T,KO,F I,50,69.62
2025-10-29,9:34:33.492861432,T,KO,F,100,69.62
2025-10-29,9:34:35.645703892,T,KO,F,100,69.61
2025-10-29,9:34:35.645706852,T,KO,,100,69.62
2025-10-29,9:34:38.612161047,T,KO,F,100,69.63
2025-10-29,9:34:38.612206173,T,KO,F I,50,69.63
2025-10-29,9:34:39.672333387,T,KO,F I,50,69.65
2025-10-29,9:34:42.230219210,T,KO,I,93,69.64
2025-10-29,9:34:42.230246934,T,KO,,207,69.64
2025-10-29,9:34:42.230246934,T,KO,I,92,69.64
2025-10-29,9:34:42.230252275,T,KO,I,1,69.64
2025-10-29,9:34:42.230252275,T,KO,I,1,69.64
2025-10-29,9:34:42.230252275,T,KO,F,106,69.64
2025-10-29,9:34:42.231407475,T,KO,,100,69.64
2025-10-29,9:34:42.231413192,T,KO,,100,69.64
2025-10-29,9:34:42.231413192,T,KO,,100,69.64
2025-10-29,9:34:42.231413192,T,KO,I,50,69.64
2025-10-29,9:34:42.231444070,T,KO,F I,50,69.64
2025-10-29,9:34:42.231638623,T,KO,I,1,69.64
2025-10-29,9:34:42.231638623,T,KO,I,99,69.64
2025-10-29,9:34:42.231659665,T,KO,I,77,69.64
2025-10-29,9:34:42.231662704,T,KO,I,50,69.64
2025-10-29,9:34:42.231695711,T,KO,F,100,69.64
2025-10-29,9:34:42.231704765,T,KO,F,100,69.64
2025-10-29,9:34:42.231707722,T,KO,F I,1,69.64
2025-10-29,9:34:42.233836853,T,KO,I,1,69.64
2025-10-29,9:34:42.233839878,T,KO,I,1,69.64
2025-10-29,9:34:42.233839878,T,KO,,100,69.64
2025-10-29,9:34:42.234212672,T,KO,F I,1,69.64
2025-10-29,9:34:49.181082075,T,KO,,100,69.64
2025-10-29,9:34:49.181097517,T,KO,F I,10,69.64
2025-10-29,9:34:49.181100855,T,KO,I,1,69.64
2025-10-29,9:34:50.937661628,T,KO,,100,69.64
2025-10-29,9:34:50.958895267,T,KO,I,89,69.64
2025-10-29,9:34:50.958916267,T,KO,F I,11,69.64
2025-10-29,9:34:51.875809056,T,KO,I,1,69.655
2025-10-29,9:34:52.665026727,T,KO,F,100,69.65
2025-10-29,9:34:59.824099491,T,KO,F I,1,69.63
2025-10-29,9:34:59.929966564,T,KO,,100,69.63
2025-10-29,9:34:59.930011653,T,KO,F,100,69.63
2025-10-29,9:34:59.930035783,T,KO,I,1,69.63
2025-10-29,9:34:59.930101853,T,KO,,100,69.63
2025-10-29,9:34:59.930135015,T,KO,,100,69.63
2025-10-29,9:34:59.930137989,T,KO,,100,69.63
2025-10-29,9:35:00.806223576,T,KO,F I,54,69.65
2025-10-29,9:35:04.151565138,T,KO,I,58,69.64
2025-10-29,9:35:04.851335046,T,KO,,100,69.64
2025-10-29,9:35:04.851888041,T,KO,I,50,69.64
2025-10-29,9:35:04.851891148,T,KO,,100,69.64
2025-10-29,9:35:04.851891148,T,KO,I,13,69.64
2025-10-29,9:35:04.852775140,T,KO,,400,69.64
2025-10-29,9:35:04.852796298,T,KO,I,1,69.64
2025-10-29,9:35:04.852808319,T,KO,F I,99,69.64
2025-10-29,9:35:04.852808319,T,KO,F I,1,69.64
2025-10-29,9:35:04.852808319,T,KO,F I,36,69.64
2025-10-29,9:35:05.422012938,T,KO,,100,69.63
2025-10-29,9:35:05.422028426,T,KO,I,1,69.63
2025-10-29,9:35:05.422106217,T,KO,,199,69.63
2025-10-29,9:35:05.422109153,T,KO,,100,69.625
2025-10-29,9:35:05.422112220,T,KO,I,50,69.62
2025-10-29,9:35:05.422112220,T,KO,I,32,69.62
2025-10-29,9:35:05.422130221,T,KO,I,1,69.62
2025-10-29,9:35:05.422172320,T,KO,I,44,69.63
2025-10-29,9:35:05.429260156,T,KO,F I,1,69.63
2025-10-29,9:35:05.429260156,T,KO,F I,44,69.63
2025-10-29,9:35:09.521553783,T,KO,I,11,69.615
2025-10-29,9:35:09.521629081,T,KO,F I,86,69.61
2025-10-29,9:35:09.521629081,T,KO,F I,24,69.61
2025-10-29,9:35:09.521650027,T,KO,I,1,69.61
2025-10-29,9:35:09.521650027,T,KO,I,1,69.61
2025-10-29,9:35:09.521671057,T,KO,I,14,69.61
2025-10-29,9:35:09.521671057,T,KO,I,12,69.61
2025-10-29,9:35:09.521740235,T,KO,F I,10,69.61
2025-10-29,9:35:16.245511736,T,KO,I,50,69.6
2025-10-29,9:35:16.245548079,T,KO,F I,10,69.6
2025-10-29,9:35:16.652602769,T,KO,F,100,69.6
2025-10-29,9:35:16.678593669,T,KO,I,3,69.59
2025-10-29,9:35:19.006194369,T,KO,I,7,69.585
2025-10-29,9:35:20.573310721,T,KO,,200,69.57
2025-10-29,9:35:20.574221946,T,KO,F,100,69.57
2025-10-29,9:35:20.688467043,T,KO,I,50,69.56
2025-10-29,9:35:20.688467043,T,KO,I,39,69.56
2025-10-29,9:35:20.688485339,T,KO,I,36,69.56
2025-10-29,9:35:20.688485339,T,KO,I,1,69.56
2025-10-29,9:35:20.688488022,T,KO,I,9,69.56
2025-10-29,9:35:20.688915094,T,KO,F I,1,69.56
2025-10-29,9:35:20.689348164,T,KO,F,199,69.56
2025-10-29,9:35:25.146461653,T,KO,,100,69.575
2025-10-29,9:35:25.704963826,T,KO,,100,69.56
2025-10-29,9:35:25.704985004,T,KO,F I,50,69.56
2025-10-29,9:35:25.704985004,T,KO,I,1,69.56
2025-10-29,9:35:25.715630147,T,KO,I,54,69.56
2025-10-29,9:35:27.814091078,T,KO,F I,99,69.56
2025-10-29,9:35:29.199533385,T,KO,F,100,69.56
2025-10-29,9:35:31.308931561,T,KO,F I,40,69.55
2025-10-29,9:35:31.308933842,T,KO,F,100,69.55
2025-10-29,9:35:31.308952326,T,KO,F,100,69.55
2025-10-29,9:35:32.692859800,T,KO,F,300,69.54
2025-10-29,9:35:34.975443407,T,KO,F,100,69.53
2025-10-29,9:35:34.975446252,T,KO,F,100,69.53
2025-10-29,9:35:37.167192413,T,KO,F I,12,69.51
2025-10-29,9:35:37.204677482,T,KO,F I,1,69.5
2025-10-29,9:35:37.204683069,T,KO,F,100,69.5
2025-10-29,9:35:37.204683069,T,KO,F I,7,69.5
2025-10-29,9:35:37.204686609,T,KO,F I,1,69.5
2025-10-29,9:35:37.204692503,T,KO,F I,20,69.5
2025-10-29,9:35:37.209524111,T,KO,I,50,69.5
2025-10-29,9:35:37.295877771,T,KO,F I,32,69.5
2025-10-29,9:35:37.295877771,T,KO,F I,68,69.5
2025-10-29,9:35:37.490889285,T,KO,F I,97,69.47
2025-10-29,9:35:37.491457596,T,KO,F I,10,69.47
2025-10-29,9:35:37.491842519,T,KO,I,9,69.47
2025-10-29,9:35:41.005997146,T,KO,I,5,69.44
2025-10-29,9:35:41.284270900,T,KO,I,50,69.44
2025-10-29,9:35:41.284340095,T,KO,F,100,69.44
2025-10-29,9:35:41.284358111,T,KO,I,1,69.44
2025-10-29,9:35:41.284403304,T,KO,F I,1,69.44
2025-10-29,9:35:41.285329401,T,KO,F,172,69.44
2025-10-29,9:35:43.913014783,T,KO,F I,54,69.45
2025-10-29,9:35:43.913504951,T,KO,F I,44,69.46
2025-10-29,9:35:43.913541005,T,KO,F I,6,69.46
2025-10-29,9:35:44.149383789,T,KO,F I,27,69.46
2025-10-29,9:35:45.142468945,T,KO,I,8,69.47
2025-10-29,9:35:45.276155568,T,KO,I,5,69.47
2025-10-29,9:35:45.581454481,T,KO,F I,4,69.48
2025-10-29,9:35:45.581457663,T,KO,F I,30,69.48
2025-10-29,9:35:45.581457663,T,KO,F I,82,69.48
2025-10-29,9:35:45.605184078,T,KO,F I,16,69.485
2025-10-29,9:35:46.078971683,T,KO,F,100,69.49
2025-10-29,9:35:46.078971683,T,KO,F,100,69.49
2025-10-29,9:35:46.086540451,T,KO,,200,69.5
2025-10-29,9:35:46.093625347,T,KO,F,100,69.49
2025-10-29,9:35:46.093625347,T,KO,F I,16,69.49
2025-10-29,9:35:46.093628382,T,KO,F,100,69.49
2025-10-29,9:35:46.096773864,T,KO,F I,50,69.48
2025-10-29,9:35:46.096776833,T,KO,F,100,69.48
2025-10-29,9:35:46.101783785,T,KO,I,13,69.48
2025-10-29,9:35:46.741894320,T,KO,F,100,69.51
2025-10-29,9:35:46.741897368,T,KO,F I,1,69.51
2025-10-29,9:35:46.741897368,T,KO,F,100,69.51
2025-10-29,9:35:46.772946308,T,KO,F,100,69.5
2025-10-29,9:35:46.772949321,T,KO,F,100,69.5
2025-10-29,9:35:49.840176530,T,KO,,200,69.5
2025-10-29,9:35:49.840176530,T,KO,I,50,69.51
2025-10-29,9:35:49.840179604,T,KO,,100,69.51
2025-10-29,9:35:49.840182556,T,KO,,100,69.51
2025-10-29,9:35:49.840435468,T,KO,F,100,69.5
2025-10-29,9:35:49.840438218,T,KO,F,100,69.5
2025-10-29,9:35:49.840444325,T,KO,F I,41,69.5
2025-10-29,9:35:49.840444325,T,KO,F,100,69.5
2025-10-29,9:35:50.128855142,T,KO,F I,7,69.5
2025-10-29,9:35:50.128855142,T,KO,F,1326,69.5
2025-10-29,9:35:50.128861735,T,KO,F,100,69.5
2025-10-29,9:35:50.128861735,T,KO,F,200,69.5
2025-10-29,9:35:50.128864381,T,KO,F I,81,69.5
2025-10-29,9:35:50.128864381,T,KO,F,110,69.5
2025-10-29,9:35:50.128867120,T,KO,F,152,69.5
2025-10-29,9:35:50.128882161,T,KO,,100,69.5
2025-10-29,9:35:50.695798322,T,KO,,100,69.505
2025-10-29,9:35:51.893765148,T,KO,F I,26,69.51
2025-10-29,9:35:51.893767556,T,KO,F I,4,69.51
2025-10-29,9:35:51.893869735,T,KO,I,5,69.51
2025-10-29,9:35:52.008638245,T,KO,F,152,69.51
2025-10-29,9:35:52.008699000,T,KO,I,7,69.51
2025-10-29,9:35:52.008701387,T,KO,I,33,69.51
2025-10-29,9:35:52.009468744,T,KO,F,100,69.51
2025-10-29,9:35:52.009471284,T,KO,F I,7,69.51
2025-10-29,9:35:52.009471284,T,KO,F I,33,69.51
2025-10-29,9:35:56.557079212,T,KO,F I,10,69.52
2025-10-29,9:35:56.557082362,T,KO,F I,52,69.52
2025-10-29,9:35:56.557082362,T,KO,F,100,69.52
2025-10-29,9:35:56.697817459,T,KO,F,100,69.52
2025-10-29,9:35:57.948908039,T,KO,F I,53,69.49
2025-10-29,9:36:01.916792348,T,KO,,100,69.47
2025-10-29,9:36:01.916814248,T,KO,,100,69.47
2025-10-29,9:36:01.916816605,T,KO,I,1,69.47
2025-10-29,9:36:01.916828496,T,KO,F,100,69.47
2025-10-29,9:36:01.917538169,T,KO,F I,99,69.46
2025-10-29,9:36:01.918196655,T,KO,F,100,69.46
2025-10-29,9:36:01.942091643,T,KO,I,1,69.46
2025-10-29,9:36:01.942091643,T,KO,I,6,69.46
2025-10-29,9:36:01.942112638,T,KO,I,1,69.46
2025-10-29,9:36:01.942906550,T,KO,,200,69.465
2025-10-29,9:36:03.176420364,T,KO,I,3,69.47
2025-10-29,9:36:03.176438474,T,KO,I,1,69.47
2025-10-29,9:36:03.802307004,T,KO,,100,69.465
2025-10-29,9:36:04.624988382,T,KO,F I,50,69.47
2025-10-29,9:36:05.525849943,T,KO,I,28,69.47
2025-10-29,9:36:06.671662975,T,KO,F I,50,69.45
2025-10-29,9:36:06.671666007,T,KO,F,100,69.45
2025-10-29,9:36:06.671681010,T,KO,I,1,69.45
2025-10-29,9:36:06.672195266,T,KO,F,199,69.45
2025-10-29,9:36:13.005016995,T,KO,I,20,69.445
2025-10-29,9:36:14.405999751,T,KO,I,28,69.46
2025-10-29,9:36:14.405999751,T,KO,I,68,69.46
2025-10-29,9:36:14.406005888,T,KO,F I,32,69.46
2025-10-29,9:36:14.406005888,T,KO,F I,96,69.46
2025-10-29,9:36:14.406005888,T,KO,F I,4,69.46
2025-10-29,9:36:14.406011704,T,KO,F,100,69.46
2025-10-29,9:36:14.407939911,T,KO,F,100,69.465
2025-10-29,9:36:14.407942873,T,KO,F,100,69.45
2025-10-29,9:36:14.407945285,T,KO,F I,40,69.45
2025-10-29,9:36:14.407948395,T,KO,F I,57,69.45
2025-10-29,9:36:14.407948395,T,KO,F I,50,69.45
2025-10-29,9:36:14.407951683,T,KO,F I,50,69.45
2025-10-29,9:36:14.407960394,T,KO,I,1,69.45
2025-10-29,9:36:16.420404299,T,KO,F,100,69.44
2025-10-29,9:36:17.959818702,T,KO,F I,57,69.44
2025-10-29,9:36:17.959818702,T,KO,F I,50,69.44
2025-10-29,9:36:19.211237244,T,KO,F I,1,69.42
2025-10-29,9:36:23.443923319,T,KO,I,1,69.44
2025-10-29,9:36:23.443926236,T,KO,,100,69.44
2025-10-29,9:36:23.720891918,T,KO,F I,68,69.44
2025-10-29,9:36:23.720906891,T,KO,F I,68,69.44
2025-10-29,9:36:23.720906891,T,KO,F I,68,69.44
2025-10-29,9:36:23.720912978,T,KO,F I,64,69.44
2025-10-29,9:36:23.720912978,T,KO,F I,4,69.44
2025-10-29,9:36:24.340232047,T,KO,F I,1,69.44
2025-10-29,9:36:24.340235777,T,KO,F,100,69.44
2025-10-29,9:36:24.369242210,T,KO,I,23,69.44
2025-10-29,9:36:24.369245256,T,KO,I,1,69.44
2025-10-29,9:36:24.375127300,T,KO,F I,1,69.43
2025-10-29,9:36:24.375127300,T,KO,F,200,69.43
2025-10-29,9:36:24.375130207,T,KO,F I,1,69.43
2025-10-29,9:36:24.715940810,T,KO,F,100,69.42
2025-10-29,9:36:25.352160151,T,KO,F,225,69.41
2025-10-29,9:36:31.144207223,T,KO,F I,3,69.41
2025-10-29,9:36:31.220519971,T,KO,F I,10,69.4
2025-10-29,9:36:31.342589718,T,KO,F I,41,69.41
2025-10-29,9:36:31.342592723,T,KO,F I,51,69.41
2025-10-29,9:36:31.342595766,T,KO,F I,50,69.41
2025-10-29,9:36:31.342635608,T,KO,I,85,69.42
2025-10-29,9:36:31.342641147,T,KO,I,8,69.42
2025-10-29,9:36:31.342643805,T,KO,,100,69.42
2025-10-29,9:36:31.342646873,T,KO,,100,69.42
2025-10-29,9:36:31.342646873,T,KO,I,50,69.42
2025-10-29,9:36:31.342650075,T,KO,,100,69.42
2025-10-29,9:36:33.439967895,T,KO,,100,69.415
2025-10-29,9:36:33.440013040,T,KO,I,1,69.415
2025-10-29,9:36:34.158433231,T,KO,F I,99,69.41
2025-10-29,9:36:36.770060196,T,KO,F I,55,69.42
2025-10-29,9:36:36.776041402,T,KO,F,100,69.43
2025-10-29,9:36:42.770100451,T,KO,F,100,69.46
2025-10-29,9:36:42.770118664,T,KO,I,1,69.46
2025-10-29,9:36:42.770121433,T,KO,F I,1,69.46
2025-10-29,9:36:46.755260754,T,KO,F,100,69.47
2025-10-29,9:36:46.776043252,T,KO,F,100,69.47
2025-10-29,9:36:46.776046305,T,KO,F I,37,69.47
2025-10-29,9:36:46.776064305,T,KO,I,1,69.47
2025-10-29,9:36:47.349924147,T,KO,F I,62,69.47
2025-10-29,9:36:47.466223050,T,KO,F I,50,69.46
2025-10-29,9:36:47.466466660,T,KO,F I,50,69.46
2025-10-29,9:36:47.906922901,T,KO,F,100,69.46
2025-10-29,9:36:47.906925701,T,KO,F I,50,69.46
2025-10-29,9:36:48.149859276,T,KO,,100,69.465
2025-10-29,9:36:48.368961137,T,KO,I,3,69.465
2025-10-29,9:36:53.918302992,T,KO,F,300,69.48
2025-10-29,9:36:55.721198968,T,KO,F,100,69.47
2025-10-29,9:36:58.411980588,T,KO,F I,50,69.45
2025-10-29,9:37:01.925356516,T,KO,I,2,69.46
2025-10-29,9:37:02.595749130,T,KO,F I,50,69.46
2025-10-29,9:37:08.445521495,T,KO,,100,69.45
2025-10-29,9:37:11.519995918,T,KO,F,100,69.44
2025-10-29,9:37:12.005902300,T,KO,I,2,69.445
2025-10-29,9:37:12.022884348,T,KO,F,100,69.45
2025-10-29,9:37:14.419435498,T,KO,,100,69.455
2025-10-29,9:37:16.795857926,T,KO,,100,69.46
2025-10-29,9:37:16.795857926,T,KO,I,20,69.46
2025-10-29,9:37:16.795872494,T,KO,I,1,69.46
2025-10-29,9:37:18.968664427,T,KO,F I,17,69.46
2025-10-29,9:37:18.968679461,T,KO,F I,17,69.46
2025-10-29,9:37:18.968686202,T,KO,I,17,69.46
2025-10-29,9:37:18.968698723,T,KO,F I,66,69.46
2025-10-29,9:37:25.754984273,T,KO,I,83,69.45
2025-10-29,9:37:38.208196052,T,KO,F I,50,69.45
2025-10-29,9:37:38.208454674,T,KO,F I,17,69.45
2025-10-29,9:37:38.213855568,T,KO,F I,1,69.45
2025-10-29,9:37:38.213858807,T,KO,F I,11,69.45
2025-10-29,9:37:40.853524533,T,KO,,150,69.48
2025-10-29,9:37:40.853524533,T,KO,I,21,69.48
2025-10-29,9:37:40.853527479,T,KO,I,11,69.48
2025-10-29,9:37:47.544120396,T,KO,F I,4,69.5
2025-10-29,9:37:47.544123353,T,KO,F,100,69.5
2025-10-29,9:37:47.737923000,T,KO,F I,10,69.51
2025-10-29,9:37:53.044138576,T,KO,,100,69.52
2025-10-29,9:37:53.713743441,T,KO,F,100,69.51
2025-10-29,9:37:55.956397704,T,KO,F,100,69.53
2025-10-29,9:37:55.956400763,T,KO,F,100,69.53
2025-10-29,9:37:58.730998031,T,KO,,100,69.56
2025-10-29,9:37:58.981777202,T,KO,I,65,69.56
2025-10-29,9:37:58.981777202,T,KO,,100,69.56
2025-10-29,9:37:59.476581674,T,KO,I,93,69.56
2025-10-29,9:38:06.468420198,T,KO,F I,1,69.57
2025-10-29,9:38:06.468663806,T,KO,I,18,69.58
2025-10-29,9:38:08.570664118,T,KO,F I,1,69.58
2025-10-29,9:38:10.267389184,T,KO,,100,69.57
2025-10-29,9:38:10.267392172,T,KO,I,50,69.57
2025-10-29,9:38:10.267392172,T,KO,I,50,69.57
2025-10-29,9:38:10.267864273,T,KO,I,74,69.57
2025-10-29,9:38:10.268135560,T,KO,,100,69.57
2025-10-29,9:38:10.268138001,T,KO,,100,69.57
2025-10-29,9:38:10.268550225,T,KO,,100,69.57
2025-10-29,9:38:10.268583058,T,KO,I,59,69.57
2025-10-29,9:38:10.268616057,T,KO,I,1,69.57
2025-10-29,9:38:10.268619052,T,KO,I,41,69.57
2025-10-29,9:38:10.270505396,T,KO,F I,1,69.57
2025-10-29,9:38:10.270507573,T,KO,F I,1,69.57
2025-10-29,9:38:11.271065644,T,KO,F,600,69.56
2025-10-29,9:38:11.271069641,T,KO,F,300,69.56
2025-10-29,9:38:11.271069641,T,KO,F,208,69.56
2025-10-29,9:38:11.277503920,T,KO,,100,69.555
2025-10-29,9:38:11.277507590,T,KO,I,4,69.56
2025-10-29,9:38:11.277507590,T,KO,I,96,69.56
2025-10-29,9:38:11.277513318,T,KO,I,3,69.56
2025-10-29,9:38:11.277513318,T,KO,I,1,69.56
2025-10-29,9:38:11.277915963,T,KO,F I,50,69.56
2025-10-29,9:38:11.474851968,T,KO,I,11,69.55
2025-10-29,9:38:11.836908294,T,KO,I,66,69.55
2025-10-29,9:38:14.390467100,T,KO,F I,10,69.54
2025-10-29,9:38:15.346443906,T,KO,F,100,69.53
2025-10-29,9:38:18.434531840,T,KO,F I,50,69.54
2025-10-29,9:38:22.776768690,T,KO,F I,50,69.52
2025-10-29,9:38:22.776793108,T,KO,F I,5,69.52
2025-10-29,9:38:22.776855794,T,KO,F I,50,69.52
2025-10-29,9:38:22.776861943,T,KO,I,50,69.52
2025-10-29,9:38:22.776873910,T,KO,F I,45,69.52
2025-10-29,9:38:25.397008155,T,KO,I,11,69.535
2025-10-29,9:38:35.726492775,T,KO,I,50,69.55
2025-10-29,9:38:36.808662085,T,KO,I,50,69.55
2025-10-29,9:38:37.008118436,T,KO,,100,69.56
2025-10-29,9:38:37.009408648,T,KO,F I,30,69.565
2025-10-29,9:38:37.009417306,T,KO,F,123,69.565
2025-10-29,9:38:37.009483682,T,KO,F I,47,69.565
2025-10-29,9:38:37.009483682,T,KO,F I,19,69.56
2025-10-29,9:38:37.009489548,T,KO,F I,19,69.56
2025-10-29,9:38:37.009489548,T,KO,F I,1,69.56
2025-10-29,9:38:37.009492509,T,KO,F,100,69.56
2025-10-29,9:38:37.009492509,T,KO,F I,14,69.56
2025-10-29,9:38:37.010280287,T,KO,F I,38,69.56
2025-10-29,9:38:37.636085841,T,KO,F I,14,69.56
2025-10-29,9:38:37.636088906,T,KO,F I,1,69.56
2025-10-29,9:38:37.636088906,T,KO,F I,2,69.56
2025-10-29,9:38:37.636912815,T,KO,,100,69.56
2025-10-29,9:38:37.637846181,T,KO,F I,1,69.56
2025-10-29,9:38:37.637846181,T,KO,F,100,69.56
2025-10-29,9:38:37.637851002,T,KO,F I,38,69.56
2025-10-29,9:38:38.385924950,T,KO,I,38,69.55
2025-10-29,9:38:38.385927725,T,KO,,100,69.55
2025-10-29,9:38:38.385930732,T,KO,I,67,69.55
2025-10-29,9:38:38.386283089,T,KO,I,26,69.55
2025-10-29,9:38:38.386285740,T,KO,I,13,69.55
2025-10-29,9:38:38.386285740,T,KO,I,1,69.55
2025-10-29,9:38:38.386333713,T,KO,I,39,69.55
2025-10-29,9:38:38.386366723,T,KO,F,100,69.55
2025-10-29,9:38:38.386872597,T,KO,F I,29,69.55
2025-10-29,9:38:38.386875078,T,KO,F I,39,69.55
2025-10-29,9:38:38.386875078,T,KO,F I,28,69.55
2025-10-29,9:38:38.386877928,T,KO,F I,39,69.55
2025-10-29,9:38:38.387558047,T,KO,I,39,69.55
2025-10-29,9:38:38.387558047,T,KO,,100,69.55
2025-10-29,9:38:38.387560975,T,KO,I,14,69.55
2025-10-29,9:38:38.387560975,T,KO,I,2,69.55
2025-10-29,9:38:38.387563679,T,KO,I,39,69.55
2025-10-29,9:38:38.388703721,T,KO,F I,39,69.55
2025-10-29,9:38:38.388703721,T,KO,F I,7,69.55
2025-10-29,9:38:38.388706592,T,KO,F I,39,69.55
2025-10-29,9:38:38.388706592,T,KO,F I,50,69.55
2025-10-29,9:38:38.392312047,T,KO,F I,39,69.55
2025-10-29,9:38:38.392312047,T,KO,F,100,69.55
2025-10-29,9:38:38.392314911,T,KO,F I,39,69.55
2025-10-29,9:38:38.393430510,T,KO,F I,39,69.55
2025-10-29,9:38:38.393433620,T,KO,F,100,69.55
2025-10-29,9:38:38.393436861,T,KO,F I,39,69.55
2025-10-29,9:38:38.396669313,T,KO,I,50,69.55
2025-10-29,9:38:38.396702447,T,KO,I,50,69.55
2025-10-29,9:38:38.396705791,T,KO,,100,69.55
2025-10-29,9:38:38.396705791,T,KO,I,39,69.55
2025-10-29,9:38:38.396708577,T,KO,I,39,69.55
2025-10-29,9:38:38.396711322,T,KO,,200,69.55
2025-10-29,9:38:38.396711322,T,KO,I,6,69.55
2025-10-29,9:38:38.505146589,T,KO,F I,39,69.55
2025-10-29,9:38:38.505150283,T,KO,F I,2,69.55
2025-10-29,9:38:38.505150283,T,KO,F I,3,69.55
2025-10-29,9:38:38.505152620,T,KO,F I,39,69.55
2025-10-29,9:38:40.037629574,T,KO,F I,39,69.54
2025-10-29,9:38:40.037629574,T,KO,F I,50,69.54
2025-10-29,9:38:40.037656949,T,KO,F I,50,69.54
2025-10-29,9:38:41.098481198,T,KO,F,100,69.54
2025-10-29,9:38:41.879456221,T,KO,,100,69.54
2025-10-29,9:38:41.879489298,T,KO,I,39,69.54
2025-10-29,9:38:41.879492306,T,KO,,100,69.54
2025-10-29,9:38:41.879495282,T,KO,I,1,69.54
2025-10-29,9:38:43.674353061,T,KO,F,100,69.54
2025-10-29,9:38:43.674353061,T,KO,F I,39,69.54
2025-10-29,9:38:46.196977208,T,KO,I,15,69.54
2025-10-29,9:38:55.532408213,T,KO,F I,1,69.54
2025-10-29,9:38:57.516449575,T,KO,F,100,69.54
2025-10-29,9:39:02.474240495,T,KO,F I,12,69.54
2025-10-29,9:39:06.246626164,T,KO,F,100,69.56
2025-10-29,9:39:08.880527257,T,KO,F I,10,69.54
2025-10-29,9:39:08.881324328,T,KO,,100,69.54
2025-10-29,9:39:17.902756617,T,KO,F,127,69.54
2025-10-29,9:39:17.902771669,T,KO,F I,48,69.54
2025-10-29,9:39:17.902774627,T,KO,F I,10,69.54
2025-10-29,9:39:18.152591564,T,KO,F I,1,69.53
2025-10-29,9:39:19.328247737,T,KO,I,50,69.53
2025-10-29,9:39:19.328247737,T,KO,,100,69.53
2025-10-29,9:39:19.328265612,T,KO,I,1,69.53
2025-10-29,9:39:20.493108169,T,KO,F,100,69.54
2025-10-29,9:39:20.493108169,T,KO,F,100,69.54
2025-10-29,9:39:24.768294040,T,KO,F,100,69.54
2025-10-29,9:39:30.748342687,T,KO,F I,57,69.53
2025-10-29,9:39:30.748342687,T,KO,F I,5,69.53
2025-10-29,9:39:30.748808800,T,KO,F I,50,69.53
2025-10-29,9:39:35.095186512,T,KO,I,57,69.54
2025-10-29,9:39:35.097068906,T,KO,I,19,69.54
2025-10-29,9:39:35.097093019,T,KO,F I,81,69.54
2025-10-29,9:39:35.098244742,T,KO,F I,38,69.53
2025-10-29,9:39:35.665684169,T,KO,I,38,69.53
2025-10-29,9:39:49.396867908,T,KO,I,50,69.57
2025-10-29,9:39:49.651117443,T,KO,F,100,69.57
2025-10-29,9:39:50.354270185,T,KO,I,20,69.57
2025-10-29,9:39:50.354273810,T,KO,I,10,69.57
2025-10-29,9:39:50.354273810,T,KO,I,50,69.57
2025-10-29,9:39:50.354276240,T,KO,,100,69.57
2025-10-29,9:39:50.355223520,T,KO,I,41,69.57
2025-10-29,9:39:50.355226400,T,KO,I,21,69.57
2025-10-29,9:39:57.164223399,T,KO,F,100,69.57
2025-10-29,9:39:57.164232376,T,KO,F,100,69.57
2025-10-29,9:39:58.563419993,T,KO,F I,7,69.56
2025-10-29,9:40:02.745353954,T,KO,I,1,69.58
2025-10-29,9:40:02.745353954,T,KO,I,68,69.58
2025-10-29,9:40:02.768521200,T,KO,F I,65,69.58
2025-10-29,9:40:03.299661131,T,KO,I,47,69.58
2025-10-29,9:40:03.299682217,T,KO,F I,53,69.58
2025-10-29,9:40:03.299685259,T,KO,F,100,69.58
2025-10-29,9:40:03.299688243,T,KO,F I,47,69.58
2025-10-29,9:40:03.299709300,T,KO,I,1,69.58
2025-10-29,9:40:03.671920699,T,KO,I,2,69.575
2025-10-29,9:40:04.154224635,T,KO,F I,2,69.57
2025-10-29,9:40:04.158756227,T,KO,F I,41,69.57
2025-10-29,9:40:04.158759215,T,KO,F I,1,69.57
2025-10-29,9:40:04.158762205,T,KO,F I,37,69.57
2025-10-29,9:40:04.164042854,T,KO,F I,41,69.57
2025-10-29,9:40:04.164042854,T,KO,F I,41,69.57
2025-10-29,9:40:04.196045681,T,KO,F,100,69.57
2025-10-29,9:40:04.196048179,T,KO,F I,41,69.57
2025-10-29,9:40:04.196048179,T,KO,F I,1,69.57
2025-10-29,9:40:04.196051050,T,KO,F I,41,69.57
2025-10-29,9:40:04.196135278,T,KO,I,1,69.57
2025-10-29,9:40:04.196138213,T,KO,,100,69.57
2025-10-29,9:40:04.196141254,T,KO,I,41,69.57
2025-10-29,9:40:04.269188205,T,KO,I,41,69.57
2025-10-29,9:40:04.269191207,T,KO,,100,69.57
2025-10-29,9:40:05.692333833,T,KO,I,41,69.59
2025-10-29,9:40:05.692337356,T,KO,I,66,69.59
2025-10-29,9:40:05.692339811,T,KO,I,1,69.59
2025-10-29,9:40:05.692851230,T,KO,,100,69.59
2025-10-29,9:40:05.692854005,T,KO,I,41,69.59
2025-10-29,9:40:05.715179220,T,KO,,106,69.6
2025-10-29,9:40:05.715200254,T,KO,I,1,69.6
2025-10-29,9:40:05.715209294,T,KO,I,22,69.6
2025-10-29,9:40:05.715639468,T,KO,F I,41,69.6
2025-10-29,9:40:05.715639468,T,KO,F I,41,69.6
2025-10-29,9:40:05.715642330,T,KO,F I,97,69.6
2025-10-29,9:40:05.715675302,T,KO,F I,3,69.6
2025-10-29,9:40:06.172084312,T,KO,I,22,69.6
2025-10-29,9:40:06.317363376,T,KO,I,19,69.6
2025-10-29,9:40:06.317363376,T,KO,I,6,69.6
2025-10-29,9:40:06.317568608,T,KO,,100,69.6
2025-10-29,9:40:06.317571002,T,KO,I,41,69.6
2025-10-29,9:40:06.317573796,T,KO,I,1,69.6
2025-10-29,9:40:06.317606863,T,KO,I,19,69.59
2025-10-29,9:40:06.993983790,T,KO,I,10,69.6
2025-10-29,9:40:07.469283769,T,KO,I,4,69.59
2025-10-29,9:40:10.372247720,T,KO,F I,4,69.58
2025-10-29,9:40:10.372247720,T,KO,F I,18,69.58
2025-10-29,9:40:10.374298645,T,KO,F I,16,69.57
2025-10-29,9:40:10.374319677,T,KO,I,1,69.57
2025-10-29,9:40:10.374334681,T,KO,I,16,69.57
2025-10-29,9:40:10.375450585,T,KO,I,40,69.57
2025-10-29,9:40:10.375453351,T,KO,I,10,69.57
2025-10-29,9:40:10.376247221,T,KO,I,43,69.57
2025-10-29,9:40:12.290549601,T,KO,I,1,69.57
2025-10-29,9:40:12.290579767,T,KO,,100,69.58
2025-10-29,9:40:12.290585831,T,KO,,100,69.58
2025-10-29,9:40:12.290588714,T,KO,I,50,69.58
2025-10-29,9:40:12.290606892,T,KO,I,86,69.58
2025-10-29,9:40:12.290826243,T,KO,,100,69.58
2025-10-29,9:40:12.291084887,T,KO,I,71,69.58
2025-10-29,9:40:12.291169040,T,KO,I,15,69.58
2025-10-29,9:40:12.291199214,T,KO,F I,39,69.58
2025-10-29,9:40:12.291199214,T,KO,F I,61,69.58
2025-10-29,9:40:12.291223256,T,KO,F I,39,69.58
2025-10-29,9:40:12.291229200,T,KO,F I,15,69.58
2025-10-29,9:40:14.056243898,T,KO,F I,39,69.59
2025-10-29,9:40:14.575240911,T,KO,I,30,69.59
2025-10-29,9:40:17.930157173,T,KO,I,5,69.575
2025-10-29,9:40:21.271550220,T,KO,I,1,69.58
2025-10-29,9:40:21.817963647,T,KO,F,200,69.58
2025-10-29,9:40:21.818526023,T,KO,I,7,69.58
2025-10-29,9:40:23.414853994,T,KO,I,2,69.585
2025-10-29,9:40:23.485221515,T,KO,F I,7,69.58
2025-10-29,9:40:26.379762432,T,KO,F I,7,69.58
2025-10-29,9:40:26.647727676,T,KO,F I,7,69.57
2025-10-29,9:40:26.647727676,T,KO,F I,11,69.57
2025-10-29,9:40:26.648446600,T,KO,I,37,69.57
2025-10-29,9:40:26.648446600,T,KO,,100,69.57
2025-10-29,9:40:26.648449401,T,KO,,100,69.57
2025-10-29,9:40:26.648467374,T,KO,I,1,69.57
2025-10-29,9:40:26.648477163,T,KO,F I,99,69.57
2025-10-29,9:40:26.648479476,T,KO,F I,1,69.57
2025-10-29,9:40:26.648485436,T,KO,F I,99,69.57
2025-10-29,9:40:26.648960537,T,KO,I,37,69.57
2025-10-29,9:40:26.648963571,T,KO,I,37,69.57
2025-10-29,9:40:26.648963571,T,KO,I,10,69.57
2025-10-29,9:40:26.648996807,T,KO,,100,69.57
2025-10-29,9:40:26.649616732,T,KO,I,37,69.57
2025-10-29,9:40:26.649619159,T,KO,I,1,69.57
2025-10-29,9:40:26.649622157,T,KO,I,62,69.57
2025-10-29,9:40:26.649652194,T,KO,F I,38,69.57
2025-10-29,9:40:26.649659289,T,KO,F I,75,69.57
2025-10-29,9:40:26.649664316,T,KO,F I,25,69.57
2025-10-29,9:40:30.201447617,T,KO,F I,5,69.57
2025-10-29,9:40:36.051767267,T,KO,F I,1,69.57
2025-10-29,9:40:44.658030756,T,KO,F I,37,69.58
2025-10-29,9:40:47.736360418,T,KO,F I,11,69.58
2025-10-29,9:40:47.737467045,T,KO,F,200,69.57
2025-10-29,9:40:47.737752770,T,KO,F I,10,69.57
2025-10-29,9:40:48.328870697,T,KO,I,21,69.57
2025-10-29,9:40:50.760281494,T,KO,F I,70,69.56
2025-10-29,9:40:50.760302619,T,KO,F I,30,69.56
2025-10-29,9:40:50.760302619,T,KO,F I,30,69.56
2025-10-29,9:40:50.760320670,T,KO,I,13,69.56
2025-10-29,9:40:53.576669281,T,KO,F I,1,69.55
2025-10-29,9:40:53.593151859,T,KO,I,21,69.56
2025-10-29,9:40:56.761345006,T,KO,F I,16,69.57
2025-10-29,9:40:56.761345006,T,KO,F,100,69.57
2025-10-29,9:40:56.761347700,T,KO,F I,5,69.57
2025-10-29,9:40:56.761365244,T,KO,I,1,69.57
2025-10-29,9:40:57.324703032,T,KO,,100,69.57
2025-10-29,9:40:58.775132460,T,KO,I,18,69.565
2025-10-29,9:40:58.775159580,T,KO,,100,69.565
2025-10-29,9:40:58.775168705,T,KO,I,21,69.56
2025-10-29,9:40:58.775171532,T,KO,,101,69.56
2025-10-29,9:40:58.775174544,T,KO,I,87,69.56
2025-10-29,9:40:58.775186626,T,KO,I,1,69.56
2025-10-29,9:40:59.005054116,T,KO,I,5,69.565
2025-10-29,9:41:00.534039710,T,KO,,100,69.565
2025-10-29,9:41:05.509915613,T,KO,,100,69.565
2025-10-29,9:41:07.868372908,T,KO,F I,2,69.56
2025-10-29,9:41:07.868372908,T,KO,F I,22,69.56
2025-10-29,9:41:08.556191977,T,KO,F I,1,69.56
2025-10-29,9:41:08.556209988,T,KO,F I,1,69.56
2025-10-29,9:41:08.556243076,T,KO,F I,1,69.56
2025-10-29,9:41:08.556249020,T,KO,F I,1,69.56
2025-10-29,9:41:08.556252507,T,KO,F I,1,69.56
2025-10-29,9:41:08.556255453,T,KO,F I,1,69.56
2025-10-29,9:41:08.556255453,T,KO,F I,1,69.56
2025-10-29,9:41:08.556258144,T,KO,F I,1,69.56
2025-10-29,9:41:08.556261038,T,KO,F I,1,69.56
2025-10-29,9:41:08.556264129,T,KO,F I,1,69.56
2025-10-29,9:41:08.556267096,T,KO,F I,1,69.56
2025-10-29,9:41:08.563354973,T,KO,I,18,69.56
2025-10-29,9:41:08.563376025,T,KO,I,18,69.56
2025-10-29,9:41:10.095350690,T,KO,I,1,69.56
2025-10-29,9:41:11.020435083,T,KO,,200,69.555
2025-10-29,9:41:11.139732301,T,KO,F I,19,69.55
2025-10-29,9:41:11.139735386,T,KO,F I,1,69.55
2025-10-29,9:41:11.139735386,T,KO,F I,50,69.55
2025-10-29,9:41:11.140950074,T,KO,,100,69.545
2025-10-29,9:41:11.140974121,T,KO,,200,69.545
2025-10-29,9:41:11.141070649,T,KO,F I,36,69.55
2025-10-29,9:41:11.141070649,T,KO,F I,36,69.55
2025-10-29,9:41:12.113574486,T,KO,F,100,69.56
2025-10-29,9:41:12.582291980,T,KO,F I,36,69.56
2025-10-29,9:41:12.582294823,T,KO,F I,35,69.56
2025-10-29,9:41:12.582294823,T,KO,F I,75,69.56
2025-10-29,9:41:13.253159599,T,KO,F I,64,69.55
2025-10-29,9:41:13.253159599,T,KO,F I,40,69.55
2025-10-29,9:41:14.983336314,T,KO,F I,27,69.54
2025-10-29,9:41:20.271632274,T,KO,,100,69.54
2025-10-29,9:41:23.017183449,T,KO,F I,5,69.53
2025-10-29,9:41:23.017183449,T,KO,F I,10,69.53
2025-10-29,9:41:23.017935024,T,KO,,100,69.53
2025-10-29,9:41:23.018010228,T,KO,,100,69.53
2025-10-29,9:41:23.049964408,T,KO,I,34,69.53
2025-10-29,9:41:23.503020382,T,KO,I,56,69.52
2025-10-29,9:41:25.667103541,T,KO,F I,34,69.52
2025-10-29,9:41:25.667103541,T,KO,F I,24,69.52
2025-10-29,9:41:25.667109766,T,KO,F I,6,69.52
2025-10-29,9:41:25.667109766,T,KO,F I,2,69.52
2025-10-29,9:41:25.667112718,T,KO,F I,66,69.52
2025-10-29,9:41:25.667112718,T,KO,F I,32,69.52
2025-10-29,9:41:25.673878683,T,KO,I,34,69.52
2025-10-29,9:41:27.273280005,T,KO,F I,22,69.51
2025-10-29,9:41:30.393851591,T,KO,F I,2,69.505
2025-10-29,9:41:30.393858072,T,KO,F I,68,69.5
2025-10-29,9:41:30.393881513,T,KO,F I,32,69.5
2025-10-29,9:41:30.396305260,T,KO,I,69,69.5
2025-10-29,9:41:30.396332610,T,KO,F,331,69.5
2025-10-29,9:41:30.396336887,T,KO,F I,34,69.5
2025-10-29,9:41:30.396336887,T,KO,F I,34,69.5
2025-10-29,9:41:30.396336887,T,KO,F,100,69.5
2025-10-29,9:41:30.405413906,T,KO,F I,34,69.51
2025-10-29,9:41:30.405416756,T,KO,F I,3,69.51
2025-10-29,9:41:30.475931657,T,KO,,100,69.505
2025-10-29,9:41:32.376295722,T,KO,F I,44,69.5
2025-10-29,9:41:32.376314308,T,KO,F I,6,69.5
2025-10-29,9:41:33.481277384,T,KO,F I,75,69.49
2025-10-29,9:41:33.481298841,T,KO,I,2,69.49
2025-10-29,9:41:35.428121067,T,KO,F,100,69.48
2025-10-29,9:41:35.428121067,T,KO,F I,87,69.48
2025-10-29,9:41:35.428124167,T,KO,F I,10,69.48
2025-10-29,9:41:37.810379169,T,KO,F I,12,69.45
2025-10-29,9:41:37.810381989,T,KO,F I,52,69.45
2025-10-29,9:41:39.589127534,T,KO,F,100,69.46
2025-10-29,9:41:39.589131334,T,KO,F,100,69.46
2025-10-29,9:41:39.589133555,T,KO,F,100,69.46
2025-10-29,9:41:41.310481262,T,KO,F,100,69.47
2025-10-29,9:41:41.598934319,T,KO,F,400,69.48
2025-10-29,9:41:46.480586973,T,KO,F I,11,69.47
2025-10-29,9:41:49.418304736,T,KO,I,2,69.45
2025-10-29,9:41:49.418304736,T,KO,I,38,69.45
2025-10-29,9:41:55.035160372,T,KO,F I,2,69.46
2025-10-29,9:41:55.035230029,T,KO,F I,10,69.46
2025-10-29,9:41:56.885644626,T,KO,F I,20,69.45
2025-10-29,9:41:56.885647656,T,KO,F I,10,69.45
2025-10-29,9:41:56.885650814,T,KO,F I,67,69.45
2025-10-29,9:41:56.885653656,T,KO,F I,62,69.45
2025-10-29,9:42:03.605079603,T,KO,F I,27,69.44
2025-10-29,9:42:03.605082301,T,KO,F I,10,69.44
2025-10-29,9:42:08.283980392,T,KO,F I,1,69.43
2025-10-29,9:42:08.283995013,T,KO,F I,9,69.43
2025-10-29,9:42:09.041466100,T,KO,I,13,69.43
2025-10-29,9:42:09.769000883,T,KO,I,6,69.43
2025-10-29,9:42:14.788757504,T,KO,F,100,69.42
2025-10-29,9:42:14.788757504,T,KO,F,100,69.42
2025-10-29,9:42:14.788760383,T,KO,F I,11,69.42
2025-10-29,9:42:14.807486916,T,KO,F I,1,69.41
2025-10-29,9:42:14.807489006,T,KO,F I,62,69.41
2025-10-29,9:42:18.996772623,T,KO,I,19,69.42
2025-10-29,9:42:24.626982975,T,KO,F,100,69.41
2025-10-29,9:42:24.626982975,T,KO,F I,10,69.41
2025-10-29,9:42:24.626985922,T,KO,F I,2,69.41
2025-10-29,9:42:27.571208189,T,KO,,109,69.405
2025-10-29,9:42:27.571211242,T,KO,F,100,69.41
2025-10-29,9:42:27.571235233,T,KO,I,1,69.41
2025-10-29,9:42:27.571502928,T,KO,F I,99,69.41
2025-10-29,9:42:27.575406192,T,KO,F I,41,69.4
2025-10-29,9:42:27.583574605,T,KO,I,41,69.4
2025-10-29,9:42:27.583577163,T,KO,I,41,69.41
2025-10-29,9:42:27.583579726,T,KO,,102,69.41
2025-10-29,9:42:27.583582859,T,KO,I,50,69.41
2025-10-29,9:42:27.583582859,T,KO,,100,69.41
2025-10-29,9:42:29.292549929,T,KO,I,55,69.415
2025-10-29,9:42:29.795034694,T,KO,F I,41,69.41
2025-10-29,9:42:29.795037745,T,KO,F,149,69.41
2025-10-29,9:42:29.795037745,T,KO,F I,10,69.41
2025-10-29,9:42:34.539647850,T,KO,F I,77,69.4
2025-10-29,9:42:34.539647850,T,KO,F I,19,69.4
2025-10-29,9:42:34.539650725,T,KO,F I,25,69.4
2025-10-29,9:42:34.539665842,T,KO,I,1,69.4
2025-10-29,9:42:34.554942562,T,KO,F,100,69.4
2025-10-29,9:42:39.697009067,T,KO,F I,55,69.39
2025-10-29,9:42:39.697036024,T,KO,F,170,69.39
2025-10-29,9:42:39.697039125,T,KO,F I,11,69.39
2025-10-29,9:42:39.699721424,T,KO,,100,69.38
2025-10-29,9:42:40.369572764,T,KO,,100,69.375
2025-10-29,9:42:40.464960015,T,KO,F,100,69.37
2025-10-29,9:42:40.464963039,T,KO,F I,1,69.37
2025-10-29,9:42:40.486337871,T,KO,F I,42,69.37
2025-10-29,9:42:51.699820165,T,KO,F I,2,69.39
2025-10-29,9:42:51.699822971,T,KO,F I,87,69.39
2025-10-29,9:42:51.699826007,T,KO,F,100,69.39
2025-10-29,9:42:51.699844161,T,KO,I,1,69.39
2025-10-29,9:42:51.699847027,T,KO,F,299,69.39
2025-10-29,9:42:55.956891027,T,KO,I,1,69.395
2025-10-29,9:42:56.194610666,T,KO,F I,35,69.4
2025-10-29,9:42:56.194613763,T,KO,F,100,69.4
2025-10-29,9:42:56.194619241,T,KO,F,100,69.4
2025-10-29,9:42:56.195136418,T,KO,I,12,69.4
2025-10-29,9:42:56.196546828,T,KO,F I,5,69.4
2025-10-29,9:42:56.196546828,T,KO,F I,43,69.4
2025-10-29,9:42:56.196553598,T,KO,F I,13,69.4
2025-10-29,9:42:56.196571094,T,KO,F I,87,69.4
2025-10-29,9:42:56.196571094,T,KO,F,100,69.4
2025-10-29,9:42:56.196576852,T,KO,F,100,69.4
2025-10-29,9:42:56.196576852,T,KO,F I,42,69.4
2025-10-29,9:42:56.198260819,T,KO,F I,21,69.395
2025-10-29,9:42:57.788649688,T,KO,I,18,69.395
2025-10-29,9:42:59.450275205,T,KO,F I,43,69.4
2025-10-29,9:42:59.450275205,T,KO,F I,8,69.4
2025-10-29,9:42:59.451360763,T,KO,F I,35,69.41
2025-10-29,9:43:00.442837161,T,KO,,100,69.415
2025-10-29,9:43:05.005886949,T,KO,I,4,69.415
2025-10-29,9:43:05.055005897,T,KO,,100,69.415
2025-10-29,9:43:05.616211553,T,KO,F I,1,69.42
2025-10-29,9:43:05.923462304,T,KO,I,13,69.43
2025-10-29,9:43:06.363581468,T,KO,,100,69.425
2025-10-29,9:43:06.392507405,T,KO,F,107,69.42
2025-10-29,9:43:06.392510381,T,KO,F I,92,69.42
2025-10-29,9:43:08.299802977,T,KO,F I,10,69.42
2025-10-29,9:43:08.299818145,T,KO,F I,1,69.42
2025-10-29,9:43:08.299860125,T,KO,I,90,69.42
2025-10-29,9:43:08.299872163,T,KO,F I,9,69.42
2025-10-29,9:43:10.247848640,T,KO,F,100,69.43
2025-10-29,9:43:10.247866943,T,KO,I,1,69.43
2025-10-29,9:43:10.247872739,T,KO,F I,25,69.43
2025-10-29,9:43:11.453200405,T,KO,F I,6,69.44
2025-10-29,9:43:11.745045925,T,KO,F I,74,69.44
2025-10-29,9:43:11.746101659,T,KO,F I,40,69.44
2025-10-29,9:43:14.242863447,T,KO,F I,5,69.44
2025-10-29,9:43:14.242867353,T,KO,F I,40,69.44
2025-10-29,9:43:14.242869557,T,KO,F I,16,69.44
2025-10-29,9:43:14.242872759,T,KO,F I,14,69.44
2025-10-29,9:43:14.242888580,T,KO,F I,13,69.44
2025-10-29,9:43:14.242890664,T,KO,F I,22,69.44
2025-10-29,9:43:14.242893578,T,KO,F I,14,69.44
2025-10-29,9:43:14.242893578,T,KO,F I,20,69.44
2025-10-29,9:43:14.242899873,T,KO,F I,17,69.44
2025-10-29,9:43:14.282933931,T,KO,I,1,69.43
2025-10-29,9:43:14.404892408,T,KO,F I,40,69.43
2025-10-29,9:43:14.404892408,T,KO,F I,5,69.43
2025-10-29,9:43:14.404895403,T,KO,F,100,69.43
2025-10-29,9:43:14.404898364,T,KO,F,100,69.43
2025-10-29,9:43:19.525981193,T,KO,I,40,69.43
2025-10-29,9:43:21.005829790,T,KO,,100,69.425
2025-10-29,9:43:21.096027962,T,KO,F I,90,69.42
2025-10-29,9:43:21.096027962,T,KO,F,105,69.42
2025-10-29,9:43:22.229350861,T,KO,F I,63,69.42
2025-10-29,9:43:22.623433412,T,KO,,100,69.43
2025-10-29,9:43:22.625754967,T,KO,I,41,69.43
2025-10-29,9:43:22.625758087,T,KO,I,5,69.43
2025-10-29,9:43:22.625758087,T,KO,I,50,69.43
2025-10-29,9:43:22.629525899,T,KO,F I,2,69.44
2025-10-29,9:43:22.629546980,T,KO,I,1,69.44
2025-10-29,9:43:22.632833975,T,KO,I,97,69.44
2025-10-29,9:43:22.632833975,T,KO,I,50,69.44
2025-10-29,9:43:22.633510415,T,KO,F,100,69.44
2025-10-29,9:43:22.633510415,T,KO,F I,41,69.44
2025-10-29,9:43:22.633513424,T,KO,F,100,69.44
2025-10-29,9:43:22.633516680,T,KO,F I,41,69.44
2025-10-29,9:43:24.620809036,T,KO,F,126,69.43
2025-10-29,9:43:26.615364189,T,KO,F I,41,69.43
2025-10-29,9:43:26.615366576,T,KO,F I,58,69.43
2025-10-29,9:43:26.615368924,T,KO,F,100,69.43
2025-10-29,9:43:26.615390089,T,KO,F,100,69.43
2025-10-29,9:43:27.681242570,T,KO,,100,69.435
2025-10-29,9:43:28.122405568,T,KO,F,100,69.43
2025-10-29,9:43:28.122405568,T,KO,F I,10,69.43
2025-10-29,9:43:31.197848097,T,KO,F I,2,69.425
2025-10-29,9:43:31.197848097,T,KO,F,135,69.42
2025-10-29,9:43:31.197866085,T,KO,I,2,69.42
2025-10-29,9:43:31.202193447,T,KO,I,42,69.42
2025-10-29,9:43:32.713451826,T,KO,F I,38,69.43
2025-10-29,9:43:32.714332888,T,KO,F I,42,69.43
2025-10-29,9:43:32.714337121,T,KO,F I,9,69.43
2025-10-29,9:43:32.714337121,T,KO,F I,35,69.43
2025-10-29,9:43:32.714357009,T,KO,I,1,69.43
2025-10-29,9:43:32.714363030,T,KO,F I,6,69.43
2025-10-29,9:43:32.714363030,T,KO,F I,50,69.43
2025-10-29,9:43:32.730358041,T,KO,,184,69.425
2025-10-29,9:43:32.732033645,T,KO,F,100,69.41
2025-10-29,9:43:32.732036105,T,KO,F I,19,69.41
2025-10-29,9:43:32.732042131,T,KO,F,281,69.41
2025-10-29,9:43:32.732045138,T,KO,F,100,69.41
2025-10-29,9:43:32.748416036,T,KO,I,8,69.405
2025-10-29,9:43:32.913154590,T,KO,F,100,69.4
2025-10-29,9:43:32.913154590,T,KO,F I,2,69.4
2025-10-29,9:43:38.613043688,T,KO,F I,51,69.385
2025-10-29,9:43:38.619578540,T,KO,I,20,69.38
2025-10-29,9:43:38.619578540,T,KO,I,10,69.38
2025-10-29,9:43:38.947112443,T,KO,I,3,69.38
2025-10-29,9:43:42.145683421,T,KO,F I,39,69.38
2025-10-29,9:43:42.145704423,T,KO,F,100,69.38
2025-10-29,9:43:45.944904864,T,KO,F,100,69.39
2025-10-29,9:43:45.945434112,T,KO,F,100,69.4
2025-10-29,9:43:45.945954711,T,KO,F I,6,69.4
2025-10-29,9:43:45.946069380,T,KO,I,39,69.4
2025-10-29,9:43:45.946072427,T,KO,,100,69.4
2025-10-29,9:43:45.946074754,T,KO,,100,69.4
2025-10-29,9:43:45.946074754,T,KO,I,28,69.4
2025-10-29,9:43:47.338817735,T,KO,F I,39,69.4
2025-10-29,9:43:48.769475170,T,KO,,100,69.405
2025-10-29,9:43:48.811849275,T,KO,F I,3,69.405
2025-10-29,9:43:48.811852049,T,KO,F,100,69.4
2025-10-29,9:43:53.143079714,T,KO,F I,13,69.41
2025-10-29,9:43:54.068521762,T,KO,F I,3,69.41
2025-10-29,9:43:56.538195743,T,KO,I,4,69.415
2025-10-29,9:43:57.083244501,T,KO,F,100,69.42
2025-10-29,9:43:57.083247557,T,KO,F,100,69.42
2025-10-29,9:43:57.083816439,T,KO,I,43,69.42
2025-10-29,9:43:57.083816439,T,KO,I,5,69.42
2025-10-29,9:43:57.083818271,T,KO,I,7,69.42
2025-10-29,9:43:57.083821265,T,KO,I,45,69.42
2025-10-29,9:43:57.084441365,T,KO,,100,69.42
2025-10-29,9:43:57.084441365,T,KO,I,42,69.42
2025-10-29,9:43:57.084443724,T,KO,I,58,69.42
2025-10-29,9:43:59.283085191,T,KO,F I,1,69.42
2025-10-29,9:43:59.283085191,T,KO,F I,5,69.42
2025-10-29,9:43:59.283088227,T,KO,F I,45,69.42
2025-10-29,9:43:59.283091256,T,KO,F I,14,69.42
2025-10-29,9:43:59.283184482,T,KO,,120,69.42
2025-10-29,9:44:00.297449122,T,KO,F I,11,69.43
2025-10-29,9:44:00.297449122,T,KO,F I,14,69.43
2025-10-29,9:44:03.414965046,T,KO,F I,11,69.44
2025-10-29,9:44:05.311491992,T,KO,F I,3,69.45
2025-10-29,9:44:05.311495357,T,KO,F,100,69.45
2025-10-29,9:44:05.311498569,T,KO,F I,20,69.45
2025-10-29,9:44:05.311510061,T,KO,I,1,69.45
2025-10-29,9:44:05.505129165,T,KO,I,79,69.45
2025-10-29,9:44:06.550893836,T,KO,I,3,69.455
2025-10-29,9:44:10.519734434,T,KO,F I,19,69.45
2025-10-29,9:44:10.520549333,T,KO,,120,69.45
2025-10-29,9:44:10.815739020,T,KO,F,100,69.44
2025-10-29,9:44:10.815739020,T,KO,F I,63,69.44
2025-10-29,9:44:11.909079383,T,KO,,100,69.435
2025-10-29,9:44:12.991766068,T,KO,,100,69.435
2025-10-29,9:44:14.936136945,T,KO,F I,12,69.435
2025-10-29,9:44:15.262327026,T,KO,F I,2,69.43
2025-10-29,9:44:15.262329752,T,KO,F I,10,69.43
2025-10-29,9:44:27.730547362,T,KO,F I,1,69.42
2025-10-29,9:44:28.355146973,T,KO,F,100,69.43
2025-10-29,9:44:29.449435321,T,KO,F I,13,69.43
2025-10-29,9:44:32.800120628,T,KO,I,2,69.42
2025-10-29,9:44:32.800120628,T,KO,I,2,69.42
2025-10-29,9:44:32.800135706,T,KO,I,9,69.42
2025-10-29,9:44:33.236823800,T,KO,F I,53,69.41
2025-10-29,9:44:33.236823800,T,KO,F I,3,69.41
2025-10-29,9:44:34.662904267,T,KO,F,100,69.41
2025-10-29,9:44:34.663241207,T,KO,F I,47,69.41
2025-10-29,9:44:34.837918135,T,KO,F I,10,69.405
2025-10-29,9:44:36.790895549,T,KO,F I,10,69.4
2025-10-29,9:44:36.790895549,T,KO,F I,6,69.4
2025-10-29,9:44:48.200273210,T,KO,F I,6,69.4
2025-10-29,9:44:48.200294320,T,KO,F I,44,69.4
2025-10-29,9:44:52.250415471,T,KO,F,100,69.4
2025-10-29,9:44:55.404188717,T,KO,F,100,69.41
2025-10-29,9:44:55.404206741,T,KO,I,1,69.41
2025-10-29,9:44:55.404318028,T,KO,F I,99,69.41
2025-10-29,9:44:57.465841980,T,KO,I,8,69.42
2025-10-29,9:44:57.465841980,T,KO,I,92,69.42
2025-10-29,9:44:57.465859969,T,KO,I,1,69.42
2025-10-29,9:44:57.465893038,T,KO,F I,50,69.42
2025-10-29,9:44:57.530142009,T,KO,I,33,69.42
2025-10-29,9:44:57.530142009,T,KO,I,7,69.42
2025-10-29,9:44:57.544897408,T,KO,F I,33,69.42
2025-10-29,9:44:57.544897408,T,KO,F I,5,69.42
2025-10-29,9:44:57.544900209,T,KO,F I,33,69.42
2025-10-29,9:44:59.698984790,T,KO,F I,5,69.42
2025-10-29,9:44:59.698984790,T,KO,F I,33,69.42
2025-10-29,9:44:59.699264368,T,KO,F I,8,69.42
2025-10-29,9:45:00.031793321,T,KO,F I,14,69.43
2025-10-29,9:45:00.499692691,T,KO,F I,26,69.43
2025-10-29,9:45:01.303825897,T,KO,,100,69.43
2025-10-29,9:45:01.874254602,T,KO,,100,69.43
2025-10-29,9:45:04.047948490,T,KO,I,1,69.43
2025-10-29,9:45:04.047951470,T,KO,I,1,69.43
2025-10-29,9:45:04.289161980,T,KO,F I,41,69.44
2025-10-29,9:45:04.289814538,T,KO,,100,69.44
2025-10-29,9:45:05.495912143,T,KO,F,100,69.45
2025-10-29,9:45:07.112336964,T,KO,F I,10,69.45
2025-10-29,9:45:07.148203351,T,KO,F I,70,69.44
2025-10-29,9:45:08.825782405,T,KO,,400,69.44
2025-10-29,9:45:08.864581045,T,KO,,100,69.44
2025-10-29,9:45:08.864581045,T,KO,I,50,69.44
2025-10-29,9:45:08.864583231,T,KO,,100,69.44
2025-10-29,9:45:09.850842297,T,KO,F I,50,69.43
2025-10-29,9:45:09.858423283,T,KO,I,35,69.43
2025-10-29,9:45:09.858426312,T,KO,I,65,69.43
2025-10-29,9:45:09.858450479,T,KO,F I,35,69.43
2025-10-29,9:45:09.858450479,T,KO,F I,5,69.43
2025-10-29,9:45:09.912946243,T,KO,,100,69.44
2025-10-29,9:45:09.912949127,T,KO,,100,69.44
2025-10-29,9:45:09.939851274,T,KO,F,100,69.45
2025-10-29,9:45:10.024749489,T,KO,F I,2,69.46
2025-10-29,9:45:10.290787197,T,KO,I,35,69.46
2025-10-29,9:45:10.290790126,T,KO,I,5,69.46
2025-10-29,9:45:10.623235064,T,KO,,100,69.46
2025-10-29,9:45:10.623235064,T,KO,,100,69.46
2025-10-29,9:45:10.623240935,T,KO,F I,60,69.46
2025-10-29,9:45:11.357205008,T,KO,,100,69.475
2025-10-29,9:45:19.790183723,T,KO,F,100,69.47
2025-10-29,9:45:19.790198787,T,KO,F I,17,69.47
2025-10-29,9:45:19.790205428,T,KO,I,1,69.47
2025-10-29,9:45:19.790205428,T,KO,F I,82,69.47
2025-10-29,9:45:19.791119089,T,KO,I,35,69.47
2025-10-29,9:45:19.791119089,T,KO,I,65,69.47
2025-10-29,9:45:19.791122148,T,KO,I,1,69.47
2025-10-29,9:45:20.596930131,T,KO,F I,15,69.47
2025-10-29,9:45:20.857714274,T,KO,F I,10,69.46
2025-10-29,9:45:20.857714274,T,KO,F I,4,69.46
2025-10-29,9:45:21.130499939,T,KO,F I,96,69.46
2025-10-29,9:45:21.130824762,T,KO,F I,10,69.46
2025-10-29,9:45:21.138854558,T,KO,,100,69.46
2025-10-29,9:45:21.138854558,T,KO,,100,69.46
2025-10-29,9:45:21.138857600,T,KO,I,35,69.46
2025-10-29,9:45:21.138857600,T,KO,I,35,69.46
2025-10-29,9:45:21.138859930,T,KO,,100,69.46
2025-10-29,9:45:21.138862859,T,KO,,100,69.46
2025-10-29,9:45:21.266958927,T,KO,,100,69.475
2025-10-29,9:45:21.409158652,T,KO,F I,35,69.47
2025-10-29,9:45:23.692782521,T,KO,F I,50,69.46
2025-10-29,9:45:23.692785510,T,KO,F,100,69.46
2025-10-29,9:45:23.704925500,T,KO,,100,69.465
2025-10-29,9:45:28.796219585,T,KO,,100,69.46
2025-10-29,9:45:30.715095496,T,KO,F I,50,69.46
2025-10-29,9:45:30.715099087,T,KO,F,100,69.46
2025-10-29,9:45:30.715116808,T,KO,I,1,69.46
2025-10-29,9:45:30.715119754,T,KO,F I,99,69.46
2025-10-29,9:45:30.715119754,T,KO,F I,44,69.46
2025-10-29,9:45:30.715122442,T,KO,F,100,69.46
2025-10-29,9:45:30.715140477,T,KO,F,108,69.46
2025-10-29,9:45:37.111277982,T,KO,,100,69.47
2025-10-29,9:45:37.111296481,T,KO,I,1,69.47
2025-10-29,9:45:37.111527667,T,KO,F I,99,69.47
2025-10-29,9:45:37.111587786,T,KO,F I,17,69.47
2025-10-29,9:45:38.096685980,T,KO,F I,25,69.46
2025-10-29,9:45:38.096698007,T,KO,F I,10,69.46
2025-10-29,9:45:38.129067033,T,KO,F,100,69.45
2025-10-29,9:45:38.134804748,T,KO,F I,17,69.44
2025-10-29,9:45:38.135472338,T,KO,I,35,69.45
2025-10-29,9:45:40.063367011,T,KO,F I,35,69.44
2025-10-29,9:45:43.268162769,T,KO,F I,59,69.43
2025-10-29,9:45:43.268255964,T,KO,F I,16,69.43
2025-10-29,9:45:43.268277094,T,KO,I,25,69.43
2025-10-29,9:45:45.519534790,T,KO,I,10,69.42
2025-10-29,9:45:47.455404500,T,KO,,100,69.4
2025-10-29,9:45:47.455407452,T,KO,I,7,69.4
2025-10-29,9:45:47.474178178,T,KO,F I,75,69.39
2025-10-29,9:45:48.595374617,T,KO,F I,25,69.39
2025-10-29,9:45:48.595374617,T,KO,F I,8,69.39
2025-10-29,9:45:53.441223883,T,KO,F I,44,69.38
2025-10-29,9:45:53.441226810,T,KO,F I,10,69.38
2025-10-29,9:45:53.556347078,T,KO,,100,69.37
2025-10-29,9:45:53.557574003,T,KO,F I,50,69.36
2025-10-29,9:45:53.557574003,T,KO,F,100,69.36
2025-10-29,9:45:53.932491845,T,KO,,100,69.355
2025-10-29,9:45:55.071872678,T,KO,,100,69.36
2025-10-29,9:45:55.071872678,T,KO,I,36,69.36
2025-10-29,9:45:55.071893626,T,KO,F I,14,69.36
2025-10-29,9:45:55.071896543,T,KO,,100,69.36
2025-10-29,9:45:55.073439217,T,KO,F I,42,69.37
2025-10-29,9:45:55.647699205,T,KO,F,100,69.36
2025-10-29,9:45:55.647699205,T,KO,F I,61,69.36
2025-10-29,9:45:55.647701985,T,KO,I,39,69.36
2025-10-29,9:45:55.647704951,T,KO,,114,69.36
2025-10-29,9:45:55.647707990,T,KO,I,63,69.36
2025-10-29,9:45:56.747610681,T,KO,,100,69.345
2025-10-29,9:45:58.913729671,T,KO,I,33,69.34
2025-10-29,9:45:58.913756685,T,KO,F I,50,69.34
2025-10-29,9:45:58.913762705,T,KO,,143,69.34
2025-10-29,9:46:03.695493514,T,KO,,100,69.32
2025-10-29,9:46:03.711870448,T,KO,,100,69.315
2025-10-29,9:46:03.964198431,T,KO,F I,1,69.31
2025-10-29,9:46:03.965110025,T,KO,I,47,69.31
2025-10-29,9:46:03.965110025,T,KO,,100,69.31
2025-10-29,9:46:03.965115783,T,KO,,100,69.31
2025-10-29,9:46:03.965115783,T,KO,I,6,69.31
2025-10-29,9:46:03.965133716,T,KO,I,1,69.31
2025-10-29,9:46:03.967163479,T,KO,F,100,69.31
2025-10-29,9:46:03.967166523,T,KO,F I,47,69.31
2025-10-29,9:46:03.967166523,T,KO,F I,47,69.31
2025-10-29,9:46:03.967606198,T,KO,F,100,69.32
2025-10-29,9:46:03.967609296,T,KO,F I,84,69.32
2025-10-29,9:46:03.967611787,T,KO,F,100,69.32
2025-10-29,9:46:03.967611787,T,KO,F,100,69.32
2025-10-29,9:46:03.968039566,T,KO,F,100,69.33
2025-10-29,9:46:03.968039566,T,KO,F I,20,69.33
2025-10-29,9:46:03.968041635,T,KO,F,100,69.33
2025-10-29,9:46:03.968044648,T,KO,F,100,69.33
2025-10-29,9:46:03.968507672,T,KO,F I,15,69.33
2025-10-29,9:46:04.161835165,T,KO,F I,47,69.33
2025-10-29,9:46:04.161880260,T,KO,F I,47,69.32
2025-10-29,9:46:07.662238089,T,KO,F I,50,69.31
2025-10-29,9:46:07.903914760,T,KO,F I,47,69.32
2025-10-29,9:46:07.903914760,T,KO,F,100,69.32
2025-10-29,9:46:07.903917881,T,KO,F,100,69.32
2025-10-29,9:46:07.903917881,T,KO,F,247,69.32
2025-10-29,9:46:07.903920756,T,KO,F,153,69.32
2025-10-29,9:46:08.044213900,T,KO,F,100,69.32
2025-10-29,9:46:08.052655036,T,KO,,100,69.315
2025-10-29,9:46:08.545327366,T,KO,F I,84,69.32
2025-10-29,9:46:08.692085934,T,KO,F I,50,69.33
2025-10-29,9:46:09.255724411,T,KO,I,40,69.34
2025-10-29,9:46:09.255727371,T,KO,,100,69.34
2025-10-29,9:46:09.255730401,T,KO,,100,69.34
2025-10-29,9:46:09.255742698,T,KO,I,1,69.34
2025-10-29,9:46:09.295473042,T,KO,F,100,69.33
2025-10-29,9:46:09.295476025,T,KO,F I,10,69.33
2025-10-29,9:46:09.295476025,T,KO,F,100,69.33
2025-10-29,9:46:10.728551239,T,KO,F,100,69.32
2025-10-29,9:46:13.243471599,T,KO,F I,13,69.31
2025-10-29,9:46:13.243588316,T,KO,F I,8,69.31
2025-10-29,9:46:13.244535535,T,KO,F I,67,69.3
2025-10-29,9:46:13.627795446,T,KO,,100,69.31
2025-10-29,9:46:16.941297180,T,KO,I,1,69.31
2025-10-29,9:46:16.941297180,T,KO,,100,69.31
2025-10-29,9:46:18.362310580,T,KO,F I,72,69.315
2025-10-29,9:46:19.312047784,T,KO,I,1,69.32
2025-10-29,9:46:19.312050621,T,KO,I,50,69.32
2025-10-29,9:46:19.312273387,T,KO,F I,50,69.32
2025-10-29,9:46:19.312748437,T,KO,F,100,69.33
2025-10-29,9:46:19.312748437,T,KO,F I,50,69.33
2025-10-29,9:46:19.312751319,T,KO,F I,10,69.33
2025-10-29,9:46:19.312754245,T,KO,F,100,69.33
2025-10-29,9:46:19.312823483,T,KO,F,200,69.33
2025-10-29,9:46:21.077240507,T,KO,F I,4,69.33
2025-10-29,9:46:21.077240507,T,KO,F I,2,69.33
2025-10-29,9:46:21.078379970,T,KO,F I,30,69.33
2025-10-29,9:46:26.960445682,T,KO,F I,1,69.32
2025-10-29,9:46:29.445847402,T,KO,I,7,69.31
2025-10-29,9:46:29.445850128,T,KO,I,10,69.31
2025-10-29,9:46:29.445853139,T,KO,,100,69.31
2025-10-29,9:46:31.754980748,T,KO,I,4,69.31
2025-10-29,9:46:32.586058938,T,KO,F I,8,69.3
2025-10-29,9:46:32.587441478,T,KO,F I,63,69.29
2025-10-29,9:46:35.305431802,T,KO,F,126,69.26
2025-10-29,9:46:35.305693405,T,KO,F I,10,69.26
2025-10-29,9:46:38.262795495,T,KO,F,100,69.24
2025-10-29,9:46:38.262795495,T,KO,F I,24,69.24
2025-10-29,9:46:38.262810387,T,KO,I,1,69.24
2025-10-29,9:46:38.262816340,T,KO,F I,19,69.24
2025-10-29,9:46:39.459129160,T,KO,F I,2,69.23
2025-10-29,9:46:39.459129160,T,KO,F,100,69.23
2025-10-29,9:46:39.459134584,T,KO,F I,43,69.23
2025-10-29,9:46:46.444405371,T,KO,,100,69.225
2025-10-29,9:46:47.958583690,T,KO,F,100,69.225
2025-10-29,9:46:47.958587443,T,KO,F I,2,69.22
2025-10-29,9:46:47.958587443,T,KO,F I,10,69.22
2025-10-29,9:46:47.958607797,T,KO,,100,69.22
2025-10-29,9:46:49.453901738,T,KO,F I,12,69.21
2025-10-29,9:46:49.453907105,T,KO,F,100,69.21
2025-10-29,9:46:49.453907105,T,KO,F,100,69.21
2025-10-29,9:46:49.459241874,T,KO,I,7,69.205
2025-10-29,9:46:49.979468945,T,KO,,100,69.21
2025-10-29,9:46:49.979492913,T,KO,I,1,69.21
2025-10-29,9:46:49.979496577,T,KO,F I,99,69.21
2025-10-29,9:46:50.143590936,T,KO,I,49,69.21
2025-10-29,9:46:50.143593780,T,KO,I,1,69.21
2025-10-29,9:46:50.143593780,T,KO,I,50,69.21
2025-10-29,9:46:50.291206362,T,KO,,100,69.21
2025-10-29,9:46:51.694940595,T,KO,F,100,69.21
2025-10-29,9:46:51.694958932,T,KO,I,40,69.21
2025-10-29,9:46:51.694958932,T,KO,I,1,69.21
2025-10-29,9:46:51.694962681,T,KO,I,8,69.21
2025-10-29,9:46:51.694967731,T,KO,I,92,69.21
2025-10-29,9:46:51.696402125,T,KO,I,8,69.21
2025-10-29,9:46:51.696447146,T,KO,F I,92,69.21
2025-10-29,9:46:51.696450609,T,KO,F,100,69.21
2025-10-29,9:46:51.696453418,T,KO,F I,49,69.21
2025-10-29,9:46:51.696453418,T,KO,F I,49,69.21
2025-10-29,9:46:51.696456299,T,KO,F I,62,69.21
2025-10-29,9:46:54.587800675,T,KO,F I,49,69.21
2025-10-29,9:46:54.587800675,T,KO,F I,4,69.21
2025-10-29,9:46:54.787888359,T,KO,F I,2,69.21
2025-10-29,9:46:54.787888359,T,KO,F I,19,69.21
2025-10-29,9:46:57.874580636,T,KO,F I,64,69.22
2025-10-29,9:46:57.875636111,T,KO,F I,48,69.22
2025-10-29,9:46:57.875639265,T,KO,F,100,69.22
2025-10-29,9:46:57.875642128,T,KO,F I,6,69.22
2025-10-29,9:46:57.875642128,T,KO,F I,2,69.22
2025-10-29,9:46:58.925334227,T,KO,I,6,69.22
2025-10-29,9:46:58.925337558,T,KO,I,4,69.22
2025-10-29,9:46:58.925337558,T,KO,I,48,69.22
2025-10-29,9:46:58.925340412,T,KO,,100,69.22
2025-10-29,9:46:58.925935780,T,KO,F,198,69.23
2025-10-29,9:46:58.925959688,T,KO,F I,2,69.23
2025-10-29,9:46:58.926011433,T,KO,F,100,69.23
2025-10-29,9:46:58.926013839,T,KO,F,100,69.23
2025-10-29,9:47:00.667098150,T,KO,I,33,69.23
2025-10-29,9:47:00.667115614,T,KO,F I,17,69.23
2025-10-29,9:47:04.398486615,T,KO,F I,13,69.24
2025-10-29,9:47:04.398489789,T,KO,F,400,69.24
2025-10-29,9:47:04.398489789,T,KO,F I,1,69.24
2025-10-29,9:47:04.398492788,T,KO,F I,50,69.24
2025-10-29,9:47:04.398516646,T,KO,,100,69.24
2025-10-29,9:47:04.398889476,T,KO,F I,50,69.24
2025-10-29,9:47:04.398985728,T,KO,F I,50,69.24
2025-10-29,9:47:04.858519557,T,KO,F,100,69.24
2025-10-29,9:47:04.858522939,T,KO,F,100,69.24
2025-10-29,9:47:04.858525460,T,KO,F,100,69.24
2025-10-29,9:47:04.858528405,T,KO,F,100,69.24
2025-10-29,9:47:04.858528405,T,KO,F I,2,69.24
2025-10-29,9:47:04.858531259,T,KO,F,100,69.24
2025-10-29,9:47:04.858531259,T,KO,F I,1,69.24
2025-10-29,9:47:06.199136228,T,KO,I,11,69.235
2025-10-29,9:47:08.341946667,T,KO,F,100,69.23
2025-10-29,9:47:08.341949857,T,KO,F I,2,69.23
2025-10-29,9:47:08.341949857,T,KO,F,100,69.23
2025-10-29,9:47:10.034148979,T,KO,I,3,69.225
2025-10-29,9:47:14.980801504,T,KO,F I,10,69.2
2025-10-29,9:47:14.981838903,T,KO,I,51,69.2
2025-10-29,9:47:14.981848092,T,KO,F,100,69.2
2025-10-29,9:47:14.981992734,T,KO,F,100,69.21
2025-10-29,9:47:14.981995310,T,KO,F I,50,69.21
2025-10-29,9:47:14.982007363,T,KO,F,150,69.21
2025-10-29,9:47:14.982013383,T,KO,I,1,69.21
2025-10-29,9:47:14.982016403,T,KO,,100,69.21
2025-10-29,9:47:14.982293060,T,KO,I,49,69.21
2025-10-29,9:47:14.983252429,T,KO,F I,50,69.21
2025-10-29,9:47:14.983255559,T,KO,F I,6,69.21
2025-10-29,9:47:14.983258787,T,KO,F I,51,69.21
2025-10-29,9:47:14.983258787,T,KO,F,100,69.21
2025-10-29,9:47:14.983261440,T,KO,F I,60,69.21
2025-10-29,9:47:14.983261440,T,KO,F I,32,69.21
2025-10-29,9:47:14.983276331,T,KO,I,1,69.21
2025-10-29,9:47:16.131206346,T,KO,,100,69.21
2025-10-29,9:47:16.131209365,T,KO,I,2,69.21
2025-10-29,9:47:25.426982203,T,KO,F I,10,69.19
2025-10-29,9:47:28.809197573,T,KO,F I,50,69.18
2025-10-29,9:47:28.809200642,T,KO,F I,6,69.18
2025-10-29,9:47:28.809203690,T,KO,F I,17,69.18
2025-10-29,9:47:28.809206610,T,KO,F I,83,69.18
2025-10-29,9:47:28.809209616,T,KO,F I,73,69.18
2025-10-29,9:47:28.809213080,T,KO,F,127,69.18
2025-10-29,9:47:28.809215708,T,KO,F I,44,69.18
2025-10-29,9:47:28.809218660,T,KO,F I,56,69.18
2025-10-29,9:47:31.227954324,T,KO,F I,10,69.18
2025-10-29,9:47:33.204351525,T,KO,F I,50,69.18
2025-10-29,9:47:33.395537823,T,KO,,100,69.175
2025-10-29,9:47:34.251833260,T,KO,F,100,69.18
2025-10-29,9:47:35.330977499,T,KO,,100,69.185
2025-10-29,9:47:35.624560773,T,KO,F,100,69.19
2025-10-29,9:47:35.624560773,T,KO,F I,20,69.19
2025-10-29,9:47:35.624572783,T,KO,F,120,69.19
2025-10-29,9:47:35.624578806,T,KO,I,80,69.19
2025-10-29,9:47:35.625787643,T,KO,F,100,69.2
2025-10-29,9:47:35.625835740,T,KO,F I,36,69.2
2025-10-29,9:47:35.625918142,T,KO,F,100,69.2
2025-10-29,9:47:35.901003124,T,KO,F,100,69.21
2025-10-29,9:47:35.901505292,T,KO,F I,64,69.22
2025-10-29,9:47:35.901511314,T,KO,F I,36,69.22
2025-10-29,9:47:35.901514385,T,KO,F I,52,69.22
2025-10-29,9:47:35.901529435,T,KO,F I,13,69.22
2025-10-29,9:47:35.901556403,T,KO,F I,35,69.22
2025-10-29,9:47:35.901556403,T,KO,F I,42,69.22
2025-10-29,9:47:37.292474230,T,KO,I,25,69.23
2025-10-29,9:47:38.337664539,T,KO,F,200,69.24
2025-10-29,9:47:38.339646189,T,KO,F I,1,69.25
2025-10-29,9:47:39.185191093,T,KO,F,100,69.25
2025-10-29,9:47:39.218134459,T,KO,I,10,69.25
2025-10-29,9:47:39.220116590,T,KO,,100,69.25
2025-10-29,9:47:39.220119757,T,KO,,100,69.25
2025-10-29,9:47:39.220122259,T,KO,I,7,69.25
2025-10-29,9:47:40.160970029,T,KO,I,42,69.25
2025-10-29,9:47:40.694774385,T,KO,,100,69.255
2025-10-29,9:47:41.893221790,T,KO,,100,69.26
2025-10-29,9:47:41.893240190,T,KO,F I,29,69.26
2025-10-29,9:47:41.893240190,T,KO,I,20,69.26
2025-10-29,9:47:41.893245805,T,KO,I,1,69.26
2025-10-29,9:47:41.898700818,T,KO,,100,69.26
2025-10-29,9:47:42.664573930,T,KO,F I,50,69.26
2025-10-29,9:47:42.940538346,T,KO,F,100,69.27
2025-10-29,9:47:45.455828184,T,KO,F,100,69.27
2025-10-29,9:47:45.455828184,T,KO,F,100,69.27
2025-10-29,9:47:45.455833809,T,KO,F,100,69.27
2025-10-29,9:47:45.455852526,T,KO,F,200,69.27
2025-10-29,9:47:49.595345874,T,KO,,300,69.275
2025-10-29,9:47:49.678477085,T,KO,F I,10,69.27
2025-10-29,9:47:49.678481890,T,KO,F,100,69.26
2025-10-29,9:47:49.678481890,T,KO,F I,50,69.26
2025-10-29,9:47:49.678481890,T,KO,F,100,69.26
2025-10-29,9:47:49.678487876,T,KO,F I,25,69.26
2025-10-29,9:47:49.678487876,T,KO,F,300,69.26
2025-10-29,9:47:49.678491119,T,KO,F,100,69.25
2025-10-29,9:47:49.678491119,T,KO,F I,50,69.25
2025-10-29,9:47:49.678493970,T,KO,F I,64,69.25
2025-10-29,9:47:49.678497716,T,KO,F I,25,69.25
2025-10-29,9:47:49.678497716,T,KO,F,200,69.25
2025-10-29,9:47:49.678501684,T,KO,F,100,69.25
2025-10-29,9:47:49.678506031,T,KO,F,100,69.25
2025-10-29,9:47:49.678506031,T,KO,F,500,69.25
2025-10-29,9:47:49.681630449,T,KO,F,100,69.24
2025-10-29,9:47:49.767680346,T,KO,F,300,69.235
2025-10-29,9:47:53.027744846,T,KO,F,200,69.24
2025-10-29,9:47:53.027744846,T,KO,F,100,69.24
2025-10-29,9:47:55.111744987,T,KO,,100,69.25
2025-10-29,9:47:55.111744987,T,KO,,100,69.25
2025-10-29,9:47:55.111762624,T,KO,F,4100,69.25
2025-10-29,9:47:55.111766039,T,KO,F,610,69.25
2025-10-29,9:47:55.111766039,T,KO,,100,69.25
2025-10-29,9:47:55.111768956,T,KO,F,690,69.25
2025-10-29,9:47:55.189061457,T,KO,,200,69.255
2025-10-29,9:47:55.283735938,T,KO,F I,93,69.255
2025-10-29,9:47:55.284123810,T,KO,F I,93,69.255
2025-10-29,9:47:55.285416971,T,KO,F I,87,69.25
2025-10-29,9:47:55.947401597,T,KO,I,87,69.25
2025-10-29,9:47:55.947404564,T,KO,,100,69.25
2025-10-29,9:47:56.510360362,T,KO,,100,69.245
2025-10-29,9:47:56.518500732,T,KO,,100,69.245
2025-10-29,9:47:56.526316414,T,KO,,100,69.245
2025-10-29,9:47:57.421013929,T,KO,F I,10,69.24
2025-10-29,9:47:57.421020751,T,KO,F,300,69.24
2025-10-29,9:47:57.421020751,T,KO,F,100,69.23
2025-10-29,9:47:57.421020751,T,KO,F I,50,69.23
2025-10-29,9:47:57.421026093,T,KO,F I,25,69.23
2025-10-29,9:47:57.421026093,T,KO,F,300,69.23
2025-10-29,9:47:57.421031288,T,KO,F,100,69.23
2025-10-29,9:47:57.421031288,T,KO,F I,50,69.22
2025-10-29,9:47:57.421037289,T,KO,F,100,69.22
2025-10-29,9:47:57.421040790,T,KO,F I,25,69.22
2025-10-29,9:47:57.421043366,T,KO,F,300,69.22
2025-10-29,9:47:57.421047378,T,KO,F,100,69.22
2025-10-29,9:47:57.421047378,T,KO,F,100,69.22
2025-10-29,9:47:57.421049448,T,KO,F I,1,69.22
2025-10-29,9:47:57.421053371,T,KO,F,100,69.21
2025-10-29,9:47:57.421053371,T,KO,F,100,69.21
2025-10-29,9:47:57.421059311,T,KO,F,100,69.21
2025-10-29,9:47:57.421059311,T,KO,F I,50,69.21
2025-10-29,9:47:57.421065332,T,KO,F,100,69.21
2025-10-29,9:47:57.421065332,T,KO,F I,25,69.21
2025-10-29,9:47:57.421065332,T,KO,F,100,69.21
2025-10-29,9:47:57.421067483,T,KO,F,300,69.21
2025-10-29,9:47:57.421071426,T,KO,F I,17,69.21
2025-10-29,9:47:57.421073949,T,KO,F,100,69.2
2025-10-29,9:47:57.421073949,T,KO,F,100,69.2
2025-10-29,9:47:57.421076908,T,KO,F I,50,69.2
2025-10-29,9:47:57.421080449,T,KO,F I,25,69.2
2025-10-29,9:47:57.421082841,T,KO,F,100,69.2
2025-10-29,9:47:57.421082841,T,KO,F,200,69.2
2025-10-29,9:47:57.421085698,T,KO,F,100,69.2
2025-10-29,9:47:57.421088912,T,KO,F I,16,69.2
2025-10-29,9:47:57.422156291,T,KO,F,100,69.22
2025-10-29,9:47:57.422180793,T,KO,I,87,69.22
2025-10-29,9:47:57.422186031,T,KO,,100,69.22
2025-10-29,9:47:57.422186031,T,KO,F,100,69.22
2025-10-29,9:47:57.422189690,T,KO,F,150,69.22
2025-10-29,9:47:57.422192100,T,KO,F I,89,69.22
2025-10-29,9:47:57.422225219,T,KO,F I,74,69.22
2025-10-29,9:47:57.422225219,T,KO,F I,1,69.22
2025-10-29,9:47:57.423563304,T,KO,F I,25,69.23
2025-10-29,9:47:57.423566532,T,KO,F,100,69.23
2025-10-29,9:47:57.423566532,T,KO,F I,3,69.23
2025-10-29,9:47:57.423569395,T,KO,F I,50,69.23
2025-10-29,9:47:57.423569395,T,KO,F I,12,69.23
2025-10-29,9:47:57.423572309,T,KO,F,100,69.23
2025-10-29,9:47:57.427902876,T,KO,F,100,69.23
2025-10-29,9:47:57.427905675,T,KO,F I,16,69.23
2025-10-29,9:47:57.427923698,T,KO,I,1,69.23
2025-10-29,9:47:57.428378244,T,KO,F I,70,69.23
2025-10-29,9:47:57.428378244,T,KO,F,100,69.23
2025-10-29,9:47:57.430900806,T,KO,,100,69.23
2025-10-29,9:47:57.430900806,T,KO,I,87,69.23
2025-10-29,9:47:57.563588800,T,KO,I,12,69.235
2025-10-29,9:47:57.718105867,T,KO,I,10,69.235
2025-10-29,9:47:58.159292657,T,KO,I,25,69.24
2025-10-29,9:47:58.159292657,T,KO,I,13,69.24
2025-10-29,9:47:59.346246648,T,KO,I,70,69.245
2025-10-29,9:48:02.810082652,T,KO,,100,69.25
2025-10-29,9:48:02.810082652,T,KO,I,25,69.25
2025-10-29,9:48:02.810085893,T,KO,I,1,69.25
2025-10-29,9:48:02.810088870,T,KO,I,16,69.25
2025-10-29,9:48:02.810094533,T,KO,F I,18,69.25
2025-10-29,9:48:02.810100865,T,KO,I,31,69.25
2025-10-29,9:48:02.810100865,T,KO,I,69,69.25
2025-10-29,9:48:02.810106645,T,KO,I,1,69.25
2025-10-29,9:48:02.810106645,T,KO,I,1,69.25
2025-10-29,9:48:02.810110026,T,KO,I,29,69.25
2025-10-29,9:48:02.810112614,T,KO,I,1,69.25
2025-10-29,9:48:02.810115539,T,KO,F,100,69.25
2025-10-29,9:48:02.861700361,T,KO,I,20,69.25
2025-10-29,9:48:03.750830943,T,KO,,100,69.255
2025-10-29,9:48:04.954983027,T,KO,F I,25,69.26
2025-10-29,9:48:04.954986215,T,KO,F I,12,69.26
2025-10-29,9:48:04.954989221,T,KO,F I,20,69.26
2025-10-29,9:48:04.954992657,T,KO,F I,43,69.26
2025-10-29,9:48:04.954994857,T,KO,F I,57,69.26
2025-10-29,9:48:04.955003990,T,KO,F,100,69.26
2025-10-29,9:48:04.955479327,T,KO,F,100,69.27
2025-10-29,9:48:04.955479327,T,KO,F I,50,69.27
2025-10-29,9:48:04.956459528,T,KO,F,100,69.28
2025-10-29,9:48:04.986879880,T,KO,,100,69.285
2025-10-29,9:48:05.013234898,T,KO,F I,84,69.28
2025-10-29,9:48:05.013237975,T,KO,F I,6,69.28
2025-10-29,9:48:05.013240745,T,KO,F,400,69.28
2025-10-29,9:48:05.013240745,T,KO,F I,15,69.28
2025-10-29,9:48:07.326319748,T,KO,I,31,69.25
2025-10-29,9:48:07.326380473,T,KO,F I,53,69.25
2025-10-29,9:48:07.326382841,T,KO,F I,50,69.25
2025-10-29,9:48:07.326554262,T,KO,I,8,69.25
2025-10-29,9:48:07.326557333,T,KO,I,32,69.25
2025-10-29,9:48:07.326855578,T,KO,F I,82,69.25
2025-10-29,9:48:07.326855578,T,KO,F,100,69.25
2025-10-29,9:48:07.326885845,T,KO,I,32,69.25
2025-10-29,9:48:07.326903815,T,KO,I,1,69.25
2025-10-29,9:48:07.350638608,T,KO,F I,82,69.25
2025-10-29,9:48:07.350993511,T,KO,F I,82,69.25
2025-10-29,9:48:07.622889046,T,KO,F I,21,69.25
2025-10-29,9:48:07.622892097,T,KO,F I,82,69.25
2025-10-29,9:48:07.622907311,T,KO,I,1,69.25
2025-10-29,9:48:07.622910980,T,KO,F I,96,69.25
2025-10-29,9:48:07.622913143,T,KO,I,3,69.25
2025-10-29,9:48:07.751839140,T,KO,F I,82,69.25
2025-10-29,9:48:07.751842408,T,KO,F,100,69.25
2025-10-29,9:48:07.751842408,T,KO,F I,25,69.25
2025-10-29,9:48:10.113805736,T,KO,,100,69.255
2025-10-29,9:48:17.985882505,T,KO,F I,10,69.27
2025-10-29,9:48:17.985885468,T,KO,F,100,69.27
2025-10-29,9:48:17.985921753,T,KO,,200,69.27
2025-10-29,9:48:19.091177006,T,KO,F I,82,69.27
2025-10-29,9:48:23.393575088,T,KO,F I,13,69.27
2025-10-29,9:48:23.393578233,T,KO,F,100,69.27
2025-10-29,9:48:23.393578233,T,KO,F I,27,69.27
2025-10-29,9:48:23.393584153,T,KO,I,73,69.27
2025-10-29,9:48:30.139388463,T,KO,,100,69.27
2025-10-29,9:48:30.139403497,T,KO,F I,10,69.27
2025-10-29,9:48:30.139409476,T,KO,I,1,69.27
2025-10-29,9:48:30.139409476,T,KO,I,89,69.27
2025-10-29,9:48:31.397997201,T,KO,F,100,69.26
2025-10-29,9:48:31.397997201,T,KO,F I,11,69.26
2025-10-29,9:48:31.398773024,T,KO,F I,25,69.25
2025-10-29,9:48:31.399025650,T,KO,F I,75,69.25
2025-10-29,9:48:31.399028574,T,KO,F I,44,69.26
2025-10-29,9:48:31.399299278,T,KO,F I,27,69.26
2025-10-29,9:48:31.399302223,T,KO,F I,23,69.26
2025-10-29,9:48:31.399407690,T,KO,F I,77,69.26
2025-10-29,9:48:31.399410494,T,KO,F,100,69.26
2025-10-29,9:48:31.428429644,T,KO,,100,69.265
2025-10-29,9:48:31.464957652,T,KO,,100,69.265
2025-10-29,9:48:31.531382910,T,KO,I,65,69.27
2025-10-29,9:48:31.531406866,T,KO,,100,69.27
2025-10-29,9:48:31.531412953,T,KO,I,30,69.27
2025-10-29,9:48:31.531416824,T,KO,I,70,69.27
2025-10-29,9:48:31.531416824,T,KO,,100,69.27
2025-10-29,9:48:31.531421886,T,KO,I,30,69.27
2025-10-29,9:48:31.532184198,T,KO,F I,71,69.27
2025-10-29,9:48:31.532189782,T,KO,F,100,69.27
2025-10-29,9:48:31.532194853,T,KO,F I,70,69.27
2025-10-29,9:48:31.532194853,T,KO,F I,71,69.27
2025-10-29,9:48:31.532194853,T,KO,F I,8,69.27
2025-10-29,9:48:31.532201680,T,KO,F,100,69.27
2025-10-29,9:48:31.532201680,T,KO,F,100,69.27
2025-10-29,9:48:31.532203879,T,KO,F,100,69.27
2025-10-29,9:48:31.532207590,T,KO,F,1700,69.27
2025-10-29,9:48:31.532210360,T,KO,F,100,69.27
2025-10-29,9:48:33.416199751,T,KO,F,400,69.26
2025-10-29,9:48:34.169067066,T,KO,F I,10,69.25
2025-10-29,9:48:35.131518151,T,KO,,100,69.235
2025-10-29,9:48:38.324700233,T,KO,,100,69.235
2025-10-29,9:48:38.326405374,T,KO,F I,1,69.23
2025-10-29,9:48:40.577154914,T,KO,F I,71,69.24
2025-10-29,9:48:40.577154914,T,KO,F I,18,69.24
2025-10-29,9:48:40.577170484,T,KO,I,1,69.24
2025-10-29,9:48:40.577172975,T,KO,I,11,69.24
2025-10-29,9:48:40.577182088,T,KO,F I,70,69.24
2025-10-29,9:48:40.577185525,T,KO,F,100,69.24
2025-10-29,9:48:40.577185525,T,KO,F I,12,69.24
2025-10-29,9:48:40.577188101,T,KO,F,182,69.24
2025-10-29,9:48:40.577192371,T,KO,F I,6,69.24
2025-10-29,9:48:40.577883456,T,KO,F I,74,69.24
2025-10-29,9:48:40.577885760,T,KO,F,199,69.24
2025-10-29,9:48:40.577889217,T,KO,F,100,69.24
2025-10-29,9:48:40.577889217,T,KO,F,200,69.24
2025-10-29,9:48:41.618923482,T,KO,F I,74,69.23
2025-10-29,9:48:45.172525721,T,KO,,100,69.24
2025-10-29,9:48:45.172543783,T,KO,,100,69.24
2025-10-29,9:48:45.172546776,T,KO,I,1,69.24
2025-10-29,9:48:45.290427498,T,KO,I,72,69.24
2025-10-29,9:48:49.303467433,T,KO,F I,10,69.23
2025-10-29,9:48:54.361760716,T,KO,,100,69.215
2025-10-29,9:48:55.141782507,T,KO,I,26,69.22
2025-10-29,9:48:55.141818650,T,KO,I,46,69.22
2025-10-29,9:48:55.161073456,T,KO,F I,25,69.23
2025-10-29,9:48:55.161076514,T,KO,F,100,69.23
2025-10-29,9:48:55.161079501,T,KO,F I,75,69.23
2025-10-29,9:48:55.161094547,T,KO,I,25,69.23
2025-10-29,9:48:55.206923660,T,KO,I,9,69.23
2025-10-29,9:48:55.206927106,T,KO,I,65,69.23
2025-10-29,9:48:55.206929872,T,KO,I,25,69.23
2025-10-29,9:48:55.207215394,T,KO,F I,65,69.22
2025-10-29,9:48:55.207218360,T,KO,F I,50,69.22
2025-10-29,9:48:55.207218360,T,KO,F,100,69.22
2025-10-29,9:48:55.208454258,T,KO,F I,57,69.21
2025-10-29,9:48:55.208457343,T,KO,F I,65,69.21
2025-10-29,9:48:55.208460284,T,KO,F,100,69.21
2025-10-29,9:48:56.181124139,T,KO,I,81,69.21
2025-10-29,9:48:56.181124139,T,KO,,200,69.21
2025-10-29,9:48:59.196384405,T,KO,,100,69.215
2025-10-29,9:49:01.458098343,T,KO,F I,49,69.22
2025-10-29,9:49:01.458101307,T,KO,F I,2,69.22
2025-10-29,9:49:01.458104260,T,KO,F I,1,69.22
2025-10-29,9:49:01.458104260,T,KO,F I,8,69.22
2025-10-29,9:49:01.458107879,T,KO,F I,52,69.22
2025-10-29,9:49:01.458107879,T,KO,F I,40,69.22
2025-10-29,9:49:01.458110103,T,KO,,236,69.22
2025-10-29,9:49:04.290619341,T,KO,,100,69.225
2025-10-29,9:49:04.290622659,T,KO,,100,69.23
2025-10-29,9:49:04.290622659,T,KO,I,25,69.23
2025-10-29,9:49:09.137872961,T,KO,I,5,69.215
2025-10-29,9:49:10.120487340,T,KO,F I,8,69.22
2025-10-29,9:49:10.120487340,T,KO,F I,6,69.22
2025-10-29,9:49:11.163088587,T,KO,F,100,69.22
2025-10-29,9:49:11.342015039,T,KO,F I,1,69.21
2025-10-29,9:49:11.342018052,T,KO,F,100,69.21
2025-10-29,9:49:11.342020877,T,KO,F I,10,69.21
2025-10-29,9:49:18.214766751,T,KO,F,100,69.19
2025-10-29,9:49:19.634919765,T,KO,I,4,69.195
2025-10-29,9:49:21.530090474,T,KO,F I,10,69.19
2025-10-29,9:49:23.561837575,T,KO,F I,12,69.18
2025-10-29,9:49:23.561841097,T,KO,F I,67,69.18
2025-10-29,9:49:23.562318642,T,KO,F I,54,69.18
2025-10-29,9:49:23.695598991,T,KO,I,24,69.18
2025-10-29,9:49:23.695620046,T,KO,I,1,69.18
2025-10-29,9:49:26.300444998,T,KO,,100,69.175
2025-10-29,9:49:29.594764465,T,KO,F I,12,69.17
2025-10-29,9:49:29.594764465,T,KO,F I,24,69.17
2025-10-29,9:49:29.594767204,T,KO,F I,1,69.17
2025-10-29,9:49:29.594785041,T,KO,I,3,69.17
2025-10-29,9:49:29.648778605,T,KO,,200,69.16
2025-10-29,9:49:32.807880626,T,KO,F,100,69.14
2025-10-29,9:49:32.807883611,T,KO,F I,50,69.14
2025-10-29,9:49:32.808148245,T,KO,F I,10,69.14
2025-10-29,9:49:32.808440394,T,KO,F I,6,69.14
2025-10-29,9:49:33.681852213,T,KO,,100,69.145
2025-10-29,9:49:34.293397729,T,KO,,100,69.15
2025-10-29,9:49:38.099824875,T,KO,F,100,69.16
2025-10-29,9:49:38.099824875,T,KO,F,100,69.16
2025-10-29,9:49:38.099827602,T,KO,F,100,69.16
2025-10-29,9:49:38.099830463,T,KO,F,100,69.16
2025-10-29,9:49:38.160755613,T,KO,,200,69.17
2025-10-29,9:49:43.678113215,T,KO,F,100,69.18
2025-10-29,9:49:43.678128342,T,KO,I,75,69.18
2025-10-29,9:49:43.678134276,T,KO,I,1,69.18
2025-10-29,9:49:43.678137325,T,KO,F I,24,69.18
2025-10-29,9:49:45.182007057,T,KO,I,30,69.19
2025-10-29,9:49:45.300549421,T,KO,,100,69.195
2025-10-29,9:49:46.495370030,T,KO,F I,2,69.19
2025-10-29,9:49:46.495373133,T,KO,F I,12,69.19
2025-10-29,9:49:46.681576579,T,KO,I,17,69.18
2025-10-29,9:49:46.692038547,T,KO,,100,69.18
2025-10-29,9:49:49.385908435,T,KO,I,4,69.175
2025-10-29,9:49:52.568797144,T,KO,I,6,69.165
2025-10-29,9:49:55.068407500,T,KO,F I,10,69.16
2025-10-29,9:49:55.068407500,T,KO,F I,10,69.16
2025-10-29,9:49:55.257843656,T,KO,,100,69.155
2025-10-29,9:49:56.758808508,T,KO,I,5,69.16
2025-10-29,9:49:58.713194228,T,KO,F,100,69.17
2025-10-29,9:49:58.713196283,T,KO,F,200,69.17
2025-10-29,9:49:58.713211723,T,KO,F,100,69.17
2025-10-29,9:49:59.378233167,T,KO,,200,69.18
2025-10-29,9:49:59.383014510,T,KO,,100,69.185
2025-10-29,9:50:04.260303981,T,KO,F I,1,69.19
2025-10-29,9:50:04.260917239,T,KO,,100,69.19
2025-10-29,9:50:04.261049810,T,KO,F,100,69.2
2025-10-29,9:50:04.261217902,T,KO,F,200,69.2
2025-10-29,9:50:04.461425816,T,KO,F I,18,69.2
2025-10-29,9:50:04.461449845,T,KO,F I,9,69.2
2025-10-29,9:50:05.015886418,T,KO,I,8,69.2
2025-10-29,9:50:13.699930227,T,KO,,100,69.185
2025-10-29,9:50:13.699930227,T,KO,,100,69.19
2025-10-29,9:50:13.699933051,T,KO,I,40,69.19
2025-10-29,9:50:13.699948561,T,KO,,100,69.19
2025-10-29,9:50:13.699951498,T,KO,I,1,69.19
2025-10-29,9:50:13.699951498,T,KO,I,1,69.19
2025-10-29,9:50:13.699954133,T,KO,F I,35,69.19
2025-10-29,9:50:13.700215823,T,KO,I,63,69.19
2025-10-29,9:50:13.700594803,T,KO,F I,51,69.19
2025-10-29,9:50:13.700594803,T,KO,F,100,69.19
2025-10-29,9:50:13.700639769,T,KO,F I,51,69.19
2025-10-29,9:50:14.774816108,T,KO,F I,10,69.18
2025-10-29,9:50:14.774816108,T,KO,F I,61,69.18
2025-10-29,9:50:14.774864249,T,KO,F,100,69.18
2025-10-29,9:50:14.778554182,T,KO,I,32,69.175
2025-10-29,9:50:16.938427227,T,KO,I,13,69.18
2025-10-29,9:50:21.256787144,T,KO,F I,40,69.19
2025-10-29,9:50:21.256790251,T,KO,F,100,69.19
2025-10-29,9:50:21.256793218,T,KO,F I,4,69.19
2025-10-29,9:50:21.256802244,T,KO,,100,69.19
2025-10-29,9:50:21.264449416,T,KO,,100,69.195
2025-10-29,9:50:21.276854008,T,KO,,100,69.195
2025-10-29,9:50:27.048849108,T,KO,I,65,69.185
2025-10-29,9:50:28.254781247,T,KO,F I,10,69.18
2025-10-29,9:50:28.254784720,T,KO,F I,2,69.18
2025-10-29,9:50:28.254787290,T,KO,F I,8,69.18
2025-10-29,9:50:29.605547444,T,KO,,100,69.165
2025-10-29,9:50:30.472987402,T,KO,I,10,69.16
2025-10-29,9:50:30.718546267,T,KO,,100,69.155
2025-10-29,9:50:31.627485040,T,KO,F I,1,69.15
2025-10-29,9:50:31.627485040,T,KO,F I,10,69.15
2025-10-29,9:50:31.629292350,T,KO,F,100,69.14
2025-10-29,9:50:31.629295312,T,KO,F I,5,69.14
2025-10-29,9:50:35.149710989,T,KO,F,100,69.14
2025-10-29,9:50:35.149714270,T,KO,F I,2,69.14
2025-10-29,9:50:35.152002337,T,KO,I,52,69.14
2025-10-29,9:50:35.152005754,T,KO,,100,69.14
2025-10-29,9:50:35.833097869,T,KO,F I,52,69.14
2025-10-29,9:50:35.833100598,T,KO,F I,2,69.14
2025-10-29,9:50:35.833103587,T,KO,F,100,69.14
2025-10-29,9:50:36.439091813,T,KO,I,9,69.135
2025-10-29,9:50:44.192461179,T,KO,I,1,69.125
2025-10-29,9:50:44.652226313,T,KO,F I,10,69.12
2025-10-29,9:50:44.652229330,T,KO,F I,1,69.12
2025-10-29,9:50:44.752990286,T,KO,F I,49,69.12
2025-10-29,9:50:45.330464661,T,KO,I,49,69.12
2025-10-29,9:50:48.548594364,T,KO,I,4,69.115
2025-10-29,9:50:49.396370479,T,KO,F,300,69.12
2025-10-29,9:50:56.957269247,T,KO,F I,10,69.13
2025-10-29,9:50:58.397898436,T,KO,F I,10,69.12
2025-10-29,9:50:58.398947918,T,KO,F I,7,69.11
2025-10-29,9:50:58.844359817,T,KO,,100,69.115
2025-10-29,9:50:59.330055526,T,KO,I,21,69.115
2025-10-29,9:50:59.619434813,T,KO,F,100,69.11
2025-10-29,9:50:59.619437799,T,KO,F I,25,69.11
2025-10-29,9:50:59.636223728,T,KO,F,100,69.1
2025-10-29,9:50:59.636241776,T,KO,I,1,69.1
2025-10-29,9:51:01.470126632,T,KO,F I,2,69.09
2025-10-29,9:51:02.739705367,T,KO,I,1,69.09
2025-10-29,9:51:04.276212732,T,KO,F I,19,69.1
2025-10-29,9:51:04.277514369,T,KO,F I,73,69.11
2025-10-29,9:51:04.355964691,T,KO,F I,55,69.11
2025-10-29,9:51:04.556154450,T,KO,I,55,69.11
2025-10-29,9:51:04.556960894,T,KO,I,55,69.11
2025-10-29,9:51:04.556963388,T,KO,,100,69.11
2025-10-29,9:51:04.556966395,T,KO,,100,69.11
2025-10-29,9:51:04.557020531,T,KO,,100,69.11
2025-10-29,9:51:04.557044666,T,KO,I,1,69.11
2025-10-29,9:51:04.557047625,T,KO,I,99,69.11
2025-10-29,9:51:04.557050583,T,KO,I,1,69.11
2025-10-29,9:51:04.557050583,T,KO,I,1,69.11
2025-10-29,9:51:05.332633872,T,KO,I,46,69.105
2025-10-29,9:51:05.413364833,T,KO,F I,45,69.1
2025-10-29,9:51:05.413367172,T,KO,F I,1,69.1
2025-10-29,9:51:05.413370502,T,KO,F I,1,69.1
2025-10-29,9:51:05.413370502,T,KO,F I,41,69.1
2025-10-29,9:51:05.417014869,T,KO,I,30,69.095
2025-10-29,9:51:09.322659829,T,KO,,100,69.085
2025-10-29,9:51:12.011916866,T,KO,F I,10,69.08
2025-10-29,9:51:12.012584415,T,KO,F I,10,69.08
2025-10-29,9:51:12.012708108,T,KO,F,100,69.08
2025-10-29,9:51:12.024811625,T,KO,I,5,69.075
2025-10-29,9:51:12.033168421,T,KO,I,95,69.075
2025-10-29,9:51:12.042295352,T,KO,F I,10,69.07
2025-10-29,9:51:12.042295352,T,KO,F I,25,69.07
2025-10-29,9:51:12.776511904,T,KO,,100,69.065
2025-10-29,9:51:13.272609356,T,KO,F I,25,69.07
2025-10-29,9:51:16.412561859,T,KO,I,11,69.07
2025-10-29,9:51:16.418122074,T,KO,I,17,69.065
2025-10-29,9:51:19.087402477,T,KO,F I,25,69.07
2025-10-29,9:51:19.087405471,T,KO,F,100,69.07
2025-10-29,9:51:19.090196176,T,KO,I,1,69.07
2025-10-29,9:51:19.090196176,T,KO,I,1,69.07
2025-10-29,9:51:19.090593081,T,KO,I,48,69.07
2025-10-29,9:51:19.095972895,T,KO,F,100,69.07
2025-10-29,9:51:19.102829371,T,KO,I,17,69.08
2025-10-29,9:51:19.102829371,T,KO,I,25,69.08
2025-10-29,9:51:19.102832383,T,KO,I,50,69.08
2025-10-29,9:51:19.102835289,T,KO,,100,69.08
2025-10-29,9:51:19.102838268,T,KO,I,48,69.08
2025-10-29,9:51:19.103677276,T,KO,,252,69.08
2025-10-29,9:51:19.103677276,T,KO,I,3,69.08
2025-10-29,9:51:19.183282935,T,KO,,200,69.07
2025-10-29,9:51:19.188954429,T,KO,F,100,69.07
2025-10-29,9:51:19.202243028,T,KO,F,100,69.07
2025-10-29,9:51:19.220848303,T,KO,I,10,69.075
2025-10-29,9:51:19.294902775,T,KO,,100,69.07
2025-10-29,9:51:19.294938891,T,KO,I,92,69.07
2025-10-29,9:51:19.337595450,T,KO,,100,69.065
2025-10-29,9:51:19.338458483,T,KO,I,10,69.06
2025-10-29,9:51:19.338461640,T,KO,I,25,69.06
2025-10-29,9:51:19.338461640,T,KO,,100,69.06
2025-10-29,9:51:19.338483057,T,KO,I,34,69.06
2025-10-29,9:51:19.338485683,T,KO,I,66,69.06
2025-10-29,9:51:19.385565608,T,KO,I,10,69.06
2025-10-29,9:51:19.391910761,T,KO,,100,69.065
2025-10-29,9:51:19.411478865,T,KO,I,24,69.06
2025-10-29,9:51:19.411481578,T,KO,F I,76,69.06
2025-10-29,9:51:19.411484613,T,KO,F,100,69.06
2025-10-29,9:51:19.411502863,T,KO,I,1,69.06
2025-10-29,9:51:19.411812149,T,KO,I,25,69.06
2025-10-29,9:51:20.063647618,T,KO,I,10,69.06
2025-10-29,9:51:25.414646171,T,KO,F I,10,69.05
2025-10-29,9:51:25.414649473,T,KO,F I,10,69.05
2025-10-29,9:51:28.587103290,T,KO,,100,69.055
2025-10-29,9:51:28.587103290,T,KO,,100,69.055
2025-10-29,9:51:28.587105952,T,KO,I,52,69.055
2025-10-29,9:51:28.596629637,T,KO,,100,69.055
2025-10-29,9:51:29.762133525,T,KO,F I,10,69.05
2025-10-29,9:51:29.762133525,T,KO,F I,10,69.05
2025-10-29,9:51:31.302946283,T,KO,F,100,69.04
2025-10-29,9:51:31.571675347,T,KO,,100,69.03
2025-10-29,9:51:31.571699666,T,KO,,100,69.03
2025-10-29,9:51:31.571699666,T,KO,,100,69.03
2025-10-29,9:51:31.571702357,T,KO,I,1,69.03
2025-10-29,9:51:31.576608130,T,KO,I,50,69.03
2025-10-29,9:51:31.576608130,T,KO,,100,69.03
2025-10-29,9:51:31.576610685,T,KO,I,22,69.03
2025-10-29,9:51:31.579063981,T,KO,,100,69.035
2025-10-29,9:51:32.894252387,T,KO,F I,50,69.03
2025-10-29,9:51:32.894255475,T,KO,F I,13,69.03
2025-10-29,9:51:32.894264334,T,KO,F,100,69.03
2025-10-29,9:51:32.894553327,T,KO,I,50,69.03
2025-10-29,9:51:32.894553327,T,KO,I,13,69.03
2025-10-29,9:51:32.894556131,T,KO,I,19,69.03
2025-10-29,9:51:32.904296253,T,KO,I,6,69.03
2025-10-29,9:51:32.906274968,T,KO,I,3,69.03
2025-10-29,9:51:32.955354931,T,KO,I,14,69.03
2025-10-29,9:51:34.105275709,T,KO,F I,1,69.03
2025-10-29,9:51:34.121303831,T,KO,F,100,69.02
2025-10-29,9:51:34.121306882,T,KO,F I,3,69.02
2025-10-29,9:51:34.132785278,T,KO,F I,51,69.02
2025-10-29,9:51:34.132785278,T,KO,F I,18,69.02
2025-10-29,9:51:34.132788704,T,KO,F I,1,69.02
2025-10-29,9:51:34.133747587,T,KO,,100,69.02
2025-10-29,9:51:34.133750949,T,KO,I,51,69.02
2025-10-29,9:51:34.133754577,T,KO,I,4,69.02
2025-10-29,9:51:34.133754577,T,KO,I,51,69.02
2025-10-29,9:51:34.133759867,T,KO,I,40,69.02
2025-10-29,9:51:34.133759867,T,KO,I,24,69.02
2025-10-29,9:51:34.133759867,T,KO,I,31,69.02
2025-10-29,9:51:34.133762584,T,KO,,100,69.02
2025-10-29,9:51:34.133765478,T,KO,,100,69.02
2025-10-29,9:51:34.561832020,T,KO,I,11,69.015
2025-10-29,9:51:36.099796963,T,KO,,100,69.015
2025-10-29,9:51:36.403412104,T,KO,,100,69.015
2025-10-29,9:51:36.411209732,T,KO,,100,69.015
2025-10-29,9:51:37.176676917,T,KO,,100,69.015
2025-10-29,9:51:37.392043715,T,KO,I,10,69.015
2025-10-29,9:51:40.023897043,T,KO,,100,69.015
2025-10-29,9:51:40.024949551,T,KO,F I,1,69.02
2025-10-29,9:51:40.024973608,T,KO,I,1,69.02
2025-10-29,9:51:40.024991641,T,KO,I,2,69.02
2025-10-29,9:51:40.024991641,T,KO,I,51,69.02
2025-10-29,9:51:40.024994664,T,KO,,200,69.02
2025-10-29,9:51:40.225434026,T,KO,,160,69.025
2025-10-29,9:51:40.416274538,T,KO,I,40,69.025
2025-10-29,9:51:40.951970417,T,KO,,100,69.025
2025-10-29,9:51:41.611149381,T,KO,,100,69.025
2025-10-29,9:51:41.611342041,T,KO,F,100,69.03
2025-10-29,9:51:41.611347908,T,KO,F,100,69.03
2025-10-29,9:51:41.611949357,T,KO,F I,93,69.04
2025-10-29,9:51:41.611949357,T,KO,F I,14,69.04
2025-10-29,9:51:41.617551673,T,KO,,300,69.045
2025-10-29,9:51:42.631157822,T,KO,F,100,69.05
2025-10-29,9:51:42.631157822,T,KO,F I,11,69.05
2025-10-29,9:51:42.631173653,T,KO,I,1,69.05
2025-10-29,9:51:42.631173653,T,KO,I,1,69.05
2025-10-29,9:51:43.437239644,T,KO,F I,87,69.05
2025-10-29,9:51:43.437242608,T,KO,F I,1,69.05
2025-10-29,9:51:45.052912602,T,KO,,100,69.045
2025-10-29,9:51:45.134060956,T,KO,,131,69.05
2025-10-29,9:51:45.134908926,T,KO,F I,2,69.05
2025-10-29,9:51:45.135101532,T,KO,F I,47,69.05
2025-10-29,9:51:45.135104382,T,KO,F,100,69.05
2025-10-29,9:51:45.135107371,T,KO,F I,17,69.05
2025-10-29,9:51:45.238854572,T,KO,I,17,69.045
2025-10-29,9:51:48.572819956,T,KO,I,5,69.045
2025-10-29,9:51:48.963666862,T,KO,F I,14,69.04
2025-10-29,9:51:48.963670073,T,KO,F I,79,69.04
2025-10-29,9:51:48.963690976,T,KO,I,1,69.04
2025-10-29,9:51:48.963694884,T,KO,F,320,69.04
2025-10-29,9:51:51.006311916,T,KO,I,10,69.03
2025-10-29,9:51:51.019799126,T,KO,F I,50,69.03
2025-10-29,9:51:51.019802480,T,KO,F I,49,69.03
2025-10-29,9:51:51.019802480,T,KO,F I,25,69.03
2025-10-29,9:51:51.220039858,T,KO,F I,50,69.03
2025-10-29,9:51:51.274872683,T,KO,F I,11,69.02
2025-10-29,9:51:51.274872683,T,KO,F I,10,69.02
