DATE,TIME_M,EX,SYM_ROOT,TR_SCOND,SIZE,PRICE
2025-10-09,9:30:00.530184608,T,KO,O I,80,66.46
2025-10-09,9:30:00.530190710,T,KO,Q,80,66.46
2025-10-09,9:30:01.144180791,T,KO,F,200,66.29
2025-10-09,9:30:01.144183848,T,KO,F,100,66.29
2025-10-09,9:30:01.144187578,T,KO,F I,65,66.29
2025-10-09,9:30:01.144216937,T,KO,I,35,66.29
2025-10-09,9:30:01.357322429,T,KO,,400,66.3
2025-10-09,9:30:01.357325600,T,KO,I,35,66.3
2025-10-09,9:30:01.357358730,T,KO,I,1,66.3
2025-10-09,9:30:01.357484864,T,KO,I,99,66.3
2025-10-09,9:30:01.358032148,T,KO,,400,66.29
2025-10-09,9:30:01.360031898,T,KO,,385,66.29
2025-10-09,9:30:01.360070989,T,KO,F I,15,66.29
2025-10-09,9:30:01.360131170,T,KO,F,200,66.29
2025-10-09,9:30:01.360594298,T,KO,F,100,66.29
2025-10-09,9:30:01.360597260,T,KO,F,200,66.29
2025-10-09,9:30:01.459911708,T,KO,,400,66.31
2025-10-09,9:30:01.459911708,T,KO,,200,66.31
2025-10-09,9:30:01.813117958,T,KO,I,12,66.32
2025-10-09,9:30:02.150016873,T,KO,F,400,66.3
2025-10-09,9:30:02.150091532,T,KO,,200,66.31
2025-10-09,9:30:02.150314002,T,KO,F I,3,66.3
2025-10-09,9:30:02.150380173,T,KO,I,11,66.31
2025-10-09,9:30:02.177943834,T,KO,F I,3,66.32
2025-10-09,9:30:02.177970931,T,KO,,100,66.32
2025-10-09,9:30:02.204479015,T,KO,,400,66.33
2025-10-09,9:30:02.204479015,T,KO,I,11,66.33
2025-10-09,9:30:02.204482014,T,KO,,100,66.33
2025-10-09,9:30:03.939395139,T,KO,I,45,66.35
2025-10-09,9:30:03.994077354,T,KO,F,100,66.35
2025-10-09,9:30:03.995629091,T,KO,F I,71,66.34
2025-10-09,9:30:03.996116313,T,KO,F,100,66.33
2025-10-09,9:30:04.015572608,T,KO,I,12,66.31
2025-10-09,9:30:04.015597512,T,KO,,388,66.31
2025-10-09,9:30:04.015599672,T,KO,,200,66.31
2025-10-09,9:30:04.258858076,T,KO,F I,60,66.31
2025-10-09,9:30:05.079569901,T,KO,I,99,66.32
2025-10-09,9:30:05.079609166,T,KO,F I,1,66.32
2025-10-09,9:30:05.079609166,T,KO,F,100,66.32
2025-10-09,9:30:05.079693196,T,KO,F I,11,66.31
2025-10-09,9:30:05.264760011,T,KO,F,100,66.315
2025-10-09,9:30:05.264762942,T,KO,F,180,66.3
2025-10-09,9:30:05.264790575,T,KO,I,20,66.3
2025-10-09,9:30:05.264793095,T,KO,I,80,66.3
2025-10-09,9:30:05.897551092,T,KO,I,13,66.32
2025-10-09,9:30:06.730757647,T,KO,I,1,66.315
2025-10-09,9:30:07.168134493,T,KO,F,100,66.33
2025-10-09,9:30:07.168173526,T,KO,F,400,66.34
2025-10-09,9:30:07.168182540,T,KO,,100,66.33
2025-10-09,9:30:07.168222211,T,KO,F,100,66.34
2025-10-09,9:30:07.168222211,T,KO,F,100,66.34
2025-10-09,9:30:07.168254715,T,KO,F,400,66.35
2025-10-09,9:30:07.168305883,T,KO,F,200,66.34
2025-10-09,9:30:07.172019658,T,KO,F,100,66.33
2025-10-09,9:30:07.227396550,T,KO,,100,66.32
2025-10-09,9:30:07.229790345,T,KO,I,37,66.32
2025-10-09,9:30:07.324621200,T,KO,F I,39,66.33
2025-10-09,9:30:07.687657829,T,KO,,100,66.315
2025-10-09,9:30:09.061275894,T,KO,F,161,66.33
2025-10-09,9:30:09.061278462,T,KO,F,100,66.33
2025-10-09,9:30:09.061278462,T,KO,F,100,66.33
2025-10-09,9:30:09.061371632,T,KO,,161,66.33
2025-10-09,9:30:09.062240676,T,KO,F,300,66.32
2025-10-09,9:30:09.272850320,T,KO,I,2,66.31
2025-10-09,9:30:09.368856968,T,KO,,100,66.31
2025-10-09,9:30:09.548613108,T,KO,,100,66.31
2025-10-09,9:30:10.572112949,T,KO,F,100,66.29
2025-10-09,9:30:10.578791868,T,KO,,100,66.28
2025-10-09,9:30:10.578794895,T,KO,,100,66.28
2025-10-09,9:30:10.578815925,T,KO,I,1,66.28
2025-10-09,9:30:10.578821915,T,KO,I,99,66.28
2025-10-09,9:30:10.588465851,T,KO,F,100,66.275
2025-10-09,9:30:10.588468924,T,KO,F,100,66.28
2025-10-09,9:30:10.588477903,T,KO,F,100,66.28
2025-10-09,9:30:10.589106577,T,KO,,100,66.28
2025-10-09,9:30:10.589106577,T,KO,I,24,66.28
2025-10-09,9:30:10.770757395,T,KO,F,200,66.275
2025-10-09,9:30:10.770757395,T,KO,F I,2,66.27
2025-10-09,9:30:10.770772270,T,KO,F I,98,66.27
2025-10-09,9:30:10.770775138,T,KO,F I,21,66.27
2025-10-09,9:30:10.770790161,T,KO,F,179,66.27
2025-10-09,9:30:10.828019387,T,KO,F,100,66.28
2025-10-09,9:30:11.228465135,T,KO,F I,30,66.285
2025-10-09,9:30:12.445851705,T,KO,F,100,66.3
2025-10-09,9:30:12.446351301,T,KO,I,13,66.3
2025-10-09,9:30:12.446351301,T,KO,,400,66.3
2025-10-09,9:30:12.446383994,T,KO,,200,66.3
2025-10-09,9:30:12.446453132,T,KO,F,100,66.3
2025-10-09,9:30:12.446453132,T,KO,F,100,66.3
2025-10-09,9:30:12.446456355,T,KO,F I,2,66.3
2025-10-09,9:30:12.446495207,T,KO,F,100,66.3
2025-10-09,9:30:12.446537475,T,KO,I,12,66.3
2025-10-09,9:30:14.330996604,T,KO,F,100,66.3
2025-10-09,9:30:15.165745763,T,KO,F,400,66.32
2025-10-09,9:30:15.165748758,T,KO,F,100,66.32
2025-10-09,9:30:15.165842016,T,KO,,500,66.32
2025-10-09,9:30:15.165896203,T,KO,,100,66.31
2025-10-09,9:30:15.165917322,T,KO,I,1,66.31
2025-10-09,9:30:15.165938784,T,KO,F I,4,66.31
2025-10-09,9:30:15.165944296,T,KO,F I,95,66.31
2025-10-09,9:30:15.166040621,T,KO,F I,75,66.31
2025-10-09,9:30:15.166068013,T,KO,I,25,66.31
2025-10-09,9:30:15.166070714,T,KO,I,1,66.31
2025-10-09,9:30:15.166074480,T,KO,I,4,66.31
2025-10-09,9:30:15.166074480,T,KO,I,95,66.31
2025-10-09,9:30:15.166107363,T,KO,,100,66.31
2025-10-09,9:30:15.250746294,T,KO,F I,9,66.305
2025-10-09,9:30:15.334375462,T,KO,F I,9,66.31
2025-10-09,9:30:15.334453619,T,KO,F,100,66.31
2025-10-09,9:30:15.463232319,T,KO,F,100,66.31
2025-10-09,9:30:15.463235302,T,KO,F,100,66.32
2025-10-09,9:30:15.463235302,T,KO,F,215,66.32
2025-10-09,9:30:15.463254029,T,KO,I,1,66.32
2025-10-09,9:30:15.463391757,T,KO,F I,48,66.31
2025-10-09,9:30:15.463391757,T,KO,F,200,66.31
2025-10-09,9:30:18.513800533,T,KO,F,100,66.3
2025-10-09,9:30:18.513803151,T,KO,F I,48,66.3
2025-10-09,9:30:19.359354103,T,KO,,100,66.29
2025-10-09,9:30:19.359396242,T,KO,,200,66.28
2025-10-09,9:30:19.359399126,T,KO,,103,66.28
2025-10-09,9:30:19.359433046,T,KO,I,92,66.28
2025-10-09,9:30:19.359958514,T,KO,,200,66.28
2025-10-09,9:30:19.359979587,T,KO,F,200,66.29
2025-10-09,9:30:19.360647153,T,KO,,200,66.29
2025-10-09,9:30:19.360701200,T,KO,F,100,66.29
2025-10-09,9:30:19.360704458,T,KO,F I,4,66.29
2025-10-09,9:30:19.360704458,T,KO,F I,96,66.29
2025-10-09,9:30:19.414673802,T,KO,I,4,66.29
2025-10-09,9:30:19.414676861,T,KO,,200,66.29
2025-10-09,9:30:23.074537815,T,KO,I,4,66.26
2025-10-09,9:30:23.074540783,T,KO,,100,66.26
2025-10-09,9:30:24.180632196,T,KO,I,1,66.25
2025-10-09,9:30:24.182478612,T,KO,I,20,66.24
2025-10-09,9:30:24.182956858,T,KO,F I,1,66.23
2025-10-09,9:30:24.318808639,T,KO,,200,66.24
2025-10-09,9:30:24.318808639,T,KO,I,7,66.23
2025-10-09,9:30:24.318874598,T,KO,,100,66.24
2025-10-09,9:30:24.354473605,T,KO,,100,66.25
2025-10-09,9:30:24.354473605,T,KO,I,39,66.25
2025-10-09,9:30:24.354494407,T,KO,F,361,66.25
2025-10-09,9:30:24.354551488,T,KO,I,4,66.25
2025-10-09,9:30:24.354551488,T,KO,,196,66.25
2025-10-09,9:30:24.354569628,T,KO,I,1,66.25
2025-10-09,9:30:24.354575586,T,KO,I,3,66.25
2025-10-09,9:30:24.354575586,T,KO,I,33,66.25
2025-10-09,9:30:24.354590932,T,KO,F I,67,66.25
2025-10-09,9:30:24.354590932,T,KO,F I,37,66.25
2025-10-09,9:30:24.354668776,T,KO,F I,63,66.25
2025-10-09,9:30:25.001353494,T,KO,F I,5,66.245
2025-10-09,9:30:25.001398198,T,KO,I,95,66.245
2025-10-09,9:30:25.001461324,T,KO,F I,5,66.24
2025-10-09,9:30:25.324346330,T,KO,,100,66.23
2025-10-09,9:30:25.324367401,T,KO,,300,66.23
2025-10-09,9:30:25.705013993,T,KO,,100,66.225
2025-10-09,9:30:25.705016999,T,KO,,100,66.22
2025-10-09,9:30:25.705038596,T,KO,,100,66.22
2025-10-09,9:30:25.705668071,T,KO,F,200,66.21
2025-10-09,9:30:25.705673348,T,KO,F,400,66.21
2025-10-09,9:30:25.705673348,T,KO,F,100,66.21
2025-10-09,9:30:25.706190364,T,KO,,100,66.21
2025-10-09,9:30:25.706192962,T,KO,,100,66.22
2025-10-09,9:30:25.706195771,T,KO,,159,66.22
2025-10-09,9:30:25.706202435,T,KO,I,41,66.22
2025-10-09,9:30:25.706202435,T,KO,,100,66.22
2025-10-09,9:30:25.706205781,T,KO,,400,66.22
2025-10-09,9:30:25.706205781,T,KO,,100,66.22
2025-10-09,9:30:25.706440230,T,KO,,100,66.22
2025-10-09,9:30:25.706440230,T,KO,,100,66.22
2025-10-09,9:30:25.706442994,T,KO,I,18,66.22
2025-10-09,9:30:25.706442994,T,KO,,100,66.22
2025-10-09,9:30:25.706447271,T,KO,,100,66.21
2025-10-09,9:30:25.706447271,T,KO,,100,66.21
2025-10-09,9:30:25.706451510,T,KO,,400,66.21
2025-10-09,9:30:25.706451510,T,KO,,182,66.21
2025-10-09,9:30:25.770603200,T,KO,,100,66.22
2025-10-09,9:30:26.016550000,T,KO,,100,66.225
2025-10-09,9:30:26.414436599,T,KO,,100,66.22
2025-10-09,9:30:28.476932171,T,KO,F I,5,66.23
2025-10-09,9:30:28.476950169,T,KO,F I,95,66.23
2025-10-09,9:30:28.476959139,T,KO,F I,95,66.23
2025-10-09,9:30:28.476977253,T,KO,I,5,66.23
2025-10-09,9:30:28.730447961,T,KO,F I,57,66.22
2025-10-09,9:30:30.347095385,T,KO,F I,5,66.21
2025-10-09,9:30:30.669415038,T,KO,F I,30,66.2
2025-10-09,9:30:30.669418245,T,KO,F,100,66.2
2025-10-09,9:30:30.669427057,T,KO,I,70,66.2
2025-10-09,9:30:30.670482769,T,KO,I,10,66.19
2025-10-09,9:30:30.670485518,T,KO,I,33,66.19
2025-10-09,9:30:30.670506599,T,KO,I,67,66.19
2025-10-09,9:30:30.671363713,T,KO,,100,66.19
2025-10-09,9:30:30.671412218,T,KO,,100,66.19
2025-10-09,9:30:30.671414797,T,KO,,100,66.19
2025-10-09,9:30:30.671427017,T,KO,,100,66.19
2025-10-09,9:30:30.671453956,T,KO,,100,66.19
2025-10-09,9:30:30.671474897,T,KO,I,1,66.19
2025-10-09,9:30:30.671486940,T,KO,I,9,66.19
2025-10-09,9:30:30.671495966,T,KO,F I,9,66.19
2025-10-09,9:30:30.671625301,T,KO,F I,4,66.2
2025-10-09,9:30:30.671643497,T,KO,F,396,66.2
2025-10-09,9:30:30.671643497,T,KO,F I,95,66.2
2025-10-09,9:30:30.671652313,T,KO,F,105,66.2
2025-10-09,9:30:30.672208659,T,KO,F,245,66.21
2025-10-09,9:30:31.134707598,T,KO,,100,66.21
2025-10-09,9:30:31.135191435,T,KO,I,50,66.22
2025-10-09,9:30:31.219277707,T,KO,,100,66.23
2025-10-09,9:30:32.152758056,T,KO,F I,13,66.22
2025-10-09,9:30:35.552697828,T,KO,F,200,66.19
2025-10-09,9:30:35.553437622,T,KO,,100,66.2
2025-10-09,9:30:35.553437622,T,KO,,106,66.2
2025-10-09,9:30:35.553443712,T,KO,,400,66.2
2025-10-09,9:30:35.553443712,T,KO,,200,66.2
2025-10-09,9:30:35.554267651,T,KO,F,100,66.2
2025-10-09,9:30:35.554418779,T,KO,F,100,66.2
2025-10-09,9:30:35.554418779,T,KO,F,100,66.2
2025-10-09,9:30:35.554421134,T,KO,F I,63,66.2
2025-10-09,9:30:35.554442420,T,KO,I,37,66.2
2025-10-09,9:30:35.554448586,T,KO,,101,66.2
2025-10-09,9:30:35.554448586,T,KO,,100,66.2
2025-10-09,9:30:35.554451065,T,KO,,106,66.2
2025-10-09,9:30:35.554451065,T,KO,,200,66.2
2025-10-09,9:30:35.555756202,T,KO,,200,66.19
2025-10-09,9:30:35.556610297,T,KO,F I,50,66.19
2025-10-09,9:30:35.556853764,T,KO,,100,66.19
2025-10-09,9:30:35.556856766,T,KO,I,7,66.19
2025-10-09,9:30:35.557280884,T,KO,F,100,66.19
2025-10-09,9:30:35.596735473,T,KO,,400,66.2
2025-10-09,9:30:35.596737991,T,KO,,100,66.2
2025-10-09,9:30:35.596740744,T,KO,,200,66.2
2025-10-09,9:30:35.599041281,T,KO,F,100,66.2
2025-10-09,9:30:35.603735398,T,KO,I,1,66.2
2025-10-09,9:30:35.604463203,T,KO,F,100,66.2
2025-10-09,9:30:35.604463203,T,KO,F,100,66.2
2025-10-09,9:30:35.604466152,T,KO,F I,5,66.2
2025-10-09,9:30:35.624969015,T,KO,I,5,66.2
2025-10-09,9:30:35.624969015,T,KO,,100,66.2
2025-10-09,9:30:35.955014130,T,KO,,144,66.21
2025-10-09,9:30:35.955032154,T,KO,I,1,66.21
2025-10-09,9:30:37.561752936,T,KO,I,10,66.195
2025-10-09,9:30:37.561759006,T,KO,F,100,66.2
2025-10-09,9:30:37.637202626,T,KO,F I,89,66.21
2025-10-09,9:30:37.972868264,T,KO,F I,6,66.2
2025-10-09,9:30:37.972868264,T,KO,F,200,66.2
2025-10-09,9:30:37.973875670,T,KO,I,6,66.2
2025-10-09,9:30:37.973878945,T,KO,,400,66.2
2025-10-09,9:30:37.974149221,T,KO,,100,66.2
2025-10-09,9:30:37.974149221,T,KO,,100,66.2
2025-10-09,9:30:38.011152994,T,KO,I,6,66.2
2025-10-09,9:30:38.011155323,T,KO,I,94,66.2
2025-10-09,9:30:38.011176454,T,KO,I,1,66.2
2025-10-09,9:30:38.165768711,T,KO,F,100,66.19
2025-10-09,9:30:38.165768711,T,KO,F,200,66.19
2025-10-09,9:30:40.689722034,T,KO,I,2,66.19
2025-10-09,9:30:40.689746148,T,KO,I,98,66.19
2025-10-09,9:30:40.740873929,T,KO,I,35,66.18
2025-10-09,9:30:40.740880040,T,KO,I,1,66.18
2025-10-09,9:30:40.740880040,T,KO,I,1,66.18
2025-10-09,9:30:40.740882868,T,KO,I,1,66.18
2025-10-09,9:30:40.740886290,T,KO,F I,38,66.18
2025-10-09,9:30:40.934695286,T,KO,F I,1,66.17
2025-10-09,9:30:40.934712571,T,KO,I,99,66.17
2025-10-09,9:30:40.935016382,T,KO,,100,66.17
2025-10-09,9:30:40.935038090,T,KO,I,1,66.17
2025-10-09,9:30:41.418354516,T,KO,F I,1,66.16
2025-10-09,9:30:41.418358219,T,KO,F I,2,66.16
2025-10-09,9:30:41.418358219,T,KO,F,100,66.16
2025-10-09,9:30:41.423680269,T,KO,I,1,66.15
2025-10-09,9:30:41.423680269,T,KO,I,99,66.15
2025-10-09,9:30:41.449388850,T,KO,F,200,66.16
2025-10-09,9:30:41.449388850,T,KO,F,100,66.16
2025-10-09,9:30:41.449845521,T,KO,I,22,66.16
2025-10-09,9:30:41.449872935,T,KO,I,1,66.16
2025-10-09,9:30:41.449875606,T,KO,,100,66.16
2025-10-09,9:30:41.450630495,T,KO,,100,66.16
2025-10-09,9:30:41.450630495,T,KO,,100,66.16
2025-10-09,9:30:41.454921658,T,KO,,200,66.16
2025-10-09,9:30:41.455029924,T,KO,I,8,66.16
2025-10-09,9:30:41.455029924,T,KO,,100,66.16
2025-10-09,9:30:41.455032900,T,KO,,192,66.16
2025-10-09,9:30:41.455195255,T,KO,I,8,66.16
2025-10-09,9:30:41.456344651,T,KO,,200,66.16
2025-10-09,9:30:41.456347089,T,KO,,100,66.16
2025-10-09,9:30:41.460620237,T,KO,F I,8,66.16
2025-10-09,9:30:41.461155579,T,KO,,100,66.16
2025-10-09,9:30:41.461155579,T,KO,I,4,66.16
2025-10-09,9:30:41.467279098,T,KO,F,200,66.17
2025-10-09,9:30:41.467281072,T,KO,F,400,66.17
2025-10-09,9:30:41.536028437,T,KO,,200,66.17
2025-10-09,9:30:41.536031138,T,KO,I,58,66.17
2025-10-09,9:30:41.536051784,T,KO,I,1,66.17
2025-10-09,9:30:41.536175179,T,KO,,100,66.16
2025-10-09,9:30:41.984314543,T,KO,,100,66.175
2025-10-09,9:30:42.762141075,T,KO,I,58,66.175
2025-10-09,9:30:45.148020635,T,KO,F I,43,66.17
2025-10-09,9:30:45.148038631,T,KO,F I,57,66.17
2025-10-09,9:30:45.148041855,T,KO,F,100,66.17
2025-10-09,9:30:45.149052132,T,KO,,100,66.18
2025-10-09,9:30:45.150192423,T,KO,I,5,66.19
2025-10-09,9:30:45.150194852,T,KO,I,5,66.19
2025-10-09,9:30:45.150200837,T,KO,,100,66.19
2025-10-09,9:30:45.150976615,T,KO,,100,66.19
2025-10-09,9:30:45.150976615,T,KO,,400,66.19
2025-10-09,9:30:45.275091236,T,KO,F,100,66.18
2025-10-09,9:30:47.675729944,T,KO,,100,66.2
2025-10-09,9:30:47.675733075,T,KO,,300,66.21
2025-10-09,9:30:47.675745075,T,KO,F,100,66.21
2025-10-09,9:30:48.080491103,T,KO,,400,66.22
2025-10-09,9:30:48.080491103,T,KO,,200,66.22
2025-10-09,9:30:48.578823763,T,KO,F,100,66.21
2025-10-09,9:30:51.038991456,T,KO,I,20,66.215
2025-10-09,9:30:51.959763453,T,KO,I,10,66.215
2025-10-09,9:30:52.508170628,T,KO,I,41,66.2
2025-10-09,9:30:52.508636820,T,KO,F,119,66.21
2025-10-09,9:30:52.508651763,T,KO,F,100,66.21
2025-10-09,9:30:52.564546011,T,KO,F I,59,66.21
2025-10-09,9:30:52.564549008,T,KO,F,119,66.21
2025-10-09,9:30:54.892850424,T,KO,F I,3,66.21
2025-10-09,9:30:55.037137085,T,KO,,100,66.22
2025-10-09,9:30:58.306933074,T,KO,F,200,66.205
2025-10-09,9:30:58.306937014,T,KO,F,400,66.22
2025-10-09,9:30:58.306937014,T,KO,F,200,66.22
2025-10-09,9:30:58.307017161,T,KO,F,100,66.21
2025-10-09,9:30:58.307038626,T,KO,I,1,66.21
2025-10-09,9:30:58.308876576,T,KO,F,100,66.22
2025-10-09,9:30:58.308876576,T,KO,F I,1,66.22
2025-10-09,9:30:58.308882136,T,KO,F,100,66.22
2025-10-09,9:30:58.308882136,T,KO,F,400,66.23
2025-10-09,9:30:58.308885368,T,KO,F,100,66.23
2025-10-09,9:30:58.308885368,T,KO,F,200,66.23
2025-10-09,9:30:58.308887614,T,KO,F I,18,66.23
2025-10-09,9:30:58.310274024,T,KO,F,100,66.23
2025-10-09,9:30:58.310595742,T,KO,F,100,66.23
2025-10-09,9:30:58.310599187,T,KO,F,100,66.23
2025-10-09,9:30:58.310599187,T,KO,F I,9,66.23
2025-10-09,9:30:58.324050188,T,KO,F I,9,66.23
2025-10-09,9:30:58.324052903,T,KO,F I,1,66.23
2025-10-09,9:30:58.324055813,T,KO,F I,28,66.23
2025-10-09,9:30:58.324058739,T,KO,F,400,66.23
2025-10-09,9:30:58.324058739,T,KO,F,100,66.23
2025-10-09,9:30:58.325418279,T,KO,F,100,66.23
2025-10-09,9:30:58.325422219,T,KO,F,100,66.24
2025-10-09,9:30:58.325425144,T,KO,F,400,66.24
2025-10-09,9:30:58.325425144,T,KO,F,200,66.24
2025-10-09,9:30:58.325427051,T,KO,F I,26,66.24
2025-10-09,9:30:59.159680104,T,KO,F,100,66.24
2025-10-09,9:31:00.165434523,T,KO,F,200,66.24
2025-10-09,9:31:00.165465436,T,KO,,100,66.24
2025-10-09,9:31:00.165465436,T,KO,,100,66.24
2025-10-09,9:31:00.165467711,T,KO,I,13,66.24
2025-10-09,9:31:00.165783937,T,KO,F,100,66.24
2025-10-09,9:31:00.165840485,T,KO,F,100,66.24
2025-10-09,9:31:00.165846518,T,KO,I,87,66.24
2025-10-09,9:31:00.165960762,T,KO,F,100,66.24
2025-10-09,9:31:00.165963830,T,KO,F I,6,66.24
2025-10-09,9:31:00.734353616,T,KO,,100,66.24
2025-10-09,9:31:00.738494439,T,KO,F,200,66.23
2025-10-09,9:31:00.738494439,T,KO,F,300,66.23
2025-10-09,9:31:00.738524547,T,KO,,100,66.23
2025-10-09,9:31:00.777891310,T,KO,,100,66.22
2025-10-09,9:31:00.805400783,T,KO,F,235,66.21
2025-10-09,9:31:03.830392754,T,KO,F I,26,66.2
2025-10-09,9:31:03.830414167,T,KO,F I,74,66.2
2025-10-09,9:31:03.830414167,T,KO,F I,3,66.2
2025-10-09,9:31:03.833550200,T,KO,,100,66.21
2025-10-09,9:31:03.986560648,T,KO,F,400,66.23
2025-10-09,9:31:03.997864573,T,KO,F,200,66.24
2025-10-09,9:31:04.004838124,T,KO,,100,66.24
2025-10-09,9:31:04.050607316,T,KO,F,100,66.23
2025-10-09,9:31:04.050613154,T,KO,F,100,66.23
2025-10-09,9:31:04.050661340,T,KO,F I,3,66.23
2025-10-09,9:31:04.055719321,T,KO,F I,14,66.23
2025-10-09,9:31:04.055767433,T,KO,F,100,66.23
2025-10-09,9:31:04.074345681,T,KO,F I,5,66.22
2025-10-09,9:31:04.074637373,T,KO,,100,66.21
2025-10-09,9:31:04.998621184,T,KO,,105,66.19
2025-10-09,9:31:04.998639230,T,KO,F,295,66.19
2025-10-09,9:31:04.999096305,T,KO,,100,66.19
2025-10-09,9:31:04.999102253,T,KO,,100,66.195
2025-10-09,9:31:04.999102253,T,KO,,128,66.2
2025-10-09,9:31:04.999108635,T,KO,,100,66.2
2025-10-09,9:31:04.999108635,T,KO,,200,66.2
2025-10-09,9:31:04.999112214,T,KO,,100,66.2
2025-10-09,9:31:04.999112214,T,KO,I,3,66.2
2025-10-09,9:31:04.999114465,T,KO,I,27,66.2
2025-10-09,9:31:04.999117994,T,KO,I,28,66.2
2025-10-09,9:31:04.999120475,T,KO,,400,66.2
2025-10-09,9:31:04.999120475,T,KO,,100,66.2
2025-10-09,9:31:04.999123575,T,KO,I,1,66.2
2025-10-09,9:31:05.014522982,T,KO,,114,66.19
2025-10-09,9:31:05.014529165,T,KO,,128,66.19
2025-10-09,9:31:05.014529165,T,KO,,100,66.19
2025-10-09,9:31:05.014531998,T,KO,,158,66.19
2025-10-09,9:31:05.014544044,T,KO,I,1,66.19
2025-10-09,9:31:05.014580122,T,KO,I,41,66.19
2025-10-09,9:31:05.014580122,T,KO,,400,66.19
2025-10-09,9:31:05.014589783,T,KO,,100,66.19
2025-10-09,9:31:05.014589783,T,KO,I,36,66.19
2025-10-09,9:31:05.015344002,T,KO,,128,66.19
2025-10-09,9:31:05.015458683,T,KO,,100,66.19
2025-10-09,9:31:05.015479348,T,KO,F I,74,66.19
2025-10-09,9:31:05.015542509,T,KO,,100,66.19
2025-10-09,9:31:05.015674794,T,KO,,100,66.19
2025-10-09,9:31:05.036839164,T,KO,I,42,66.19
2025-10-09,9:31:05.036842319,T,KO,,100,66.19
2025-10-09,9:31:05.036845162,T,KO,I,4,66.19
2025-10-09,9:31:05.058235108,T,KO,,100,66.19
2025-10-09,9:31:05.058275042,T,KO,,100,66.2
2025-10-09,9:31:05.058278181,T,KO,,200,66.2
2025-10-09,9:31:05.058280395,T,KO,I,3,66.2
2025-10-09,9:31:05.058280395,T,KO,I,10,66.2
2025-10-09,9:31:05.625779938,T,KO,,100,66.18
2025-10-09,9:31:05.625779938,T,KO,,200,66.18
2025-10-09,9:31:05.633460198,T,KO,I,33,66.17
2025-10-09,9:31:05.633526516,T,KO,I,67,66.17
2025-10-09,9:31:05.633526516,T,KO,I,3,66.17
2025-10-09,9:31:05.877407252,T,KO,I,3,66.18
2025-10-09,9:31:08.939940500,T,KO,,100,66.18
2025-10-09,9:31:08.939943518,T,KO,,100,66.18
2025-10-09,9:31:16.899232006,T,KO,,100,66.2
2025-10-09,9:31:16.899232006,T,KO,I,23,66.2
2025-10-09,9:31:16.899256063,T,KO,F I,68,66.2
2025-10-09,9:31:16.899256063,T,KO,F I,90,66.2
2025-10-09,9:31:17.196904848,T,KO,F I,9,66.22
2025-10-09,9:31:17.196923041,T,KO,I,9,66.22
2025-10-09,9:31:17.213242742,T,KO,I,73,66.21
2025-10-09,9:31:17.213246575,T,KO,,200,66.21
2025-10-09,9:31:17.213246575,T,KO,I,5,66.21
2025-10-09,9:31:17.213597592,T,KO,F I,1,66.2
2025-10-09,9:31:17.213600677,T,KO,F I,4,66.2
2025-10-09,9:31:17.958946892,T,KO,I,1,66.21
2025-10-09,9:31:17.958971027,T,KO,I,1,66.21
2025-10-09,9:31:18.262727521,T,KO,,200,66.205
2025-10-09,9:31:18.263398150,T,KO,F,100,66.2
2025-10-09,9:31:18.298479666,T,KO,F I,42,66.2
2025-10-09,9:31:18.298503706,T,KO,I,1,66.2
2025-10-09,9:31:18.923139445,T,KO,F I,30,66.21
2025-10-09,9:31:21.007340449,T,KO,F,100,66.23
2025-10-09,9:31:21.358092826,T,KO,F,400,66.25
2025-10-09,9:31:21.358096620,T,KO,F,200,66.25
2025-10-09,9:31:21.358390581,T,KO,F I,1,66.25
2025-10-09,9:31:21.358727359,T,KO,I,48,66.25
2025-10-09,9:31:21.358899087,T,KO,F,114,66.25
2025-10-09,9:31:21.358901883,T,KO,F I,59,66.25
2025-10-09,9:31:21.358908782,T,KO,F,200,66.25
2025-10-09,9:31:21.358908782,T,KO,F,100,66.25
2025-10-09,9:31:21.358911388,T,KO,F I,30,66.24
2025-10-09,9:31:21.358914201,T,KO,F I,15,66.24
2025-10-09,9:31:21.358914201,T,KO,F,160,66.24
2025-10-09,9:31:21.358950363,T,KO,F,100,66.25
2025-10-09,9:31:21.358973966,T,KO,I,1,66.25
2025-10-09,9:31:21.358977110,T,KO,I,1,66.25
2025-10-09,9:31:21.358981237,T,KO,,240,66.24
2025-10-09,9:31:21.358981237,T,KO,,200,66.24
2025-10-09,9:31:21.358983547,T,KO,,100,66.24
2025-10-09,9:31:21.359025842,T,KO,,100,66.24
2025-10-09,9:31:21.359025842,T,KO,,100,66.24
2025-10-09,9:31:21.359031147,T,KO,,100,66.24
2025-10-09,9:31:21.359079537,T,KO,,100,66.245
2025-10-09,9:31:21.359079537,T,KO,,200,66.24
2025-10-09,9:31:21.359082881,T,KO,,100,66.24
2025-10-09,9:31:21.359109305,T,KO,I,30,66.24
2025-10-09,9:31:21.359220627,T,KO,F,135,66.24
2025-10-09,9:31:21.359223890,T,KO,F I,43,66.24
2025-10-09,9:31:24.378204190,T,KO,I,19,66.24
2025-10-09,9:31:24.378210072,T,KO,I,43,66.24
2025-10-09,9:31:24.378210072,T,KO,I,1,66.24
2025-10-09,9:31:24.378210072,T,KO,I,89,66.24
2025-10-09,9:31:24.378213419,T,KO,I,2,66.24
2025-10-09,9:31:24.378213419,T,KO,I,88,66.24
2025-10-09,9:31:24.378216777,T,KO,I,7,66.24
2025-10-09,9:31:24.378216777,T,KO,I,19,66.24
2025-10-09,9:31:24.378219243,T,KO,I,5,66.24
2025-10-09,9:31:24.378462664,T,KO,,200,66.23
2025-10-09,9:31:25.468381765,T,KO,F,124,66.23
2025-10-09,9:31:25.468381765,T,KO,F I,76,66.23
2025-10-09,9:31:25.468400216,T,KO,I,1,66.23
2025-10-09,9:31:25.468402631,T,KO,I,23,66.23
2025-10-09,9:31:26.492062368,T,KO,F I,24,66.23
2025-10-09,9:31:26.492064738,T,KO,F,100,66.23
2025-10-09,9:31:26.633010448,T,KO,,100,66.23
2025-10-09,9:31:26.633088740,T,KO,F,100,66.22
2025-10-09,9:31:26.633091696,T,KO,F,100,66.22
2025-10-09,9:31:32.799332286,T,KO,,100,66.255
2025-10-09,9:31:33.069513731,T,KO,F I,36,66.24
2025-10-09,9:31:33.069519718,T,KO,F,164,66.24
2025-10-09,9:31:36.841671225,T,KO,F I,5,66.23
2025-10-09,9:31:36.841674235,T,KO,F,100,66.23
2025-10-09,9:31:37.339029770,T,KO,F I,5,66.22
2025-10-09,9:31:37.339031920,T,KO,F,100,66.22
2025-10-09,9:31:38.064109880,T,KO,,100,66.19
2025-10-09,9:31:38.064116498,T,KO,I,22,66.2
2025-10-09,9:31:38.064116498,T,KO,I,32,66.2
2025-10-09,9:31:38.064116498,T,KO,,100,66.2
2025-10-09,9:31:38.064118912,T,KO,,400,66.2
2025-10-09,9:31:38.064122585,T,KO,,100,66.2
2025-10-09,9:31:38.064128907,T,KO,I,40,66.2
2025-10-09,9:31:38.107527163,T,KO,F,149,66.19
2025-10-09,9:31:38.107527163,T,KO,F I,51,66.19
2025-10-09,9:31:38.320452390,T,KO,,100,66.19
2025-10-09,9:31:38.320476409,T,KO,F,100,66.19
2025-10-09,9:31:38.320515473,T,KO,,100,66.19
2025-10-09,9:31:38.320608766,T,KO,F,200,66.18
2025-10-09,9:31:38.321089854,T,KO,,100,66.185
2025-10-09,9:31:38.321093130,T,KO,,100,66.185
2025-10-09,9:31:38.321093130,T,KO,,100,66.19
2025-10-09,9:31:38.321095894,T,KO,,169,66.19
2025-10-09,9:31:38.321119878,T,KO,,100,66.19
2025-10-09,9:31:38.321152990,T,KO,,300,66.19
2025-10-09,9:31:38.321267229,T,KO,I,22,66.19
2025-10-09,9:31:38.321291876,T,KO,,100,66.185
2025-10-09,9:31:38.321944257,T,KO,F,100,66.19
2025-10-09,9:31:38.321946901,T,KO,F,169,66.19
2025-10-09,9:31:38.321949958,T,KO,F,100,66.19
2025-10-09,9:31:38.322299346,T,KO,F I,79,66.18
2025-10-09,9:31:38.322299346,T,KO,F,100,66.18
2025-10-09,9:31:38.322301788,T,KO,F,200,66.18
2025-10-09,9:31:38.322821939,T,KO,,159,66.18
2025-10-09,9:31:38.322821939,T,KO,,138,66.18
2025-10-09,9:31:38.322891501,T,KO,F,100,66.18
2025-10-09,9:31:38.322900223,T,KO,F,100,66.18
2025-10-09,9:31:38.322912167,T,KO,F,159,66.18
2025-10-09,9:31:38.323060315,T,KO,,100,66.18
2025-10-09,9:31:38.323062567,T,KO,,100,66.18
2025-10-09,9:31:38.323065708,T,KO,,100,66.18
2025-10-09,9:31:38.323069100,T,KO,,100,66.18
2025-10-09,9:31:38.323143734,T,KO,F I,21,66.18
2025-10-09,9:31:38.323182836,T,KO,F I,5,66.18
2025-10-09,9:31:38.323188889,T,KO,F I,95,66.18
2025-10-09,9:31:38.323192394,T,KO,F I,5,66.18
2025-10-09,9:31:38.323194899,T,KO,I,95,66.18
2025-10-09,9:31:38.323300211,T,KO,F,100,66.18
2025-10-09,9:31:38.323306109,T,KO,F I,27,66.18
2025-10-09,9:31:38.323327174,T,KO,F,400,66.18
2025-10-09,9:31:38.323336227,T,KO,F,200,66.18
2025-10-09,9:31:38.323483552,T,KO,,100,66.18
2025-10-09,9:31:38.323483552,T,KO,I,42,66.18
2025-10-09,9:31:38.324100245,T,KO,,100,66.19
2025-10-09,9:31:38.324106063,T,KO,,100,66.19
2025-10-09,9:31:38.324106063,T,KO,,200,66.19
2025-10-09,9:31:38.324106063,T,KO,,400,66.19
2025-10-09,9:31:38.324109046,T,KO,,100,66.19
2025-10-09,9:31:38.324340655,T,KO,,100,66.19
2025-10-09,9:31:38.412989084,T,KO,I,36,66.19
2025-10-09,9:31:38.412989084,T,KO,I,16,66.19
2025-10-09,9:31:38.412991896,T,KO,I,1,66.19
2025-10-09,9:31:38.412994835,T,KO,I,15,66.19
2025-10-09,9:31:38.412994835,T,KO,I,22,66.19
2025-10-09,9:31:38.413013090,T,KO,I,1,66.19
2025-10-09,9:31:38.413013090,T,KO,F I,6,66.19
2025-10-09,9:31:38.584126293,T,KO,,100,66.195
2025-10-09,9:31:38.909726916,T,KO,I,99,66.2
2025-10-09,9:31:38.909729903,T,KO,I,1,66.21
2025-10-09,9:31:38.909754666,T,KO,,100,66.2
2025-10-09,9:31:38.910638027,T,KO,F,100,66.2
2025-10-09,9:31:38.915074154,T,KO,,100,66.2
2025-10-09,9:31:38.915074154,T,KO,,120,66.21
2025-10-09,9:31:38.915094633,T,KO,I,1,66.21
2025-10-09,9:31:38.915380277,T,KO,F,279,66.21
2025-10-09,9:31:38.950603242,T,KO,,100,66.21
2025-10-09,9:31:39.085796161,T,KO,,100,66.2
2025-10-09,9:31:39.181595375,T,KO,I,40,66.2
2025-10-09,9:31:39.714945737,T,KO,F I,51,66.21
2025-10-09,9:31:39.720478914,T,KO,,400,66.23
2025-10-09,9:31:39.720478914,T,KO,I,60,66.23
2025-10-09,9:31:39.720496955,T,KO,I,1,66.23
2025-10-09,9:31:41.525780651,T,KO,I,10,66.26
2025-10-09,9:31:41.528415450,T,KO,I,45,66.27
2025-10-09,9:31:41.528417976,T,KO,I,9,66.27
2025-10-09,9:31:41.528439049,T,KO,I,1,66.27
2025-10-09,9:31:41.528733714,T,KO,F I,41,66.26
2025-10-09,9:31:41.530637222,T,KO,I,90,66.27
2025-10-09,9:31:41.530637222,T,KO,I,18,66.27
2025-10-09,9:31:41.530658314,T,KO,I,1,66.27
2025-10-09,9:31:41.568798761,T,KO,F,200,66.26
2025-10-09,9:31:41.568798761,T,KO,F,400,66.26
2025-10-09,9:31:41.568801166,T,KO,F I,5,66.26
2025-10-09,9:31:42.534130537,T,KO,I,32,66.27
2025-10-09,9:31:42.534133848,T,KO,,229,66.27
2025-10-09,9:31:42.534169448,T,KO,I,1,66.27
2025-10-09,9:31:42.534596834,T,KO,,169,66.26
2025-10-09,9:31:42.534596834,T,KO,,200,66.26
2025-10-09,9:31:42.534599713,T,KO,,400,66.26
2025-10-09,9:31:43.004964826,T,KO,I,1,66.27
2025-10-09,9:31:43.004988811,T,KO,I,1,66.27
2025-10-09,9:31:43.099377696,T,KO,,100,66.27
2025-10-09,9:31:43.122620336,T,KO,I,16,66.27
2025-10-09,9:31:43.122620336,T,KO,I,19,66.27
2025-10-09,9:31:43.122623053,T,KO,I,32,66.27
2025-10-09,9:31:54.799557806,T,KO,F I,1,66.28
2025-10-09,9:31:54.799560777,T,KO,F I,4,66.28
2025-10-09,9:32:03.016681090,T,KO,F,100,66.27
2025-10-09,9:32:03.016681090,T,KO,F,100,66.27
2025-10-09,9:32:03.016683314,T,KO,,100,66.27
2025-10-09,9:32:03.624932937,T,KO,I,3,66.245
2025-10-09,9:32:03.767306995,T,KO,I,17,66.245
2025-10-09,9:32:10.229710981,T,KO,I,1,66.26
2025-10-09,9:32:10.229972694,T,KO,F I,1,66.26
2025-10-09,9:32:10.229999655,T,KO,F I,8,66.26
2025-10-09,9:32:10.259641308,T,KO,I,1,66.27
2025-10-09,9:32:15.526855384,T,KO,F I,10,66.27
2025-10-09,9:32:15.526860629,T,KO,F,100,66.27
2025-10-09,9:32:15.537109056,T,KO,,100,66.26
2025-10-09,9:32:15.564159011,T,KO,,100,66.27
2025-10-09,9:32:15.564164426,T,KO,,400,66.27
2025-10-09,9:32:15.564164426,T,KO,,200,66.27
2025-10-09,9:32:15.626018958,T,KO,F,400,66.29
2025-10-09,9:32:15.626024755,T,KO,F,200,66.29
2025-10-09,9:32:15.626024755,T,KO,F,100,66.29
2025-10-09,9:32:15.626469819,T,KO,F,100,66.29
2025-10-09,9:32:15.664236820,T,KO,,100,66.3
2025-10-09,9:32:15.664239765,T,KO,,100,66.3
2025-10-09,9:32:15.664708899,T,KO,,100,66.3
2025-10-09,9:32:15.666080303,T,KO,I,55,66.3
2025-10-09,9:32:15.686146935,T,KO,,100,66.3
2025-10-09,9:32:16.483938179,T,KO,F,100,66.3
2025-10-09,9:32:16.483941095,T,KO,F I,51,66.3
2025-10-09,9:32:20.246668199,T,KO,I,1,66.27
2025-10-09,9:32:20.246668199,T,KO,I,4,66.27
2025-10-09,9:32:26.254671720,T,KO,F,100,66.25
2025-10-09,9:32:26.254674550,T,KO,F,100,66.25
2025-10-09,9:32:35.143404257,T,KO,F,100,66.28
2025-10-09,9:32:37.110332096,T,KO,I,5,66.27
2025-10-09,9:32:37.996717194,T,KO,I,15,66.265
2025-10-09,9:32:37.996720178,T,KO,,200,66.265
2025-10-09,9:32:38.466300718,T,KO,F,100,66.27
2025-10-09,9:32:39.427377718,T,KO,,200,66.275
2025-10-09,9:32:42.431382548,T,KO,F,100,66.3
2025-10-09,9:32:42.954635268,T,KO,F I,4,66.31
2025-10-09,9:32:42.969610410,T,KO,,100,66.32
2025-10-09,9:32:48.664457320,T,KO,F I,52,66.31
2025-10-09,9:32:48.676837627,T,KO,,100,66.31
2025-10-09,9:32:50.903313632,T,KO,,200,66.345
2025-10-09,9:32:51.343078039,T,KO,I,5,66.34
2025-10-09,9:32:51.343078039,T,KO,I,5,66.34
2025-10-09,9:32:51.343147138,T,KO,F I,25,66.34
2025-10-09,9:32:51.343153244,T,KO,F,200,66.34
2025-10-09,9:32:51.343472380,T,KO,,100,66.34
2025-10-09,9:32:51.343475613,T,KO,I,25,66.34
2025-10-09,9:32:51.343478052,T,KO,I,1,66.34
2025-10-09,9:32:51.343478052,T,KO,,400,66.34
2025-10-09,9:32:51.343577288,T,KO,F,100,66.34
2025-10-09,9:32:51.343598782,T,KO,I,1,66.34
2025-10-09,9:32:51.343775600,T,KO,F,199,66.34
2025-10-09,9:32:51.343775600,T,KO,F I,1,66.34
2025-10-09,9:32:51.373829275,T,KO,F,314,66.34
2025-10-09,9:32:55.244633596,T,KO,,314,66.35
2025-10-09,9:33:01.517330605,T,KO,F,100,66.35
2025-10-09,9:33:01.517330605,T,KO,F,100,66.35
2025-10-09,9:33:01.518103478,T,KO,F,100,66.34
2025-10-09,9:33:05.339431576,T,KO,F,100,66.33
2025-10-09,9:33:05.339434915,T,KO,F,200,66.33
2025-10-09,9:33:05.339434915,T,KO,F,200,66.33
2025-10-09,9:33:05.339436937,T,KO,F I,3,66.33
2025-10-09,9:33:05.339719612,T,KO,I,68,66.32
2025-10-09,9:33:05.339737670,T,KO,I,32,66.32
2025-10-09,9:33:10.022990840,T,KO,I,30,66.345
2025-10-09,9:33:12.411828829,T,KO,F,200,66.36
2025-10-09,9:33:21.095831264,T,KO,,200,66.36
2025-10-09,9:33:21.095834737,T,KO,I,5,66.36
2025-10-09,9:33:33.864191378,T,KO,I,5,66.38
2025-10-09,9:33:37.014973390,T,KO,F,100,66.37
2025-10-09,9:33:39.214826358,T,KO,F,100,66.36
2025-10-09,9:33:49.489888164,T,KO,F I,53,66.37
2025-10-09,9:33:50.005721846,T,KO,F,100,66.38
2025-10-09,9:33:50.005724749,T,KO,F I,12,66.38
2025-10-09,9:33:50.005724749,T,KO,F,100,66.38
2025-10-09,9:33:50.938546601,T,KO,F I,30,66.4
2025-10-09,9:33:55.233847976,T,KO,F I,15,66.4
2025-10-09,9:33:55.317167492,T,KO,I,83,66.4
2025-10-09,9:33:58.144008320,T,KO,F I,5,66.39
2025-10-09,9:33:58.145054809,T,KO,F,100,66.39
2025-10-09,9:33:58.145057793,T,KO,F,100,66.39
2025-10-09,9:33:59.354096402,T,KO,,124,66.38
2025-10-09,9:33:59.354111494,T,KO,I,1,66.38
2025-10-09,9:33:59.354114495,T,KO,I,1,66.38
2025-10-09,9:33:59.354150808,T,KO,,100,66.38
2025-10-09,9:33:59.354153619,T,KO,,100,66.38
2025-10-09,9:33:59.354157119,T,KO,I,75,66.38
2025-10-09,9:33:59.354159556,T,KO,I,25,66.38
2025-10-09,9:34:01.796065705,T,KO,,100,66.38
2025-10-09,9:34:06.850976126,T,KO,F,100,66.37
2025-10-09,9:34:06.850979360,T,KO,F I,3,66.37
2025-10-09,9:34:06.850982164,T,KO,F,100,66.37
2025-10-09,9:34:07.027951065,T,KO,I,53,66.36
2025-10-09,9:34:07.027953697,T,KO,F I,47,66.36
2025-10-09,9:34:07.076447244,T,KO,I,16,66.35
2025-10-09,9:34:07.076468262,T,KO,I,49,66.35
2025-10-09,9:34:07.076522360,T,KO,I,1,66.35
2025-10-09,9:34:17.220706341,T,KO,I,5,66.34
2025-10-09,9:34:23.020476132,T,KO,F,100,66.33
2025-10-09,9:34:25.372305783,T,KO,F I,5,66.33
2025-10-09,9:34:25.372305783,T,KO,F I,73,66.33
2025-10-09,9:34:25.372308611,T,KO,F I,23,66.33
2025-10-09,9:34:25.372504806,T,KO,I,35,66.32
2025-10-09,9:34:25.373718984,T,KO,F I,25,66.33
2025-10-09,9:34:25.445344006,T,KO,,200,66.32
2025-10-09,9:34:25.445344006,T,KO,I,5,66.32
2025-10-09,9:34:30.304178420,T,KO,I,35,66.32
2025-10-09,9:34:30.304178420,T,KO,I,10,66.32
2025-10-09,9:34:30.304184131,T,KO,,200,66.32
2025-10-09,9:34:31.734116877,T,KO,,100,66.32
2025-10-09,9:34:33.642194433,T,KO,I,2,66.32
2025-10-09,9:34:36.307773185,T,KO,F,100,66.31
2025-10-09,9:34:36.309201710,T,KO,I,98,66.305
2025-10-09,9:34:36.309201710,T,KO,I,2,66.31
2025-10-09,9:34:36.309204550,T,KO,F I,64,66.31
2025-10-09,9:34:36.316939047,T,KO,,100,66.31
2025-10-09,9:34:36.498703877,T,KO,,100,66.305
2025-10-09,9:34:38.177903340,T,KO,I,3,66.31
2025-10-09,9:34:38.832367085,T,KO,I,3,66.31
2025-10-09,9:34:39.056527693,T,KO,I,94,66.295
2025-10-09,9:34:39.056530081,T,KO,,100,66.3
2025-10-09,9:34:39.056533053,T,KO,,106,66.3
2025-10-09,9:34:39.056584175,T,KO,I,94,66.3
2025-10-09,9:34:39.057532011,T,KO,F I,2,66.3
2025-10-09,9:34:39.057534385,T,KO,F I,98,66.3
2025-10-09,9:34:39.057537637,T,KO,F,400,66.3
2025-10-09,9:34:40.254135437,T,KO,I,2,66.28
2025-10-09,9:34:40.256396766,T,KO,I,1,66.27
2025-10-09,9:34:40.256583966,T,KO,I,97,66.265
2025-10-09,9:34:40.256586581,T,KO,,201,66.27
2025-10-09,9:34:40.256589262,T,KO,I,79,66.27
2025-10-09,9:34:40.875045193,T,KO,I,1,66.275
2025-10-09,9:34:42.536857224,T,KO,F,200,66.27
2025-10-09,9:34:45.816270092,T,KO,F I,99,66.24
2025-10-09,9:34:47.134985983,T,KO,F,100,66.24
2025-10-09,9:34:47.166464918,T,KO,,100,66.24
2025-10-09,9:34:47.794390478,T,KO,I,70,66.255
2025-10-09,9:34:53.143524914,T,KO,F,100,66.26
2025-10-09,9:34:53.143524914,T,KO,F I,64,66.27
2025-10-09,9:34:53.143564001,T,KO,,100,66.27
2025-10-09,9:34:53.143991012,T,KO,F,100,66.27
2025-10-09,9:34:53.144024144,T,KO,F,146,66.27
2025-10-09,9:34:53.144321864,T,KO,F,254,66.27
2025-10-09,9:34:54.264513820,T,KO,F,100,66.26
2025-10-09,9:34:55.155427755,T,KO,,100,66.265
2025-10-09,9:34:55.268716663,T,KO,I,25,66.265
2025-10-09,9:34:55.524412669,T,KO,F I,1,66.265
2025-10-09,9:34:55.527058896,T,KO,,100,66.265
2025-10-09,9:34:56.604326714,T,KO,I,1,66.265
2025-10-09,9:34:56.604363744,T,KO,I,73,66.265
2025-10-09,9:34:56.604363744,T,KO,I,1,66.27
2025-10-09,9:34:56.829131109,T,KO,I,25,66.27
2025-10-09,9:34:56.829131109,T,KO,,100,66.27
2025-10-09,9:34:56.829133195,T,KO,,375,66.27
2025-10-09,9:34:56.829148188,T,KO,I,1,66.27
2025-10-09,9:34:56.829154195,T,KO,F I,24,66.27
2025-10-09,9:34:56.989520247,T,KO,I,25,66.27
2025-10-09,9:34:57.145793376,T,KO,,100,66.28
2025-10-09,9:34:57.145817457,T,KO,I,1,66.28
2025-10-09,9:34:57.146728615,T,KO,I,99,66.28
2025-10-09,9:34:57.147122671,T,KO,F,100,66.28
2025-10-09,9:34:57.147122671,T,KO,F I,64,66.28
2025-10-09,9:34:57.147167701,T,KO,F,200,66.28
2025-10-09,9:34:57.147167701,T,KO,F I,62,66.28
2025-10-09,9:34:57.147170733,T,KO,F,114,66.28
2025-10-09,9:35:00.188644752,T,KO,F I,45,66.285
2025-10-09,9:35:00.213913896,T,KO,I,45,66.29
2025-10-09,9:35:01.177902044,T,KO,,100,66.31
2025-10-09,9:35:03.502630899,T,KO,F,100,66.31
2025-10-09,9:35:07.539478708,T,KO,I,54,66.3
2025-10-09,9:35:13.620337518,T,KO,F I,46,66.31
2025-10-09,9:35:13.620367289,T,KO,F I,17,66.3
2025-10-09,9:35:13.620637551,T,KO,F I,83,66.3
2025-10-09,9:35:13.992972277,T,KO,,200,66.31
2025-10-09,9:35:26.466257568,T,KO,I,1,66.33
2025-10-09,9:35:26.712072110,T,KO,F,200,66.32
2025-10-09,9:35:26.878554807,T,KO,I,46,66.31
2025-10-09,9:35:26.878554807,T,KO,F I,54,66.31
2025-10-09,9:35:26.878557630,T,KO,F I,46,66.31
2025-10-09,9:35:26.878560607,T,KO,I,12,66.31
2025-10-09,9:35:26.878572673,T,KO,F I,42,66.31
2025-10-09,9:35:27.970067439,T,KO,I,3,66.29
2025-10-09,9:35:27.970088897,T,KO,I,99,66.29
2025-10-09,9:35:27.970109718,T,KO,I,58,66.29
2025-10-09,9:35:27.970109718,T,KO,I,1,66.29
2025-10-09,9:35:27.970112520,T,KO,I,1,66.29
2025-10-09,9:35:27.971565706,T,KO,,200,66.3
2025-10-09,9:35:27.971568139,T,KO,,400,66.3
2025-10-09,9:35:39.940904494,T,KO,,138,66.29
2025-10-09,9:35:39.940910049,T,KO,,500,66.29
2025-10-09,9:35:39.940910049,T,KO,I,1,66.29
2025-10-09,9:35:39.941869335,T,KO,F I,7,66.29
2025-10-09,9:35:39.956057097,T,KO,F,100,66.285
2025-10-09,9:35:43.845830607,T,KO,F I,86,66.3
2025-10-09,9:35:43.845867000,T,KO,F I,14,66.3
2025-10-09,9:35:43.845867000,T,KO,F I,20,66.3
2025-10-09,9:35:43.846780849,T,KO,F I,49,66.31
2025-10-09,9:35:48.204865818,T,KO,I,51,66.305
2025-10-09,9:35:50.128030252,T,KO,F,200,66.3
2025-10-09,9:35:51.022923372,T,KO,I,51,66.29
2025-10-09,9:35:51.022925705,T,KO,I,35,66.29
2025-10-09,9:35:51.022943771,T,KO,I,1,66.29
2025-10-09,9:35:54.389645395,T,KO,I,60,66.3
2025-10-09,9:35:54.503833411,T,KO,I,54,66.31
2025-10-09,9:35:54.504470932,T,KO,F,200,66.31
2025-10-09,9:36:00.248569017,T,KO,F I,1,66.32
2025-10-09,9:36:05.853200942,T,KO,F I,2,66.35
2025-10-09,9:36:05.853264488,T,KO,I,8,66.35
2025-10-09,9:36:05.853615935,T,KO,F,169,66.35
2025-10-09,9:36:08.834132297,T,KO,F I,39,66.36
2025-10-09,9:36:09.219704126,T,KO,,100,66.365
2025-10-09,9:36:10.311493586,T,KO,F I,24,66.37
2025-10-09,9:36:10.311496587,T,KO,I,21,66.37
2025-10-09,9:36:10.329473334,T,KO,I,63,66.38
2025-10-09,9:36:10.329587673,T,KO,,200,66.39
2025-10-09,9:36:10.329590671,T,KO,,100,66.39
2025-10-09,9:36:10.363219779,T,KO,F,100,66.39
2025-10-09,9:36:10.363219779,T,KO,F,126,66.38
2025-10-09,9:36:10.368259732,T,KO,,292,66.39
2025-10-09,9:36:10.446160481,T,KO,I,6,66.4
2025-10-09,9:36:10.446163314,T,KO,,400,66.4
2025-10-09,9:36:10.446449806,T,KO,I,25,66.4
2025-10-09,9:36:10.446497086,T,KO,I,34,66.4
2025-10-09,9:36:15.019037825,T,KO,I,84,66.4
2025-10-09,9:36:15.279849207,T,KO,F,100,66.39
2025-10-09,9:36:17.880049130,T,KO,F I,11,66.385
2025-10-09,9:36:20.693727625,T,KO,,100,66.38
2025-10-09,9:36:30.453942003,T,KO,F,100,66.37
2025-10-09,9:36:30.819141109,T,KO,,120,66.34
2025-10-09,9:36:30.819583316,T,KO,I,27,66.34
2025-10-09,9:36:30.820016615,T,KO,,100,66.35
2025-10-09,9:36:30.820018957,T,KO,,100,66.345
2025-10-09,9:36:30.820046615,T,KO,,200,66.345
2025-10-09,9:36:30.820049078,T,KO,,100,66.34
2025-10-09,9:36:30.820055063,T,KO,,100,66.34
2025-10-09,9:36:30.820055063,T,KO,,400,66.34
2025-10-09,9:36:30.820057972,T,KO,,200,66.34
2025-10-09,9:36:30.820057972,T,KO,I,40,66.34
2025-10-09,9:36:30.820061022,T,KO,I,25,66.34
2025-10-09,9:36:30.820061022,T,KO,,200,66.34
2025-10-09,9:36:32.000411392,T,KO,F,100,66.33
2025-10-09,9:36:42.265311796,T,KO,F,200,66.32
2025-10-09,9:36:43.144386503,T,KO,F,100,66.32
2025-10-09,9:36:43.144395520,T,KO,I,9,66.32
2025-10-09,9:36:43.335398496,T,KO,F I,13,66.33
2025-10-09,9:36:43.561485920,T,KO,,100,66.33
2025-10-09,9:36:55.066047027,T,KO,F I,2,66.34
2025-10-09,9:36:55.066050344,T,KO,F I,1,66.34
2025-10-09,9:36:55.066050344,T,KO,F I,13,66.34
2025-10-09,9:36:57.109431799,T,KO,I,1,66.33
2025-10-09,9:36:57.256397905,T,KO,I,25,66.315
2025-10-09,9:37:10.518465048,T,KO,F I,1,66.33
2025-10-09,9:37:10.518489135,T,KO,F I,89,66.33
2025-10-09,9:37:10.520537596,T,KO,F I,25,66.33
2025-10-09,9:37:10.520537596,T,KO,F I,23,66.33
2025-10-09,9:37:10.520715006,T,KO,F I,77,66.33
2025-10-09,9:37:10.520715006,T,KO,F I,13,66.33
2025-10-09,9:37:11.776818552,T,KO,F I,25,66.34
2025-10-09,9:37:11.787307104,T,KO,,100,66.34
2025-10-09,9:37:11.787307104,T,KO,I,13,66.34
2025-10-09,9:37:12.590535196,T,KO,I,1,66.32
2025-10-09,9:37:12.590550194,T,KO,I,22,66.32
2025-10-09,9:37:12.590571329,T,KO,I,77,66.32
2025-10-09,9:37:12.601306770,T,KO,F,400,66.32
2025-10-09,9:37:12.679526059,T,KO,,100,66.32
2025-10-09,9:37:12.679529104,T,KO,,100,66.32
2025-10-09,9:37:12.807330542,T,KO,,100,66.32
2025-10-09,9:37:12.807333847,T,KO,,100,66.32
2025-10-09,9:37:12.807336896,T,KO,I,17,66.32
2025-10-09,9:37:12.807336896,T,KO,I,83,66.32
2025-10-09,9:37:12.807348583,T,KO,I,1,66.32
2025-10-09,9:37:12.808112494,T,KO,I,84,66.32
2025-10-09,9:37:12.808115412,T,KO,,100,66.32
2025-10-09,9:37:26.262803768,T,KO,F I,10,66.34
2025-10-09,9:37:26.262803768,T,KO,F I,28,66.34
2025-10-09,9:37:26.262815230,T,KO,F I,6,66.34
2025-10-09,9:37:30.476381960,T,KO,F I,15,66.35
2025-10-09,9:37:39.075816672,T,KO,F,100,66.33
2025-10-09,9:37:40.460260136,T,KO,I,30,66.33
2025-10-09,9:37:47.968353502,T,KO,F,100,66.34
2025-10-09,9:37:55.521762117,T,KO,F,100,66.33
2025-10-09,9:37:59.096057038,T,KO,F I,2,66.32
2025-10-09,9:38:02.264388189,T,KO,F I,14,66.33
2025-10-09,9:38:02.264391274,T,KO,F I,7,66.33
2025-10-09,9:38:05.377071896,T,KO,,100,66.345
2025-10-09,9:38:06.234636376,T,KO,F I,48,66.35
2025-10-09,9:38:19.382804330,T,KO,I,1,66.34
2025-10-09,9:38:21.703398524,T,KO,I,44,66.34
2025-10-09,9:38:22.587008031,T,KO,F,100,66.33
2025-10-09,9:38:22.587011574,T,KO,F I,25,66.33
2025-10-09,9:38:22.587011574,T,KO,F,400,66.33
2025-10-09,9:38:22.587880176,T,KO,I,1,66.32
2025-10-09,9:38:22.587886589,T,KO,I,1,66.32
2025-10-09,9:38:22.587889115,T,KO,I,58,66.32
2025-10-09,9:38:22.594318498,T,KO,F I,42,66.32
2025-10-09,9:38:22.594321555,T,KO,F I,4,66.32
2025-10-09,9:38:22.594324522,T,KO,F,100,66.32
2025-10-09,9:38:22.598257851,T,KO,I,8,66.315
2025-10-09,9:38:24.020453189,T,KO,,100,66.32
2025-10-09,9:38:24.020471309,T,KO,I,1,66.32
2025-10-09,9:38:24.020471309,T,KO,F I,33,66.32
2025-10-09,9:38:27.059184753,T,KO,,100,66.33
2025-10-09,9:38:27.059214723,T,KO,I,2,66.33
2025-10-09,9:38:27.059281172,T,KO,,100,66.33
2025-10-09,9:38:27.059284128,T,KO,I,94,66.33
2025-10-09,9:38:27.059284128,T,KO,I,6,66.33
2025-10-09,9:38:27.059302039,T,KO,I,1,66.33
2025-10-09,9:38:27.059485478,T,KO,I,31,66.33
2025-10-09,9:38:27.060664223,T,KO,I,6,66.33
2025-10-09,9:38:32.250328744,T,KO,F I,33,66.32
2025-10-09,9:38:32.250361829,T,KO,F I,24,66.32
2025-10-09,9:38:32.250364967,T,KO,F I,94,66.32
2025-10-09,9:38:32.250370857,T,KO,F,100,66.32
2025-10-09,9:38:32.866965423,T,KO,,100,66.32
2025-10-09,9:38:33.103833534,T,KO,I,63,66.32
2025-10-09,9:38:33.256970273,T,KO,I,37,66.325
2025-10-09,9:38:35.495510877,T,KO,,100,66.32
2025-10-09,9:38:35.495510877,T,KO,,204,66.32
2025-10-09,9:38:35.495528958,T,KO,I,30,66.32
2025-10-09,9:38:35.495531962,T,KO,I,52,66.32
2025-10-09,9:38:38.149642141,T,KO,F I,11,66.32
2025-10-09,9:38:38.149644651,T,KO,F I,37,66.32
2025-10-09,9:38:38.149647392,T,KO,F I,44,66.32
2025-10-09,9:38:38.870250995,T,KO,F,100,66.31
2025-10-09,9:38:38.870250995,T,KO,F I,84,66.31
2025-10-09,9:38:38.870283962,T,KO,F I,16,66.31
2025-10-09,9:38:39.263668668,T,KO,F I,25,66.31
2025-10-09,9:38:40.320286476,T,KO,I,26,66.32
2025-10-09,9:38:45.545417080,T,KO,I,4,66.33
2025-10-09,9:38:48.677036751,T,KO,,100,66.32
2025-10-09,9:39:00.608473379,T,KO,I,59,66.31
2025-10-09,9:39:02.322291443,T,KO,F I,31,66.32
2025-10-09,9:39:18.661719955,T,KO,,241,66.32
2025-10-09,9:39:18.661719955,T,KO,,100,66.32
2025-10-09,9:39:18.661722901,T,KO,I,1,66.32
2025-10-09,9:39:20.352653304,T,KO,F I,42,66.31
2025-10-09,9:39:20.352662419,T,KO,F I,42,66.31
2025-10-09,9:39:20.352668352,T,KO,F I,42,66.31
2025-10-09,9:39:20.352674490,T,KO,F I,16,66.31
2025-10-09,9:39:20.353150194,T,KO,F I,2,66.31
2025-10-09,9:39:20.353150194,T,KO,F I,98,66.31
2025-10-09,9:39:20.353155609,T,KO,F,100,66.31
2025-10-09,9:39:20.353155609,T,KO,F I,26,66.31
2025-10-09,9:39:20.646468163,T,KO,F,100,66.305
2025-10-09,9:39:20.646468163,T,KO,F,100,66.31
2025-10-09,9:39:20.646471108,T,KO,F I,26,66.31
2025-10-09,9:39:20.646471108,T,KO,F I,74,66.31
2025-10-09,9:39:20.646486146,T,KO,I,1,66.31
2025-10-09,9:39:21.672028469,T,KO,F I,81,66.31
2025-10-09,9:39:21.672051853,T,KO,F I,19,66.31
2025-10-09,9:39:21.672629194,T,KO,I,19,66.31
2025-10-09,9:39:21.672629194,T,KO,,100,66.31
2025-10-09,9:39:22.142510448,T,KO,F I,1,66.3
2025-10-09,9:39:24.263152231,T,KO,,100,66.295
2025-10-09,9:39:26.920326345,T,KO,F,100,66.29
2025-10-09,9:39:26.920326345,T,KO,F,100,66.29
2025-10-09,9:39:26.940239428,T,KO,F I,98,66.29
2025-10-09,9:39:26.940239428,T,KO,F,100,66.29
2025-10-09,9:39:30.137610715,T,KO,F I,10,66.3
2025-10-09,9:39:30.137617326,T,KO,F,200,66.3
2025-10-09,9:39:30.137619713,T,KO,F,100,66.3
2025-10-09,9:39:30.137619713,T,KO,F I,10,66.3
2025-10-09,9:39:30.447595074,T,KO,,100,66.315
2025-10-09,9:39:37.032727294,T,KO,F,200,66.33
2025-10-09,9:39:37.076592716,T,KO,F I,98,66.32
2025-10-09,9:39:37.076610809,T,KO,F I,98,66.32
2025-10-09,9:39:37.076617116,T,KO,I,2,66.32
2025-10-09,9:39:38.238030987,T,KO,F I,1,66.32
2025-10-09,9:39:38.238061150,T,KO,I,15,66.32
2025-10-09,9:39:44.400608912,T,KO,F I,24,66.33
2025-10-09,9:39:44.400608912,T,KO,F I,10,66.33
2025-10-09,9:39:44.892358037,T,KO,,100,66.335
2025-10-09,9:39:48.322868757,T,KO,F,100,66.33
2025-10-09,9:39:48.322868757,T,KO,F I,78,66.33
2025-10-09,9:39:48.322886786,T,KO,F I,22,66.33
2025-10-09,9:39:48.322892889,T,KO,I,8,66.33
2025-10-09,9:39:48.322892889,T,KO,I,1,66.33
2025-10-09,9:39:48.322905794,T,KO,F I,22,66.33
2025-10-09,9:39:48.322905794,T,KO,I,22,66.33
2025-10-09,9:39:48.322907926,T,KO,F I,47,66.33
2025-10-09,9:39:48.597143046,T,KO,F I,38,66.33
2025-10-09,9:40:00.200507475,T,KO,F I,5,66.33
2025-10-09,9:40:10.331165920,T,KO,F I,1,66.35
2025-10-09,9:40:10.331168673,T,KO,F I,13,66.35
2025-10-09,9:40:10.331171634,T,KO,F I,31,66.35
2025-10-09,9:40:10.524907800,T,KO,F I,38,66.36
2025-10-09,9:40:10.524907800,T,KO,F I,50,66.36
2025-10-09,9:40:12.635234980,T,KO,F,100,66.36
2025-10-09,9:40:12.833840088,T,KO,,100,66.37
2025-10-09,9:40:17.229661879,T,KO,,100,66.36
2025-10-09,9:40:17.229661879,T,KO,,200,66.36
2025-10-09,9:40:21.013180193,T,KO,F I,7,66.35
2025-10-09,9:40:21.013180193,T,KO,F,100,66.35
2025-10-09,9:40:21.013183412,T,KO,F,100,66.35
2025-10-09,9:40:21.013183412,T,KO,F,100,66.35
2025-10-09,9:40:25.238387552,T,KO,F I,10,66.36
2025-10-09,9:40:25.258652853,T,KO,,100,66.37
2025-10-09,9:40:27.870400222,T,KO,,100,66.37
2025-10-09,9:40:28.267766677,T,KO,,100,66.37
2025-10-09,9:40:32.821593665,T,KO,,100,66.365
2025-10-09,9:40:32.869509792,T,KO,F,100,66.36
2025-10-09,9:40:36.405959625,T,KO,I,5,66.36
2025-10-09,9:40:40.096415299,T,KO,,100,66.36
2025-10-09,9:40:40.958905483,T,KO,F,100,66.36
2025-10-09,9:40:40.958908533,T,KO,F I,24,66.36
2025-10-09,9:40:43.801293358,T,KO,F I,11,66.37
2025-10-09,9:40:43.833888064,T,KO,,100,66.375
2025-10-09,9:40:47.943229533,T,KO,F,100,66.375
2025-10-09,9:40:47.943256576,T,KO,F,100,66.37
2025-10-09,9:40:52.123287390,T,KO,,100,66.36
2025-10-09,9:40:52.124926361,T,KO,I,32,66.355
2025-10-09,9:41:05.578621717,T,KO,F,100,66.355
2025-10-09,9:41:05.578793182,T,KO,I,2,66.35
2025-10-09,9:41:05.578796169,T,KO,,100,66.35
2025-10-09,9:41:05.578796169,T,KO,I,2,66.35
2025-10-09,9:41:11.259413147,T,KO,I,4,66.35
2025-10-09,9:41:11.259446211,T,KO,F I,1,66.35
2025-10-09,9:41:11.259446211,T,KO,F I,5,66.35
2025-10-09,9:41:11.460571291,T,KO,,100,66.36
2025-10-09,9:41:11.510099227,T,KO,F,100,66.35
2025-10-09,9:41:11.788785948,T,KO,F,100,66.345
2025-10-09,9:41:11.788785948,T,KO,F,200,66.345
2025-10-09,9:41:11.788785948,T,KO,F,100,66.34
2025-10-09,9:41:11.788788009,T,KO,F,200,66.34
2025-10-09,9:41:22.798057594,T,KO,F,100,66.36
2025-10-09,9:41:23.591906359,T,KO,F,100,66.35
2025-10-09,9:41:23.591948425,T,KO,I,21,66.35
2025-10-09,9:41:23.611188551,T,KO,F,100,66.335
2025-10-09,9:41:23.611192396,T,KO,F,400,66.33
2025-10-09,9:41:23.611192396,T,KO,F,125,66.33
2025-10-09,9:41:23.613531647,T,KO,F,400,66.32
2025-10-09,9:41:23.613531647,T,KO,F,200,66.32
2025-10-09,9:41:23.613542081,T,KO,F I,5,66.32
2025-10-09,9:41:23.613547484,T,KO,F I,1,66.32
2025-10-09,9:41:23.613552877,T,KO,F I,1,66.32
2025-10-09,9:41:23.613552877,T,KO,F I,56,66.32
2025-10-09,9:41:23.613852543,T,KO,F,200,66.32
2025-10-09,9:41:23.639521682,T,KO,,106,66.31
2025-10-09,9:41:23.639886272,T,KO,F I,94,66.31
2025-10-09,9:41:27.876129500,T,KO,F I,5,66.31
2025-10-09,9:41:27.876132192,T,KO,F,400,66.31
2025-10-09,9:41:30.883379143,T,KO,I,74,66.31
2025-10-09,9:41:30.883399725,T,KO,I,1,66.31
2025-10-09,9:41:40.105716922,T,KO,F I,31,66.33
2025-10-09,9:41:40.999277224,T,KO,F I,6,66.34
2025-10-09,9:41:40.999508682,T,KO,I,27,66.34
2025-10-09,9:41:40.999511720,T,KO,,100,66.34
2025-10-09,9:41:40.999514778,T,KO,I,76,66.34
2025-10-09,9:41:40.999641051,T,KO,,100,66.34
2025-10-09,9:41:40.999641051,T,KO,,100,66.34
2025-10-09,9:41:40.999647709,T,KO,I,76,66.34
2025-10-09,9:41:40.999647709,T,KO,,100,66.34
2025-10-09,9:41:40.999650751,T,KO,,300,66.34
2025-10-09,9:41:40.999650751,T,KO,I,15,66.34
2025-10-09,9:41:40.999653118,T,KO,I,9,66.34
2025-10-09,9:41:41.021106183,T,KO,F,200,66.335
2025-10-09,9:41:41.021106183,T,KO,F,100,66.33
2025-10-09,9:41:41.021121444,T,KO,F I,9,66.33
2025-10-09,9:41:41.021142261,T,KO,I,6,66.34
2025-10-09,9:41:50.889584966,T,KO,I,53,66.34
2025-10-09,9:41:50.889587881,T,KO,I,32,66.34
2025-10-09,9:41:50.889590446,T,KO,I,15,66.34
2025-10-09,9:41:50.889608561,T,KO,I,1,66.34
2025-10-09,9:41:50.889608561,T,KO,I,1,66.34
2025-10-09,9:41:52.752208710,T,KO,F I,9,66.35
2025-10-09,9:41:57.244948283,T,KO,I,5,66.35
2025-10-09,9:41:57.259280462,T,KO,I,4,66.36
2025-10-09,9:41:57.260263995,T,KO,I,76,66.36
2025-10-09,9:41:57.260263995,T,KO,I,18,66.36
2025-10-09,9:41:57.260269869,T,KO,,100,66.36
2025-10-09,9:41:57.260269869,T,KO,,100,66.36
2025-10-09,9:41:57.260504962,T,KO,,100,66.36
2025-10-09,9:41:57.260504962,T,KO,,100,66.36
2025-10-09,9:41:57.260510594,T,KO,,100,66.36
2025-10-09,9:41:57.260510594,T,KO,I,76,66.36
2025-10-09,9:41:57.260510594,T,KO,I,24,66.36
2025-10-09,9:41:57.260525438,T,KO,I,1,66.36
2025-10-09,9:41:57.260763031,T,KO,F I,5,66.36
2025-10-09,9:41:57.260784189,T,KO,I,1,66.36
2025-10-09,9:41:57.260793094,T,KO,I,12,66.36
2025-10-09,9:41:57.261383022,T,KO,I,76,66.36
2025-10-09,9:41:57.261383022,T,KO,I,95,66.36
2025-10-09,9:41:57.285990032,T,KO,F I,76,66.36
2025-10-09,9:41:57.285990032,T,KO,F I,46,66.36
2025-10-09,9:41:57.931561717,T,KO,I,30,66.36
2025-10-09,9:41:57.931565259,T,KO,I,46,66.36
2025-10-09,9:41:57.931567627,T,KO,I,13,66.36
2025-10-09,9:42:01.070807582,T,KO,F I,5,66.37
2025-10-09,9:42:02.179662745,T,KO,I,3,66.37
2025-10-09,9:42:03.107660921,T,KO,,100,66.37
2025-10-09,9:42:03.107784199,T,KO,,100,66.37
2025-10-09,9:42:03.108136066,T,KO,,100,66.37
2025-10-09,9:42:04.545430266,T,KO,,300,66.37
2025-10-09,9:42:05.533132691,T,KO,,100,66.375
2025-10-09,9:42:06.456244342,T,KO,I,22,66.38
2025-10-09,9:42:06.456244342,T,KO,I,5,66.38
2025-10-09,9:42:06.555444602,T,KO,F I,83,66.38
2025-10-09,9:42:07.555482439,T,KO,F,100,66.38
2025-10-09,9:42:07.555485464,T,KO,F I,23,66.38
2025-10-09,9:42:09.212630456,T,KO,I,52,66.38
2025-10-09,9:42:20.182397890,T,KO,,100,66.38
2025-10-09,9:42:20.266345815,T,KO,I,31,66.38
2025-10-09,9:42:21.574281156,T,KO,,200,66.37
2025-10-09,9:42:21.574281156,T,KO,,200,66.37
2025-10-09,9:42:21.574295942,T,KO,I,1,66.37
2025-10-09,9:42:21.580298245,T,KO,I,15,66.36
2025-10-09,9:42:21.580298245,T,KO,,200,66.36
2025-10-09,9:42:22.915899482,T,KO,I,4,66.39
2025-10-09,9:42:22.915899482,T,KO,I,1,66.39
2025-10-09,9:42:30.463215430,T,KO,F I,29,66.4
2025-10-09,9:42:30.463215430,T,KO,F I,4,66.4
2025-10-09,9:42:31.387554046,T,KO,,100,66.4
2025-10-09,9:42:34.317910587,T,KO,F I,8,66.39
2025-10-09,9:42:36.426738000,T,KO,F I,31,66.4
2025-10-09,9:42:42.839501916,T,KO,F I,1,66.4
2025-10-09,9:42:42.839504908,T,KO,F,100,66.4
2025-10-09,9:42:42.839522825,T,KO,I,1,66.4
2025-10-09,9:42:44.065729479,T,KO,F I,6,66.41
2025-10-09,9:42:44.446598561,T,KO,I,8,66.42
2025-10-09,9:42:50.101762830,T,KO,,100,66.43
2025-10-09,9:42:50.101864990,T,KO,F I,92,66.44
2025-10-09,9:42:56.450568211,T,KO,I,2,66.42
2025-10-09,9:42:56.450568211,T,KO,I,7,66.42
2025-10-09,9:42:56.462154761,T,KO,,100,66.42
2025-10-09,9:42:56.538590851,T,KO,,100,66.42
2025-10-09,9:42:56.609878553,T,KO,F I,46,66.41
2025-10-09,9:43:04.395103102,T,KO,F I,1,66.43
2025-10-09,9:43:08.578841668,T,KO,F,100,66.43
2025-10-09,9:43:12.057969021,T,KO,F I,1,66.42
2025-10-09,9:43:17.456522936,T,KO,F,100,66.43
2025-10-09,9:43:22.367288164,T,KO,F I,10,66.44
2025-10-09,9:43:28.286905376,T,KO,I,3,66.45
2025-10-09,9:43:28.286908436,T,KO,,200,66.45
2025-10-09,9:43:30.219762020,T,KO,F I,5,66.47
2025-10-09,9:43:35.842037083,T,KO,F,141,66.46
2025-10-09,9:43:35.842043687,T,KO,F I,59,66.46
2025-10-09,9:43:35.842049011,T,KO,F,100,66.46
2025-10-09,9:43:35.842049011,T,KO,F,100,66.46
2025-10-09,9:43:42.726417952,T,KO,F,100,66.45
2025-10-09,9:43:42.751245111,T,KO,F,100,66.44
2025-10-09,9:43:42.751297122,T,KO,F,100,66.44
2025-10-09,9:43:42.751299853,T,KO,F I,54,66.44
2025-10-09,9:43:42.751302287,T,KO,F,146,66.44
2025-10-09,9:43:47.289417024,T,KO,F I,89,66.45
2025-10-09,9:43:47.289444081,T,KO,F I,11,66.45
2025-10-09,9:43:47.289447024,T,KO,F I,36,66.45
2025-10-09,9:43:47.290280028,T,KO,F I,75,66.45
2025-10-09,9:43:48.189626706,T,KO,I,1,66.46
2025-10-09,9:43:48.189629982,T,KO,,200,66.46
2025-10-09,9:43:48.189629982,T,KO,I,75,66.46
2025-10-09,9:43:56.387812374,T,KO,F,100,66.46
2025-10-09,9:43:56.387812374,T,KO,F,100,66.46
2025-10-09,9:43:59.895600908,T,KO,I,14,66.46
2025-10-09,9:44:00.607131622,T,KO,F I,86,66.46
2025-10-09,9:44:05.311163546,T,KO,I,6,66.46
2025-10-09,9:44:05.311208660,T,KO,F I,70,66.46
2025-10-09,9:44:05.311221011,T,KO,F,100,66.46
2025-10-09,9:44:05.311221011,T,KO,F I,17,66.46
2025-10-09,9:44:05.311224191,T,KO,F I,94,66.46
2025-10-09,9:44:06.254311971,T,KO,F I,31,66.47
2025-10-09,9:44:06.624494300,T,KO,I,70,66.47
2025-10-09,9:44:06.624496585,T,KO,I,6,66.47
2025-10-09,9:44:06.624550825,T,KO,F I,66,66.47
2025-10-09,9:44:06.624583850,T,KO,F I,17,66.47
2025-10-09,9:44:08.023660126,T,KO,I,7,66.47
2025-10-09,9:44:10.365773782,T,KO,I,66,66.47
2025-10-09,9:44:10.365776561,T,KO,,193,66.47
2025-10-09,9:44:12.837567869,T,KO,F I,5,66.46
2025-10-09,9:44:12.837570718,T,KO,F,100,66.46
2025-10-09,9:44:12.837595062,T,KO,,100,66.46
2025-10-09,9:44:21.823107349,T,KO,F I,4,66.46
2025-10-09,9:44:21.823341824,T,KO,I,96,66.46
2025-10-09,9:44:28.905985146,T,KO,,100,66.47
2025-10-09,9:44:29.446883454,T,KO,I,3,66.47
2025-10-09,9:44:39.361098322,T,KO,F,100,66.475
2025-10-09,9:44:39.361100704,T,KO,F,200,66.47
2025-10-09,9:44:39.361104361,T,KO,F,100,66.47
2025-10-09,9:44:39.361116597,T,KO,I,1,66.47
2025-10-09,9:44:39.361118807,T,KO,I,58,66.47
2025-10-09,9:44:39.361191509,T,KO,I,41,66.47
2025-10-09,9:44:47.231818931,T,KO,F I,6,66.475
2025-10-09,9:44:50.089104273,T,KO,I,32,66.47
2025-10-09,9:44:50.089573908,T,KO,F I,68,66.47
2025-10-09,9:44:50.089576473,T,KO,F,100,66.47
2025-10-09,9:44:53.529908304,T,KO,F I,6,66.48
2025-10-09,9:44:53.544679594,T,KO,,200,66.485
2025-10-09,9:44:54.047564326,T,KO,,100,66.495
2025-10-09,9:45:00.488557224,T,KO,F I,66,66.49
2025-10-09,9:45:00.489802113,T,KO,F I,1,66.5
2025-10-09,9:45:00.489805733,T,KO,F I,50,66.5
2025-10-09,9:45:00.489805733,T,KO,F I,14,66.5
2025-10-09,9:45:00.489808637,T,KO,F I,50,66.5
2025-10-09,9:45:00.489808637,T,KO,F I,56,66.5
2025-10-09,9:45:00.491859079,T,KO,F I,69,66.505
2025-10-09,9:45:01.006895860,T,KO,,100,66.515
2025-10-09,9:45:02.263850555,T,KO,I,3,66.515
2025-10-09,9:45:03.293070060,T,KO,F I,2,66.52
2025-10-09,9:45:03.293070060,T,KO,F I,7,66.52
2025-10-09,9:45:03.293073559,T,KO,F I,25,66.52
2025-10-09,9:45:05.985665109,T,KO,F I,6,66.52
2025-10-09,9:45:05.986398844,T,KO,F I,63,66.52
2025-10-09,9:45:05.986404843,T,KO,F,100,66.52
2025-10-09,9:45:05.986404843,T,KO,F,100,66.52
2025-10-09,9:45:06.015231961,T,KO,F I,5,66.51
2025-10-09,9:45:06.015234814,T,KO,F,100,66.51
2025-10-09,9:45:06.015234814,T,KO,F I,95,66.51
2025-10-09,9:45:06.015249710,T,KO,F I,5,66.51
2025-10-09,9:45:06.015259452,T,KO,I,1,66.51
2025-10-09,9:45:06.015261523,T,KO,I,1,66.51
2025-10-09,9:45:06.082889713,T,KO,,100,66.515
2025-10-09,9:45:06.156144430,T,KO,F I,98,66.51
2025-10-09,9:45:06.156144430,T,KO,F I,2,66.51
2025-10-09,9:45:06.287307576,T,KO,,100,66.505
2025-10-09,9:45:06.696913111,T,KO,F,200,66.5
2025-10-09,9:45:11.973508674,T,KO,F I,63,66.49
2025-10-09,9:45:11.973511695,T,KO,F,400,66.49
2025-10-09,9:45:12.462933385,T,KO,I,36,66.51
2025-10-09,9:45:12.716534090,T,KO,I,27,66.51
2025-10-09,9:45:12.716536415,T,KO,I,73,66.51
2025-10-09,9:45:12.716554981,T,KO,I,27,66.51
2025-10-09,9:45:12.716973002,T,KO,I,65,66.51
2025-10-09,9:45:12.716975478,T,KO,I,35,66.51
2025-10-09,9:45:12.717426512,T,KO,I,65,66.51
2025-10-09,9:45:14.193684713,T,KO,F,100,66.5
2025-10-09,9:45:14.194499590,T,KO,I,65,66.5
2025-10-09,9:45:14.223040642,T,KO,,100,66.51
2025-10-09,9:45:14.812186621,T,KO,I,16,66.52
2025-10-09,9:45:15.535931590,T,KO,I,65,66.52
2025-10-09,9:45:15.535937746,T,KO,,100,66.52
2025-10-09,9:45:15.535937746,T,KO,I,35,66.52
2025-10-09,9:45:15.535952696,T,KO,I,1,66.52
2025-10-09,9:45:15.535956110,T,KO,I,1,66.52
2025-10-09,9:45:15.536085008,T,KO,I,15,66.52
2025-10-09,9:45:15.536085008,T,KO,I,4,66.52
2025-10-09,9:45:15.536256408,T,KO,I,65,66.52
2025-10-09,9:45:15.536256408,T,KO,I,35,66.52
2025-10-09,9:45:15.536391964,T,KO,I,65,66.52
2025-10-09,9:45:15.536425220,T,KO,I,65,66.52
2025-10-09,9:45:15.536425220,T,KO,I,35,66.52
2025-10-09,9:45:15.536515337,T,KO,I,40,66.52
2025-10-09,9:45:15.549118053,T,KO,I,22,66.51
2025-10-09,9:45:15.549169191,T,KO,I,78,66.51
2025-10-09,9:45:15.550720818,T,KO,F I,65,66.51
2025-10-09,9:45:15.550720818,T,KO,F I,17,66.51
2025-10-09,9:45:15.550724552,T,KO,F,200,66.51
2025-10-09,9:45:15.557908086,T,KO,F I,41,66.51
2025-10-09,9:45:15.557908086,T,KO,F I,59,66.51
2025-10-09,9:45:15.557913951,T,KO,F,100,66.51
2025-10-09,9:45:15.557913951,T,KO,F,100,66.51
2025-10-09,9:45:15.557916968,T,KO,F I,65,66.51
2025-10-09,9:45:15.557916968,T,KO,F I,65,66.51
2025-10-09,9:45:15.557920665,T,KO,F I,3,66.51
2025-10-09,9:45:15.557920665,T,KO,F I,15,66.51
2025-10-09,9:45:15.557923206,T,KO,F I,29,66.51
2025-10-09,9:45:15.557923206,T,KO,F I,23,66.51
2025-10-09,9:45:16.222413861,T,KO,F I,39,66.51
2025-10-09,9:45:16.222413861,T,KO,F I,81,66.51
2025-10-09,9:45:16.222418710,T,KO,F I,20,66.51
2025-10-09,9:45:17.789003405,T,KO,F,100,66.51
2025-10-09,9:45:17.789003405,T,KO,F I,62,66.51
2025-10-09,9:45:17.789316147,T,KO,,100,66.51
2025-10-09,9:45:17.789460549,T,KO,I,65,66.51
2025-10-09,9:45:17.789460549,T,KO,I,17,66.51
2025-10-09,9:45:17.789463021,T,KO,I,81,66.51
2025-10-09,9:45:17.789465997,T,KO,I,21,66.51
2025-10-09,9:45:17.789468972,T,KO,,100,66.51
2025-10-09,9:45:17.789511758,T,KO,F,100,66.51
2025-10-09,9:45:17.789523168,T,KO,F I,17,66.51
2025-10-09,9:45:17.789532666,T,KO,I,62,66.51
2025-10-09,9:45:17.789589690,T,KO,F,100,66.51
2025-10-09,9:45:17.791068819,T,KO,,100,66.5
2025-10-09,9:45:17.791092853,T,KO,,154,66.5
2025-10-09,9:45:17.987707229,T,KO,F,100,66.5
2025-10-09,9:45:17.988483409,T,KO,I,65,66.5
2025-10-09,9:45:17.988483409,T,KO,,100,66.5
2025-10-09,9:45:17.988486348,T,KO,I,17,66.5
2025-10-09,9:45:18.646429101,T,KO,I,55,66.51
2025-10-09,9:45:18.646432073,T,KO,I,48,66.51
2025-10-09,9:45:21.365712780,T,KO,F I,65,66.51
2025-10-09,9:45:21.365716599,T,KO,F,246,66.51
2025-10-09,9:45:21.365716599,T,KO,F I,17,66.51
2025-10-09,9:45:24.011495454,T,KO,,100,66.5
2025-10-09,9:45:25.056893409,T,KO,I,10,66.51
2025-10-09,9:45:29.922160566,T,KO,I,14,66.51
2025-10-09,9:45:34.287224948,T,KO,F,100,66.52
2025-10-09,9:45:39.246697340,T,KO,F I,50,66.49
2025-10-09,9:45:39.265125198,T,KO,,100,66.49
2025-10-09,9:45:45.521972044,T,KO,,100,66.49
2025-10-09,9:45:45.521974683,T,KO,,100,66.49
2025-10-09,9:45:45.521995672,T,KO,,100,66.49
2025-10-09,9:45:45.522001776,T,KO,F,100,66.49
2025-10-09,9:45:50.071114063,T,KO,F I,28,66.48
2025-10-09,9:45:50.071114063,T,KO,F,100,66.48
2025-10-09,9:45:50.071116697,T,KO,F I,72,66.48
2025-10-09,9:45:50.071134738,T,KO,I,28,66.48
2025-10-09,9:45:55.151185217,T,KO,F,100,66.47
2025-10-09,9:45:55.151185217,T,KO,F I,2,66.47
2025-10-09,9:46:00.297862435,T,KO,F I,10,66.465
2025-10-09,9:46:00.933748042,T,KO,F I,90,66.465
2025-10-09,9:46:00.933750996,T,KO,F,110,66.46
2025-10-09,9:46:00.933765995,T,KO,I,1,66.46
2025-10-09,9:46:00.934313791,T,KO,,100,66.46
2025-10-09,9:46:00.934316348,T,KO,I,30,66.46
2025-10-09,9:46:00.934338372,T,KO,I,1,66.46
2025-10-09,9:46:01.430645698,T,KO,F I,12,66.46
2025-10-09,9:46:01.431096597,T,KO,F I,10,66.46
2025-10-09,9:46:02.520402457,T,KO,I,30,66.47
2025-10-09,9:46:03.716963933,T,KO,I,5,66.48
2025-10-09,9:46:03.731510258,T,KO,F,100,66.47
2025-10-09,9:46:03.731512686,T,KO,F I,1,66.47
2025-10-09,9:46:03.731515699,T,KO,F,100,66.47
2025-10-09,9:46:03.731515699,T,KO,F,199,66.47
2025-10-09,9:46:03.731530615,T,KO,I,1,66.47
2025-10-09,9:46:06.963502263,T,KO,F I,3,66.48
2025-10-09,9:46:13.931948373,T,KO,I,10,66.49
2025-10-09,9:46:13.931948373,T,KO,I,11,66.49
2025-10-09,9:46:14.650118877,T,KO,F,100,66.5
2025-10-09,9:46:16.425520501,T,KO,I,31,66.5
2025-10-09,9:46:19.154839057,T,KO,I,10,66.51
2025-10-09,9:46:23.006103212,T,KO,I,10,66.53
2025-10-09,9:46:24.008219124,T,KO,F I,10,66.54
2025-10-09,9:46:24.008221895,T,KO,F I,10,66.54
2025-10-09,9:46:25.159754385,T,KO,F I,11,66.54
2025-10-09,9:46:35.231926018,T,KO,I,10,66.54
2025-10-09,9:46:35.232536499,T,KO,I,75,66.54
2025-10-09,9:46:35.232539651,T,KO,,100,66.54
2025-10-09,9:46:35.232539651,T,KO,I,18,66.54
2025-10-09,9:46:35.237529295,T,KO,F,300,66.53
2025-10-09,9:46:35.237531759,T,KO,F,100,66.53
2025-10-09,9:46:35.237531759,T,KO,F,100,66.53
2025-10-09,9:46:36.205362591,T,KO,F,100,66.53
2025-10-09,9:46:36.205365516,T,KO,F I,75,66.53
2025-10-09,9:46:36.232192409,T,KO,F I,39,66.53
2025-10-09,9:46:36.232210476,T,KO,F I,61,66.53
2025-10-09,9:46:36.243027267,T,KO,F,100,66.52
2025-10-09,9:46:36.243030207,T,KO,F,200,66.52
2025-10-09,9:46:46.498100557,T,KO,F,100,66.53
2025-10-09,9:46:49.235821293,T,KO,I,14,66.535
2025-10-09,9:46:49.236200116,T,KO,F I,14,66.54
2025-10-09,9:46:56.601459675,T,KO,F,100,66.56
2025-10-09,9:46:58.922977154,T,KO,I,3,66.55
2025-10-09,9:46:58.922979974,T,KO,,145,66.55
2025-10-09,9:46:58.923001016,T,KO,I,1,66.55
2025-10-09,9:46:58.923019055,T,KO,I,54,66.55
2025-10-09,9:46:58.923019055,T,KO,,100,66.55
2025-10-09,9:47:01.158874378,T,KO,F,200,66.55
2025-10-09,9:47:01.158877436,T,KO,F,100,66.55
2025-10-09,9:47:07.404976139,T,KO,F I,64,66.55
2025-10-09,9:47:13.946651968,T,KO,F I,10,66.55
2025-10-09,9:47:19.243753405,T,KO,F I,11,66.56
2025-10-09,9:47:19.243753405,T,KO,F I,12,66.56
2025-10-09,9:47:30.892547050,T,KO,,100,66.565
2025-10-09,9:47:32.751042512,T,KO,I,1,66.565
2025-10-09,9:47:34.969035569,T,KO,F I,5,66.57
2025-10-09,9:47:34.969035569,T,KO,F I,10,66.57
2025-10-09,9:47:34.969522471,T,KO,F I,17,66.57
2025-10-09,9:47:34.988175969,T,KO,F,100,66.58
2025-10-09,9:47:36.689498997,T,KO,I,5,66.585
2025-10-09,9:47:40.966850521,T,KO,F I,3,66.58
2025-10-09,9:47:40.966854128,T,KO,F,200,66.58
2025-10-09,9:47:40.966856578,T,KO,F,200,66.58
2025-10-09,9:47:45.431425134,T,KO,F,100,66.57
2025-10-09,9:47:45.431425134,T,KO,F I,16,66.57
2025-10-09,9:47:46.316306706,T,KO,F I,10,66.565
2025-10-09,9:47:50.197040689,T,KO,F I,10,66.565
2025-10-09,9:47:52.174526678,T,KO,I,2,66.56
2025-10-09,9:47:58.752595066,T,KO,F I,10,66.57
2025-10-09,9:47:58.753620490,T,KO,F I,13,66.58
2025-10-09,9:47:58.753713728,T,KO,F I,36,66.58
2025-10-09,9:47:58.768942280,T,KO,F I,64,66.58
2025-10-09,9:47:58.768945044,T,KO,F I,36,66.58
2025-10-09,9:47:58.906354306,T,KO,F I,25,66.58
2025-10-09,9:48:00.760173954,T,KO,F I,36,66.58
2025-10-09,9:48:00.760173954,T,KO,F I,18,66.58
2025-10-09,9:48:00.760378153,T,KO,I,7,66.58
2025-10-09,9:48:00.760378153,T,KO,I,11,66.58
2025-10-09,9:48:08.764028262,T,KO,F,100,66.58
2025-10-09,9:48:08.764028262,T,KO,F,100,66.58
2025-10-09,9:48:08.764031052,T,KO,F,100,66.58
2025-10-09,9:48:08.764043074,T,KO,F,100,66.58
2025-10-09,9:48:10.984718130,T,KO,I,26,66.575
2025-10-09,9:48:12.339535086,T,KO,F,100,66.57
2025-10-09,9:48:13.545825232,T,KO,,100,66.565
2025-10-09,9:48:13.557631260,T,KO,I,24,66.56
2025-10-09,9:48:15.218136119,T,KO,F,200,66.54
2025-10-09,9:48:15.218138117,T,KO,F,200,66.54
2025-10-09,9:48:15.218141188,T,KO,F I,25,66.54
2025-10-09,9:48:15.218156128,T,KO,I,1,66.54
2025-10-09,9:48:15.218216359,T,KO,I,99,66.54
2025-10-09,9:48:15.220586050,T,KO,F,200,66.535
2025-10-09,9:48:15.224886243,T,KO,F,100,66.53
2025-10-09,9:48:15.224889224,T,KO,F,100,66.53
2025-10-09,9:48:15.224925312,T,KO,I,69,66.53
2025-10-09,9:48:17.686654499,T,KO,I,35,66.54
2025-10-09,9:48:17.686654499,T,KO,I,7,66.54
2025-10-09,9:48:17.686657601,T,KO,I,30,66.54
2025-10-09,9:48:17.689517924,T,KO,I,57,66.54
2025-10-09,9:48:17.689517924,T,KO,,100,66.54
2025-10-09,9:48:17.689520431,T,KO,,100,66.54
2025-10-09,9:48:17.817995341,T,KO,F I,31,66.53
2025-10-09,9:48:18.853761290,T,KO,F,100,66.52
2025-10-09,9:48:18.957078444,T,KO,F I,2,66.51
2025-10-09,9:48:18.957983630,T,KO,F I,59,66.51
2025-10-09,9:48:18.957983630,T,KO,F I,57,66.51
2025-10-09,9:48:18.957989599,T,KO,F I,57,66.51
2025-10-09,9:48:18.957989599,T,KO,F I,36,66.51
2025-10-09,9:48:19.065486555,T,KO,F I,79,66.52
2025-10-09,9:48:20.828161867,T,KO,F I,10,66.53
2025-10-09,9:48:20.832167461,T,KO,,100,66.535
2025-10-09,9:48:20.856288176,T,KO,,200,66.535
2025-10-09,9:48:21.869815813,T,KO,,100,66.535
2025-10-09,9:48:21.869818833,T,KO,,100,66.54
2025-10-09,9:48:21.869833968,T,KO,I,1,66.54
2025-10-09,9:48:21.869836876,T,KO,I,1,66.54
2025-10-09,9:48:23.317078944,T,KO,F I,86,66.54
2025-10-09,9:48:25.553117583,T,KO,I,1,66.545
2025-10-09,9:48:25.755643994,T,KO,F I,58,66.54
2025-10-09,9:48:25.755667970,T,KO,F I,1,66.54
2025-10-09,9:48:25.755671014,T,KO,F I,3,66.54
2025-10-09,9:48:25.755677004,T,KO,F,100,66.54
2025-10-09,9:48:25.755677004,T,KO,F,100,66.54
2025-10-09,9:48:26.750653776,T,KO,F I,10,66.54
2025-10-09,9:48:29.612413940,T,KO,F,100,66.53
2025-10-09,9:48:35.688352317,T,KO,I,1,66.525
2025-10-09,9:48:41.133045476,T,KO,F I,10,66.53
2025-10-09,9:48:41.133048765,T,KO,F I,9,66.53
2025-10-09,9:48:45.469692202,T,KO,I,2,66.535
2025-10-09,9:48:48.116491190,T,KO,F,100,66.53
2025-10-09,9:48:48.141219130,T,KO,F,100,66.53
2025-10-09,9:48:52.897244815,T,KO,F,100,66.52
2025-10-09,9:49:00.191978060,T,KO,F,100,66.5
2025-10-09,9:49:00.191980138,T,KO,F,100,66.5
2025-10-09,9:49:00.325937232,T,KO,I,7,66.49
2025-10-09,9:49:03.668608680,T,KO,F I,27,66.49
2025-10-09,9:49:06.246119794,T,KO,F I,73,66.5
2025-10-09,9:49:06.246119794,T,KO,F I,4,66.5
2025-10-09,9:49:06.246119794,T,KO,F I,10,66.5
2025-10-09,9:49:14.613185140,T,KO,F,100,66.5
2025-10-09,9:49:14.613188287,T,KO,F,100,66.5
2025-10-09,9:49:14.613188287,T,KO,F I,30,66.5
2025-10-09,9:49:14.613191138,T,KO,F,100,66.5
2025-10-09,9:49:14.614643567,T,KO,I,10,66.49
2025-10-09,9:49:23.380061687,T,KO,F I,10,66.49
2025-10-09,9:49:26.170425605,T,KO,I,10,66.5
2025-10-09,9:49:34.011547127,T,KO,I,1,66.51
2025-10-09,9:49:34.011550120,T,KO,I,10,66.51
2025-10-09,9:49:34.011583392,T,KO,I,9,66.51
2025-10-09,9:49:34.011917335,T,KO,,100,66.51
2025-10-09,9:49:34.011917335,T,KO,I,58,66.51
2025-10-09,9:49:34.011923062,T,KO,I,17,66.51
2025-10-09,9:49:34.806950645,T,KO,F,100,66.505
2025-10-09,9:49:34.806956921,T,KO,F,100,66.5
2025-10-09,9:49:34.806959597,T,KO,F,100,66.5
2025-10-09,9:49:40.000488213,T,KO,F I,17,66.51
2025-10-09,9:49:40.000492246,T,KO,F I,58,66.51
2025-10-09,9:49:40.000492246,T,KO,F I,25,66.51
2025-10-09,9:49:40.000494295,T,KO,F I,11,66.51
2025-10-09,9:49:40.000509295,T,KO,I,1,66.51
2025-10-09,9:49:41.651035470,T,KO,I,3,66.51
2025-10-09,9:49:45.795140349,T,KO,F,100,66.5
2025-10-09,9:49:45.795142729,T,KO,F,100,66.5
2025-10-09,9:49:45.803755285,T,KO,,100,66.495
2025-10-09,9:49:52.223746738,T,KO,F I,59,66.5
2025-10-09,9:49:52.223749130,T,KO,F I,7,66.5
2025-10-09,9:49:52.295677447,T,KO,F I,50,66.5
2025-10-09,9:49:52.296925376,T,KO,F I,50,66.5
2025-10-09,9:49:52.296925376,T,KO,F I,17,66.5
2025-10-09,9:49:52.296928496,T,KO,F I,50,66.5
2025-10-09,9:49:53.377404745,T,KO,F I,50,66.5
2025-10-09,9:49:53.388937314,T,KO,F I,3,66.49
2025-10-09,9:49:53.388940273,T,KO,F,197,66.49
2025-10-09,9:50:02.208824138,T,KO,F I,14,66.5
2025-10-09,9:50:07.175462306,T,KO,F,300,66.505
2025-10-09,9:50:07.175462306,T,KO,F I,14,66.5
2025-10-09,9:50:07.175576817,T,KO,F,100,66.5
2025-10-09,9:50:07.175580210,T,KO,F I,97,66.5
2025-10-09,9:50:07.175580210,T,KO,F,100,66.5
2025-10-09,9:50:07.175583205,T,KO,F I,17,66.5
2025-10-09,9:50:07.175594605,T,KO,I,83,66.5
2025-10-09,9:50:07.176097259,T,KO,I,55,66.5
2025-10-09,9:50:08.730029863,T,KO,,300,66.505
2025-10-09,9:50:08.730032970,T,KO,,100,66.505
2025-10-09,9:50:09.872447862,T,KO,,200,66.505
2025-10-09,9:50:14.264194909,T,KO,,100,66.505
2025-10-09,9:50:14.284463282,T,KO,,300,66.505
2025-10-09,9:50:14.981198626,T,KO,F,100,66.505
2025-10-09,9:50:14.981288858,T,KO,F,100,66.5
2025-10-09,9:50:16.598161983,T,KO,,100,66.495
2025-10-09,9:50:17.717015785,T,KO,,100,66.495
2025-10-09,9:50:20.717057260,T,KO,,300,66.495
2025-10-09,9:50:20.717060290,T,KO,I,63,66.5
2025-10-09,9:50:20.717063262,T,KO,I,37,66.5
2025-10-09,9:50:20.717063262,T,KO,,300,66.5
2025-10-09,9:50:20.717075708,T,KO,I,1,66.5
2025-10-09,9:50:23.477250516,T,KO,F,100,66.49
2025-10-09,9:50:23.477253832,T,KO,F,100,66.49
2025-10-09,9:50:23.477253832,T,KO,F,100,66.49
2025-10-09,9:50:28.596093426,T,KO,I,1,66.5
2025-10-09,9:50:28.596784983,T,KO,F I,56,66.505
2025-10-09,9:50:28.599055410,T,KO,I,59,66.505
2025-10-09,9:50:28.605232124,T,KO,I,10,66.505
2025-10-09,9:50:30.339971550,T,KO,F I,74,66.5
2025-10-09,9:50:30.877113168,T,KO,,100,66.5
2025-10-09,9:50:31.985739640,T,KO,I,3,66.5
2025-10-09,9:50:38.041277406,T,KO,I,16,66.5
2025-10-09,9:50:38.885057652,T,KO,F I,5,66.51
2025-10-09,9:50:38.885060044,T,KO,F I,10,66.51
2025-10-09,9:50:38.885069132,T,KO,F I,15,66.51
2025-10-09,9:50:38.885072127,T,KO,I,15,66.51
2025-10-09,9:50:38.885072127,T,KO,F I,15,66.51
2025-10-09,9:50:38.885075164,T,KO,F I,15,66.51
2025-10-09,9:50:38.885081126,T,KO,F I,15,66.51
2025-10-09,9:50:38.885087271,T,KO,F I,13,66.51
2025-10-09,9:50:38.885091114,T,KO,F I,2,66.51
2025-10-09,9:50:38.885096154,T,KO,F I,15,66.51
2025-10-09,9:50:38.885096154,T,KO,F I,15,66.51
2025-10-09,9:50:38.885096154,T,KO,F I,15,66.51
2025-10-09,9:50:38.885099592,T,KO,F I,15,66.51
2025-10-09,9:50:38.885102232,T,KO,F I,15,66.51
2025-10-09,9:50:38.885102232,T,KO,F I,15,66.51
2025-10-09,9:50:38.885171531,T,KO,I,63,66.51
2025-10-09,9:50:38.885174648,T,KO,I,17,66.51
2025-10-09,9:50:38.885174648,T,KO,,100,66.51
2025-10-09,9:50:38.892716330,T,KO,I,63,66.51
2025-10-09,9:50:38.892722892,T,KO,I,63,66.51
2025-10-09,9:50:38.892722892,T,KO,I,25,66.51
2025-10-09,9:50:38.892725320,T,KO,,200,66.51
2025-10-09,9:50:38.892725320,T,KO,I,17,66.51
2025-10-09,9:50:38.892746423,T,KO,,400,66.51
2025-10-09,9:50:38.902128771,T,KO,,100,66.515
2025-10-09,9:50:39.128580039,T,KO,F I,12,66.51
2025-10-09,9:50:39.147456009,T,KO,F I,39,66.51
2025-10-09,9:50:39.996940337,T,KO,I,10,66.52
2025-10-09,9:50:40.623377362,T,KO,F I,49,66.52
2025-10-09,9:50:40.623377362,T,KO,F I,63,66.52
2025-10-09,9:50:40.623380362,T,KO,F I,13,66.52
2025-10-09,9:50:40.623383327,T,KO,F I,4,66.52
2025-10-09,9:50:40.623398345,T,KO,I,1,66.52
2025-10-09,9:50:43.784277829,T,KO,,472,66.515
2025-10-09,9:50:43.920339827,T,KO,,100,66.515
2025-10-09,9:50:44.430219247,T,KO,,100,66.515
2025-10-09,9:50:45.978860351,T,KO,F I,73,66.515
2025-10-09,9:50:45.978860351,T,KO,I,27,66.515
2025-10-09,9:50:45.979037253,T,KO,,100,66.51
2025-10-09,9:50:45.979040653,T,KO,I,10,66.51
2025-10-09,9:50:45.979043322,T,KO,,100,66.51
2025-10-09,9:50:45.979043322,T,KO,,100,66.51
2025-10-09,9:50:45.979058407,T,KO,I,1,66.51
2025-10-09,9:50:45.979061298,T,KO,I,80,66.51
2025-10-09,9:50:45.979070295,T,KO,I,19,66.51
2025-10-09,9:50:45.979870348,T,KO,F I,60,66.51
2025-10-09,9:50:45.979873122,T,KO,F I,60,66.51
2025-10-09,9:50:48.107515622,T,KO,F,100,66.5
2025-10-09,9:50:48.783131831,T,KO,I,45,66.5
2025-10-09,9:50:48.783131831,T,KO,I,55,66.5
2025-10-09,9:50:49.204543496,T,KO,F I,8,66.49
2025-10-09,9:50:49.210040554,T,KO,I,58,66.49
2025-10-09,9:50:53.271962108,T,KO,F I,13,66.49
2025-10-09,9:50:53.271986182,T,KO,F,100,66.49
2025-10-09,9:50:57.534238809,T,KO,F,100,66.48
2025-10-09,9:50:59.765032957,T,KO,F I,26,66.475
2025-10-09,9:50:59.765556275,T,KO,I,1,66.47
2025-10-09,9:51:03.020577831,T,KO,,100,66.47
2025-10-09,9:51:03.428087477,T,KO,I,20,66.46
2025-10-09,9:51:06.597480181,T,KO,I,45,66.46
2025-10-09,9:51:06.598601903,T,KO,I,3,66.46
2025-10-09,9:51:06.598601903,T,KO,I,21,66.46
2025-10-09,9:51:06.606450505,T,KO,I,65,66.46
2025-10-09,9:51:09.581096272,T,KO,F I,1,66.45
2025-10-09,9:51:09.581983464,T,KO,,100,66.45
2025-10-09,9:51:09.962440602,T,KO,F,100,66.44
2025-10-09,9:51:15.727769048,T,KO,I,3,66.435
2025-10-09,9:51:21.529048008,T,KO,F I,65,66.44
2025-10-09,9:51:21.529051034,T,KO,F I,5,66.44
2025-10-09,9:51:21.529099366,T,KO,F I,1,66.44
2025-10-09,9:51:29.234862359,T,KO,F I,99,66.44
2025-10-09,9:51:29.234895611,T,KO,F I,1,66.44
2025-10-09,9:51:33.529896183,T,KO,I,37,66.42
2025-10-09,9:51:33.529920298,T,KO,F I,23,66.42
2025-10-09,9:51:34.823818029,T,KO,,100,66.415
2025-10-09,9:51:35.755692468,T,KO,F,100,66.42
2025-10-09,9:51:36.831098894,T,KO,,100,66.415
2025-10-09,9:51:36.938974827,T,KO,F I,6,66.42
2025-10-09,9:51:36.938980835,T,KO,F I,2,66.42
2025-10-09,9:51:36.939155213,T,KO,F I,2,66.42
2025-10-09,9:51:38.712463851,T,KO,,100,66.42
2025-10-09,9:51:43.015421537,T,KO,I,1,66.415
2025-10-09,9:51:46.585170711,T,KO,F I,2,66.42
2025-10-09,9:51:46.585170711,T,KO,F I,11,66.42
2025-10-09,9:51:49.843622521,T,KO,F I,11,66.43
2025-10-09,9:51:54.792702106,T,KO,F,100,66.43
2025-10-09,9:51:54.792723148,T,KO,I,1,66.43
2025-10-09,9:51:54.792753172,T,KO,F I,99,66.43
2025-10-09,9:51:58.378138677,T,KO,F I,10,66.43
2025-10-09,9:51:59.116394081,T,KO,,100,66.43
2025-10-09,9:51:59.116394081,T,KO,I,68,66.43
2025-10-09,9:51:59.125875763,T,KO,F I,16,66.43
2025-10-09,9:51:59.198604510,T,KO,I,25,66.42
2025-10-09,9:51:59.198606961,T,KO,I,60,66.42
2025-10-09,9:51:59.198609992,T,KO,,400,66.42
2025-10-09,9:51:59.198609992,T,KO,,100,66.42
2025-10-09,9:51:59.227986892,T,KO,F I,1,66.42
2025-10-09,9:51:59.228182405,T,KO,I,1,66.42
2025-10-09,9:52:00.254030719,T,KO,I,7,66.43
2025-10-09,9:52:00.254034077,T,KO,,200,66.43
2025-10-09,9:52:00.254102889,T,KO,F I,16,66.43
2025-10-09,9:52:00.536439323,T,KO,I,1,66.44
2025-10-09,9:52:04.953840421,T,KO,,299,66.44
2025-10-09,9:52:04.953846911,T,KO,,200,66.44
2025-10-09,9:52:04.953846911,T,KO,I,1,66.44
2025-10-09,9:52:04.953861736,T,KO,F I,99,66.44
2025-10-09,9:52:08.217402703,T,KO,,100,66.42
2025-10-09,9:52:08.217402703,T,KO,,100,66.42
2025-10-09,9:52:09.372839127,T,KO,F I,12,66.42
2025-10-09,9:52:13.096153643,T,KO,,100,66.42
2025-10-09,9:52:16.269921618,T,KO,I,10,66.42
2025-10-09,9:52:16.269921618,T,KO,I,25,66.42
2025-10-09,9:52:22.540609734,T,KO,F I,11,66.43
2025-10-09,9:52:23.711141718,T,KO,I,1,66.435
2025-10-09,9:52:23.711478502,T,KO,,100,66.43
2025-10-09,9:52:27.229828276,T,KO,F I,1,66.42
2025-10-09,9:52:28.249662268,T,KO,F I,5,66.42
2025-10-09,9:52:28.249665442,T,KO,F,100,66.42
2025-10-09,9:52:28.249668426,T,KO,F I,11,66.42
2025-10-09,9:52:33.909740089,T,KO,F I,11,66.43
2025-10-09,9:52:44.754273964,T,KO,F,200,66.43
2025-10-09,9:52:47.220399639,T,KO,I,5,66.43
2025-10-09,9:52:47.220399639,T,KO,I,68,66.43
2025-10-09,9:52:47.221131090,T,KO,I,96,66.43
2025-10-09,9:52:47.221131090,T,KO,,100,66.43
2025-10-09,9:52:47.221136875,T,KO,,100,66.43
2025-10-09,9:52:47.221136875,T,KO,I,54,66.43
2025-10-09,9:52:47.221172472,T,KO,,127,66.43
2025-10-09,9:52:47.312942119,T,KO,I,31,66.42
2025-10-09,9:52:48.784704535,T,KO,I,65,66.42
2025-10-09,9:52:48.784704535,T,KO,I,54,66.42
2025-10-09,9:52:56.493730387,T,KO,,100,66.425
2025-10-09,9:53:00.868507868,T,KO,F I,45,66.42
2025-10-09,9:53:01.254104853,T,KO,,100,66.425
2025-10-09,9:53:04.335940402,T,KO,,100,66.425
2025-10-09,9:53:04.569756606,T,KO,I,55,66.42
2025-10-09,9:53:04.569756606,T,KO,,100,66.42
2025-10-09,9:53:05.365436481,T,KO,,100,66.42
2025-10-09,9:53:06.100516186,T,KO,,100,66.42
2025-10-09,9:53:06.682967686,T,KO,,100,66.42
2025-10-09,9:53:08.419363184,T,KO,,100,66.41
2025-10-09,9:53:08.959169761,T,KO,,100,66.405
2025-10-09,9:53:09.082776184,T,KO,,102,66.405
2025-10-09,9:53:11.045439853,T,KO,I,1,66.41
2025-10-09,9:53:11.045454861,T,KO,I,99,66.41
2025-10-09,9:53:11.045457789,T,KO,I,17,66.405
2025-10-09,9:53:22.171699730,T,KO,F I,19,66.42
2025-10-09,9:53:26.244925032,T,KO,I,19,66.425
2025-10-09,9:53:30.033853366,T,KO,F I,19,66.43
2025-10-09,9:53:33.959315843,T,KO,F,100,66.42
2025-10-09,9:53:33.959315843,T,KO,F,100,66.42
2025-10-09,9:53:34.331214570,T,KO,,149,66.41
2025-10-09,9:53:34.331221326,T,KO,F,149,66.41
2025-10-09,9:53:34.331232737,T,KO,I,1,66.41
2025-10-09,9:53:34.496145414,T,KO,,131,66.41
2025-10-09,9:53:47.104244769,T,KO,,100,66.4
2025-10-09,9:53:47.104244769,T,KO,I,2,66.4
2025-10-09,9:53:47.104248051,T,KO,,100,66.4
2025-10-09,9:53:47.104248051,T,KO,,100,66.4
2025-10-09,9:53:47.783048469,T,KO,I,6,66.39
2025-10-09,9:53:52.330304953,T,KO,I,2,66.385
2025-10-09,9:54:03.734862977,T,KO,F I,20,66.38
2025-10-09,9:54:03.734870474,T,KO,F I,5,66.38
2025-10-09,9:54:03.734875248,T,KO,F,100,66.38
2025-10-09,9:54:03.734875248,T,KO,F,100,66.38
2025-10-09,9:54:03.902743729,T,KO,F I,44,66.37
2025-10-09,9:54:06.135690923,T,KO,F I,1,66.36
2025-10-09,9:54:18.516350152,T,KO,F I,3,66.37
2025-10-09,9:54:18.516352854,T,KO,F I,11,66.37
2025-10-09,9:54:18.586395400,T,KO,,100,66.375
2025-10-09,9:54:26.169448414,T,KO,I,3,66.38
2025-10-09,9:54:26.598726823,T,KO,F,200,66.37
2025-10-09,9:54:28.179237261,T,KO,F I,10,66.37
2025-10-09,9:54:28.179279302,T,KO,F I,1,66.37
2025-10-09,9:54:31.167445388,T,KO,I,4,66.375
2025-10-09,9:54:31.631627867,T,KO,F,100,66.37
2025-10-09,9:54:31.631627867,T,KO,F,100,66.37
2025-10-09,9:54:32.863758568,T,KO,I,10,66.365
2025-10-09,9:54:37.444487501,T,KO,F I,4,66.37
2025-10-09,9:54:37.444487501,T,KO,F I,47,66.37
2025-10-09,9:54:47.491991449,T,KO,I,10,66.38
2025-10-09,9:54:50.550599730,T,KO,F,100,66.38
2025-10-09,9:54:50.550603124,T,KO,F,104,66.38
2025-10-09,9:54:50.550605614,T,KO,I,58,66.38
2025-10-09,9:54:50.933303073,T,KO,I,2,66.375
2025-10-09,9:54:55.246130112,T,KO,F,100,66.37
2025-10-09,9:54:55.246130112,T,KO,F,100,66.37
2025-10-09,9:54:59.376912536,T,KO,F I,3,66.35
2025-10-09,9:55:00.935461603,T,KO,I,26,66.35
2025-10-09,9:55:00.935876680,T,KO,I,57,66.35
2025-10-09,9:55:00.936186669,T,KO,F I,1,66.35
2025-10-09,9:55:00.936186669,T,KO,F I,14,66.35
2025-10-09,9:55:00.936189389,T,KO,F I,1,66.35
2025-10-09,9:55:00.936225504,T,KO,I,49,66.35
2025-10-09,9:55:03.102654323,T,KO,F I,13,66.35
2025-10-09,9:55:09.825998715,T,KO,F I,72,66.35
2025-10-09,9:55:09.826001655,T,KO,F I,1,66.35
2025-10-09,9:55:09.826004741,T,KO,F I,2,66.35
2025-10-09,9:55:09.826004741,T,KO,F I,10,66.35
2025-10-09,9:55:09.997461054,T,KO,F I,19,66.35
2025-10-09,9:55:09.997485089,T,KO,F I,81,66.35
2025-10-09,9:55:16.012228034,T,KO,F I,7,66.35
2025-10-09,9:55:16.012228034,T,KO,F I,10,66.35
2025-10-09,9:55:16.012273691,T,KO,F I,67,66.35
2025-10-09,9:55:16.012281990,T,KO,F,100,66.35
2025-10-09,9:55:16.012281990,T,KO,F I,51,66.35
2025-10-09,9:55:16.012672999,T,KO,F,100,66.34
2025-10-09,9:55:16.012672999,T,KO,F I,1,66.34
2025-10-09,9:55:16.013440613,T,KO,F I,59,66.33
2025-10-09,9:55:16.013443793,T,KO,F I,3,66.33
2025-10-09,9:55:16.013443793,T,KO,F,200,66.33
2025-10-09,9:55:16.013445769,T,KO,F I,59,66.33
2025-10-09,9:55:16.013449008,T,KO,F I,2,66.33
2025-10-09,9:55:17.447414336,T,KO,F I,67,66.33
2025-10-09,9:55:21.119887749,T,KO,I,54,66.33
2025-10-09,9:55:21.119890191,T,KO,,100,66.33
2025-10-09,9:55:21.121724617,T,KO,F I,2,66.32
2025-10-09,9:55:21.121772698,T,KO,F I,67,66.32
2025-10-09,9:55:21.121778777,T,KO,F,100,66.32
2025-10-09,9:55:21.121782100,T,KO,F,200,66.32
2025-10-09,9:55:29.872491686,T,KO,F I,11,66.34
2025-10-09,9:55:30.270408461,T,KO,I,12,66.35
2025-10-09,9:55:30.270408461,T,KO,I,88,66.35
2025-10-09,9:55:30.451989894,T,KO,F,100,66.36
2025-10-09,9:55:30.452007969,T,KO,I,1,66.36
2025-10-09,9:55:30.452227497,T,KO,I,4,66.36
2025-10-09,9:55:31.379107182,T,KO,,100,66.37
2025-10-09,9:55:31.379110117,T,KO,I,67,66.37
2025-10-09,9:55:31.379137588,T,KO,F,200,66.36
2025-10-09,9:55:46.858821447,T,KO,F I,10,66.36
2025-10-09,9:55:46.858823756,T,KO,F I,24,66.36
2025-10-09,9:56:10.521829066,T,KO,F I,10,66.37
2025-10-09,9:56:10.521829066,T,KO,F I,2,66.37
2025-10-09,9:56:14.621770142,T,KO,F I,1,66.36
2025-10-09,9:56:14.621773525,T,KO,F I,1,66.36
2025-10-09,9:56:14.621773525,T,KO,F,200,66.36
2025-10-09,9:56:15.352257960,T,KO,I,3,66.35
2025-10-09,9:56:15.352270391,T,KO,I,9,66.35
2025-10-09,9:56:20.365877132,T,KO,F,100,66.34
2025-10-09,9:56:20.365880127,T,KO,F I,5,66.34
2025-10-09,9:56:20.395536788,T,KO,,166,66.325
2025-10-09,9:56:21.089971837,T,KO,F I,24,66.33
2025-10-09,9:56:33.694017541,T,KO,F I,1,66.33
2025-10-09,9:56:33.694047607,T,KO,F I,99,66.33
2025-10-09,9:56:33.694050636,T,KO,F,100,66.33
2025-10-09,9:56:33.695003901,T,KO,,100,66.33
2025-10-09,9:56:35.104244753,T,KO,F I,12,66.32
2025-10-09,9:56:35.104244753,T,KO,F,100,66.32
2025-10-09,9:56:36.337881662,T,KO,F,100,66.33
2025-10-09,9:56:43.598822385,T,KO,F I,22,66.33
2025-10-09,9:56:44.623028762,T,KO,I,1,66.34
2025-10-09,9:56:51.233841809,T,KO,F,100,66.33
2025-10-09,9:56:52.062369201,T,KO,I,15,66.33
2025-10-09,9:56:53.455313813,T,KO,F,100,66.33
2025-10-09,9:56:56.136490717,T,KO,F,100,66.33
2025-10-09,9:56:59.240564822,T,KO,I,1,66.32
2025-10-09,9:56:59.240567563,T,KO,,500,66.32
2025-10-09,9:56:59.240570564,T,KO,,100,66.32
2025-10-09,9:56:59.253504385,T,KO,I,20,66.31
2025-10-09,9:56:59.253540608,T,KO,F I,80,66.31
2025-10-09,9:56:59.253543505,T,KO,F,100,66.31
2025-10-09,9:57:00.219747715,T,KO,F I,25,66.31
2025-10-09,9:57:00.219874032,T,KO,F I,75,66.31
2025-10-09,9:57:00.658784527,T,KO,I,2,66.3
2025-10-09,9:57:01.334117892,T,KO,F,100,66.29
2025-10-09,9:57:02.436766310,T,KO,I,44,66.28
2025-10-09,9:57:06.127011412,T,KO,,100,66.28
2025-10-09,9:57:11.637134268,T,KO,I,16,66.29
2025-10-09,9:57:12.579446624,T,KO,I,46,66.3
2025-10-09,9:57:12.579446624,T,KO,I,41,66.3
2025-10-09,9:57:14.775381796,T,KO,I,14,66.305
2025-10-09,9:57:15.100074078,T,KO,F I,34,66.3
2025-10-09,9:57:15.100789870,T,KO,F I,13,66.3
2025-10-09,9:57:16.416035583,T,KO,F,262,66.305
2025-10-09,9:57:16.416077526,T,KO,F,100,66.305
2025-10-09,9:57:16.416080681,T,KO,F,100,66.31
2025-10-09,9:57:16.416083512,T,KO,F I,11,66.31
2025-10-09,9:57:16.416083512,T,KO,F I,25,66.31
2025-10-09,9:57:16.416087392,T,KO,F,400,66.31
2025-10-09,9:57:16.416087392,T,KO,F,188,66.31
2025-10-09,9:57:16.416089531,T,KO,I,12,66.31
2025-10-09,9:57:19.769824704,T,KO,I,29,66.32
2025-10-09,9:57:22.056708043,T,KO,F I,11,66.31
2025-10-09,9:57:22.056711127,T,KO,F I,25,66.31
2025-10-09,9:57:22.056732201,T,KO,I,1,66.31
2025-10-09,9:57:22.058891358,T,KO,F I,50,66.31
2025-10-09,9:57:22.058894283,T,KO,F I,3,66.31
2025-10-09,9:57:25.990846210,T,KO,F,100,66.32
2025-10-09,9:57:31.152595214,T,KO,I,1,66.32
2025-10-09,9:57:35.099510646,T,KO,F I,1,66.31
2025-10-09,9:57:35.099510646,T,KO,F I,2,66.31
2025-10-09,9:57:35.099532749,T,KO,F,159,66.31
2025-10-09,9:57:35.099537697,T,KO,F I,38,66.31
2025-10-09,9:57:38.190987702,T,KO,I,20,66.31
2025-10-09,9:57:40.324482528,T,KO,F,100,66.31
2025-10-09,9:57:40.324485155,T,KO,F I,17,66.31
2025-10-09,9:57:40.324500168,T,KO,F I,83,66.31
2025-10-09,9:57:40.814090353,T,KO,I,75,66.3
2025-10-09,9:57:40.814974665,T,KO,F I,25,66.3
2025-10-09,9:57:40.814977506,T,KO,F I,25,66.3
2025-10-09,9:57:40.814980456,T,KO,F,200,66.3
2025-10-09,9:57:40.815037500,T,KO,F I,90,66.3
2025-10-09,9:57:40.815071379,T,KO,I,10,66.3
2025-10-09,9:57:40.815071379,T,KO,I,83,66.3
2025-10-09,9:57:40.815073639,T,KO,I,75,66.3
2025-10-09,9:57:40.923614139,T,KO,,100,66.305
2025-10-09,9:57:41.557629206,T,KO,F I,63,66.31
2025-10-09,9:57:41.557947973,T,KO,F I,78,66.31
2025-10-09,9:57:41.558341877,T,KO,F I,22,66.31
2025-10-09,9:57:41.558344944,T,KO,F I,34,66.31
2025-10-09,9:57:41.758628098,T,KO,F I,49,66.31
2025-10-09,9:57:41.758631704,T,KO,F I,49,66.31
2025-10-09,9:57:41.758633997,T,KO,F I,2,66.31
2025-10-09,9:57:41.758649090,T,KO,I,1,66.31
2025-10-09,9:57:41.758652006,T,KO,I,8,66.31
2025-10-09,9:57:52.198199258,T,KO,F I,41,66.3
2025-10-09,9:57:52.198274828,T,KO,F I,59,66.3
2025-10-09,9:57:52.198274828,T,KO,F,100,66.3
2025-10-09,9:57:53.140890636,T,KO,F I,49,66.29
2025-10-09,9:57:53.140890636,T,KO,F,400,66.29
2025-10-09,9:57:53.140911558,T,KO,I,1,66.29
2025-10-09,9:57:53.141576165,T,KO,F,100,66.29
2025-10-09,9:57:58.510254072,T,KO,F I,15,66.29
2025-10-09,9:57:58.510257025,T,KO,F I,59,66.29
2025-10-09,9:57:58.510260112,T,KO,F,100,66.29
2025-10-09,9:57:59.813245498,T,KO,F I,60,66.29
2025-10-09,9:57:59.813245498,T,KO,F I,48,66.29
2025-10-09,9:58:14.710382411,T,KO,F I,2,66.29
2025-10-09,9:58:14.710385773,T,KO,F I,8,66.29
2025-10-09,9:58:14.710385773,T,KO,F I,92,66.29
2025-10-09,9:58:14.710412467,T,KO,,108,66.29
2025-10-09,9:58:18.221987265,T,KO,F I,1,66.28
2025-10-09,9:58:18.544424770,T,KO,,134,66.28
2025-10-09,9:58:18.544445215,T,KO,I,65,66.28
2025-10-09,9:58:18.544451372,T,KO,I,35,66.28
2025-10-09,9:58:18.544451372,T,KO,I,65,66.28
2025-10-09,9:58:32.141675677,T,KO,F I,3,66.27
2025-10-09,9:58:32.141679526,T,KO,F I,1,66.27
2025-10-09,9:58:32.141679526,T,KO,F I,10,66.27
2025-10-09,9:58:47.377012546,T,KO,,100,66.26
2025-10-09,9:58:47.377016076,T,KO,,200,66.26
2025-10-09,9:58:47.391864850,T,KO,F I,1,66.25
2025-10-09,9:58:57.601529618,T,KO,F I,11,66.25
2025-10-09,9:59:03.246893771,T,KO,F I,11,66.25
2025-10-09,9:59:03.246893771,T,KO,F I,3,66.25
2025-10-09,9:59:13.699527639,T,KO,I,15,66.25
2025-10-09,9:59:20.908207183,T,KO,F I,10,66.25
2025-10-09,9:59:24.665846094,T,KO,,100,66.25
2025-10-09,9:59:24.665864511,T,KO,F,200,66.25
2025-10-09,9:59:24.667082321,T,KO,F I,2,66.24
2025-10-09,9:59:24.667088055,T,KO,F I,1,66.24
2025-10-09,9:59:36.126205056,T,KO,F I,40,66.25
2025-10-09,9:59:36.127251549,T,KO,F I,37,66.25
2025-10-09,9:59:41.759781336,T,KO,F I,37,66.25
2025-10-09,9:59:41.759781336,T,KO,F I,16,66.25
2025-10-09,9:59:53.121971005,T,KO,F,100,66.24
2025-10-09,9:59:53.121974031,T,KO,F,100,66.24
2025-10-09,9:59:53.121974031,T,KO,F I,76,66.24
2025-10-09,9:59:53.121985935,T,KO,I,1,66.24
2025-10-09,9:59:53.122010055,T,KO,I,23,66.24
2025-10-09,9:59:53.122010055,T,KO,I,1,66.24
2025-10-09,9:59:53.122064184,T,KO,I,99,66.24
2025-10-09,9:59:53.307157976,T,KO,I,36,66.24
2025-10-09,10:00:00.608635384,T,KO,F,100,66.245
2025-10-09,10:00:00.608635384,T,KO,F I,21,66.25
2025-10-09,10:00:00.608638437,T,KO,F I,12,66.25
2025-10-09,10:00:00.608716597,T,KO,F,288,66.25
2025-10-09,10:00:00.659132165,T,KO,F I,56,66.25
2025-10-09,10:00:00.659132165,T,KO,F,100,66.25
2025-10-09,10:00:00.659138075,T,KO,F I,47,66.25
2025-10-09,10:00:00.659138075,T,KO,F I,75,66.25
2025-10-09,10:00:00.659140835,T,KO,F,100,66.25
2025-10-09,10:00:00.659143711,T,KO,F I,11,66.25
2025-10-09,10:00:01.664284901,T,KO,,100,66.25
2025-10-09,10:00:01.664284901,T,KO,I,56,66.25
2025-10-09,10:00:01.664287966,T,KO,I,46,66.25
2025-10-09,10:00:01.664290776,T,KO,I,54,66.25
2025-10-09,10:00:02.296543578,T,KO,F I,7,66.26
2025-10-09,10:00:04.299921238,T,KO,F I,15,66.26
2025-10-09,10:00:04.627759077,T,KO,I,4,66.25
2025-10-09,10:00:04.627762065,T,KO,I,95,66.25
2025-10-09,10:00:04.627777308,T,KO,I,1,66.25
2025-10-09,10:00:04.627780669,T,KO,I,4,66.25
2025-10-09,10:00:04.627783135,T,KO,I,96,66.25
2025-10-09,10:00:04.633959757,T,KO,I,31,66.255
2025-10-09,10:00:06.174625439,T,KO,F I,4,66.25
2025-10-09,10:00:06.174625439,T,KO,F,100,66.25
2025-10-09,10:00:06.174643307,T,KO,F I,5,66.25
2025-10-09,10:00:23.001427891,T,KO,F I,10,66.23
2025-10-09,10:00:23.001431118,T,KO,F,100,66.23
2025-10-09,10:00:23.001431118,T,KO,F,100,66.23
2025-10-09,10:00:23.004627545,T,KO,I,25,66.22
2025-10-09,10:00:25.836917065,T,KO,I,5,66.21
2025-10-09,10:00:29.480891194,T,KO,I,10,66.21
2025-10-09,10:00:37.481160906,T,KO,I,10,66.205
2025-10-09,10:00:42.297318147,T,KO,F I,60,66.2
2025-10-09,10:00:42.297321539,T,KO,F I,10,66.2
2025-10-09,10:00:42.297323890,T,KO,F,500,66.2
2025-10-09,10:00:42.605341504,T,KO,I,15,66.19
2025-10-09,10:00:44.147390591,T,KO,F I,15,66.19
2025-10-09,10:00:44.147393270,T,KO,F I,50,66.19
2025-10-09,10:00:44.147408376,T,KO,F I,50,66.19
2025-10-09,10:00:44.151919031,T,KO,,100,66.2
2025-10-09,10:00:53.544561934,T,KO,F I,1,66.19
2025-10-09,10:00:55.369617741,T,KO,,100,66.185
2025-10-09,10:00:57.737915009,T,KO,F I,1,66.18
2025-10-09,10:00:57.737917989,T,KO,F I,2,66.18
2025-10-09,10:00:57.737920443,T,KO,F I,97,66.18
2025-10-09,10:00:57.737935719,T,KO,I,3,66.18
2025-10-09,10:00:57.737935719,T,KO,I,97,66.18
2025-10-09,10:00:57.737950884,T,KO,F I,30,66.18
2025-10-09,10:01:02.541711940,T,KO,I,3,66.17
2025-10-09,10:01:02.541733023,T,KO,F I,7,66.17
2025-10-09,10:01:02.541733023,T,KO,F I,4,66.17
2025-10-09,10:01:04.200781457,T,KO,F,100,66.16
2025-10-09,10:01:05.927000920,T,KO,F I,9,66.15
2025-10-09,10:01:05.941847277,T,KO,I,50,66.145
2025-10-09,10:01:06.571529012,T,KO,,200,66.15
2025-10-09,10:01:06.571550756,T,KO,I,1,66.15
2025-10-09,10:01:12.205844756,T,KO,F I,16,66.15
2025-10-09,10:01:12.206599465,T,KO,F I,30,66.15
2025-10-09,10:01:12.206993450,T,KO,F I,70,66.15
2025-10-09,10:01:12.206993450,T,KO,F I,55,66.15
2025-10-09,10:01:12.207014518,T,KO,I,1,66.15
2025-10-09,10:01:12.207014518,T,KO,I,29,66.15
2025-10-09,10:01:13.913877201,T,KO,F I,56,66.15
2025-10-09,10:01:13.913877201,T,KO,F I,28,66.15
2025-10-09,10:01:13.913880098,T,KO,F I,1,66.15
2025-10-09,10:01:13.913880098,T,KO,F I,29,66.15
2025-10-09,10:01:14.631009807,T,KO,F,100,66.155
2025-10-09,10:01:14.631012778,T,KO,F I,85,66.15
2025-10-09,10:01:20.901277151,T,KO,F I,10,66.16
2025-10-09,10:01:25.209810191,T,KO,F,100,66.16
2025-10-09,10:01:25.209810191,T,KO,F I,25,66.16
2025-10-09,10:01:30.804975373,T,KO,I,10,66.17
2025-10-09,10:01:30.857456323,T,KO,F I,19,66.18
2025-10-09,10:01:30.875385152,T,KO,I,88,66.18
2025-10-09,10:01:30.875388064,T,KO,,100,66.18
2025-10-09,10:01:30.875391210,T,KO,,100,66.18
2025-10-09,10:01:30.875394133,T,KO,,100,66.18
2025-10-09,10:01:30.875394133,T,KO,I,18,66.18
2025-10-09,10:01:30.879038772,T,KO,I,15,66.18
2025-10-09,10:01:30.892946848,T,KO,I,9,66.18
2025-10-09,10:01:30.898931139,T,KO,I,11,66.18
2025-10-09,10:01:30.901460531,T,KO,I,7,66.18
2025-10-09,10:01:32.240727031,T,KO,,100,66.17
2025-10-09,10:01:32.240729944,T,KO,,100,66.17
2025-10-09,10:01:34.524889307,T,KO,I,75,66.165
2025-10-09,10:01:35.778181294,T,KO,F,200,66.16
2025-10-09,10:01:35.778202460,T,KO,I,71,66.16
2025-10-09,10:01:35.778202460,T,KO,I,56,66.16
2025-10-09,10:01:35.778208453,T,KO,I,1,66.16
2025-10-09,10:01:35.778647407,T,KO,F I,20,66.16
2025-10-09,10:01:35.778798360,T,KO,F I,70,66.16
2025-10-09,10:01:35.778800872,T,KO,F I,26,66.16
2025-10-09,10:01:37.299089838,T,KO,F,300,66.17
2025-10-09,10:01:41.176296418,T,KO,I,70,66.17
2025-10-09,10:01:41.176296418,T,KO,I,50,66.17
2025-10-09,10:01:43.313724110,T,KO,F I,10,66.17
2025-10-09,10:01:44.374251030,T,KO,I,3,66.17
2025-10-09,10:01:45.779001748,T,KO,I,42,66.17
2025-10-09,10:01:45.792464838,T,KO,I,93,66.165
2025-10-09,10:01:54.861458897,T,KO,I,10,66.18
2025-10-09,10:01:54.865623730,T,KO,,100,66.185
2025-10-09,10:01:55.796794609,T,KO,,100,66.185
2025-10-09,10:01:59.246409644,T,KO,F I,45,66.19
2025-10-09,10:02:02.114974931,T,KO,F,100,66.19
2025-10-09,10:02:02.114978476,T,KO,F I,3,66.19
2025-10-09,10:02:04.229115211,T,KO,,100,66.18
2025-10-09,10:02:05.322648844,T,KO,,100,66.175
2025-10-09,10:02:05.322660834,T,KO,F I,32,66.18
2025-10-09,10:02:05.322664239,T,KO,F I,1,66.18
2025-10-09,10:02:05.322666769,T,KO,F I,2,66.18
2025-10-09,10:02:05.322678942,T,KO,F I,25,66.18
2025-10-09,10:02:05.322681832,T,KO,F I,37,66.18
2025-10-09,10:02:05.322684893,T,KO,F I,18,66.18
2025-10-09,10:02:05.322684893,T,KO,F I,20,66.18
2025-10-09,10:02:10.003814191,T,KO,I,56,66.18
2025-10-09,10:02:10.004262212,T,KO,F I,53,66.18
2025-10-09,10:02:12.554943351,T,KO,F I,1,66.19
2025-10-09,10:02:12.555247785,T,KO,I,14,66.19
2025-10-09,10:02:12.555250784,T,KO,I,10,66.19
2025-10-09,10:02:12.555887572,T,KO,F I,61,66.19
2025-10-09,10:02:35.244614959,T,KO,F,100,66.19
2025-10-09,10:02:35.244614959,T,KO,F I,53,66.19
2025-10-09,10:02:49.740021352,T,KO,F I,45,66.19
2025-10-09,10:02:49.740021352,T,KO,F I,27,66.19
2025-10-09,10:02:49.740024285,T,KO,F,100,66.19
2025-10-09,10:02:49.741052748,T,KO,,100,66.195
2025-10-09,10:02:49.741055706,T,KO,I,73,66.19
2025-10-09,10:02:49.741058816,T,KO,I,54,66.19
2025-10-09,10:02:49.741058816,T,KO,,100,66.19
2025-10-09,10:02:49.741064816,T,KO,,155,66.19
2025-10-09,10:02:49.741064816,T,KO,,400,66.19
2025-10-09,10:02:49.741064816,T,KO,I,67,66.19
2025-10-09,10:02:57.052441849,T,KO,F,200,66.18
2025-10-09,10:02:57.052441849,T,KO,F,100,66.18
2025-10-09,10:02:57.052444610,T,KO,F I,30,66.18
2025-10-09,10:02:57.055493968,T,KO,I,4,66.175
2025-10-09,10:02:57.055496906,T,KO,I,50,66.175
2025-10-09,10:02:58.864440839,T,KO,F I,1,66.17
2025-10-09,10:03:00.050925283,T,KO,F,100,66.16
2025-10-09,10:03:00.051153734,T,KO,F I,3,66.16
2025-10-09,10:03:03.370114389,T,KO,F I,1,66.15
2025-10-09,10:03:03.370114389,T,KO,F I,65,66.15
2025-10-09,10:03:03.370119806,T,KO,F I,5,66.15
2025-10-09,10:03:03.370119806,T,KO,F I,1,66.15
2025-10-09,10:03:03.370125717,T,KO,F,100,66.15
2025-10-09,10:03:03.370128916,T,KO,F I,10,66.15
2025-10-09,10:03:03.370132059,T,KO,F I,90,66.15
2025-10-09,10:03:03.370134796,T,KO,F I,10,66.15
2025-10-09,10:03:03.378681138,T,KO,,100,66.145
2025-10-09,10:03:10.562623550,T,KO,F I,3,66.15
2025-10-09,10:03:13.963880410,T,KO,F I,3,66.14
2025-10-09,10:03:13.963880410,T,KO,F I,1,66.14
2025-10-09,10:03:13.963883873,T,KO,F I,20,66.14
2025-10-09,10:03:13.963886611,T,KO,F I,54,66.14
2025-10-09,10:03:13.963889532,T,KO,F I,36,66.14
2025-10-09,10:03:13.963908084,T,KO,F I,61,66.14
2025-10-09,10:03:13.963943567,T,KO,,203,66.14
2025-10-09,10:03:13.965320884,T,KO,F I,56,66.13
2025-10-09,10:03:16.458351632,T,KO,F I,70,66.13
2025-10-09,10:03:16.458354967,T,KO,F,100,66.13
2025-10-09,10:03:16.458354967,T,KO,F I,52,66.13
2025-10-09,10:03:22.605066593,T,KO,F I,4,66.14
2025-10-09,10:03:24.812065218,T,KO,F I,50,66.14
2025-10-09,10:03:26.983471086,T,KO,,100,66.135
2025-10-09,10:03:35.559612106,T,KO,F I,1,66.13
2025-10-09,10:03:35.559615135,T,KO,F,100,66.13
2025-10-09,10:03:41.104124825,T,KO,,100,66.125
2025-10-09,10:03:42.069303618,T,KO,F I,1,66.12
2025-10-09,10:03:48.196749320,T,KO,I,20,66.13
2025-10-09,10:03:50.030618502,T,KO,,100,66.135
2025-10-09,10:03:58.206873593,T,KO,F I,80,66.13
2025-10-09,10:03:58.206877692,T,KO,F,100,66.13
2025-10-09,10:03:58.206882285,T,KO,F I,4,66.13
2025-10-09,10:03:58.206882285,T,KO,F,100,66.13
2025-10-09,10:03:58.206891394,T,KO,,100,66.13
2025-10-09,10:03:58.206900415,T,KO,,100,66.13
2025-10-09,10:03:58.207002594,T,KO,F I,2,66.13
2025-10-09,10:03:58.218616299,T,KO,F,100,66.125
2025-10-09,10:03:58.657770406,T,KO,F I,57,66.13
2025-10-09,10:03:58.657770406,T,KO,F I,96,66.13
2025-10-09,10:03:58.657773296,T,KO,F I,4,66.13
2025-10-09,10:04:01.197066722,T,KO,I,80,66.14
2025-10-09,10:04:01.197066722,T,KO,I,20,66.14
2025-10-09,10:04:01.197069400,T,KO,I,12,66.14
2025-10-09,10:04:01.248236249,T,KO,,100,66.14
2025-10-09,10:04:01.248239412,T,KO,I,24,66.14
2025-10-09,10:04:01.248239412,T,KO,,100,66.14
2025-10-09,10:04:01.248242217,T,KO,I,56,66.14
2025-10-09,10:04:03.568508386,T,KO,I,2,66.15
2025-10-09,10:04:08.353505138,T,KO,F I,10,66.15
2025-10-09,10:04:12.830261673,T,KO,,104,66.145
2025-10-09,10:04:18.595160222,T,KO,F,100,66.15
2025-10-09,10:04:18.595163581,T,KO,F I,31,66.15
2025-10-09,10:04:26.697841845,T,KO,F I,10,66.16
2025-10-09,10:04:26.707188210,T,KO,I,37,66.165
2025-10-09,10:04:27.686653938,T,KO,I,3,66.17
2025-10-09,10:04:27.686678029,T,KO,I,20,66.17
2025-10-09,10:04:27.686678029,T,KO,I,60,66.17
2025-10-09,10:04:28.398025207,T,KO,F I,5,66.18
2025-10-09,10:04:28.398028240,T,KO,F I,58,66.18
2025-10-09,10:04:45.052532054,T,KO,F I,62,66.18
2025-10-09,10:04:45.052535859,T,KO,F I,8,66.18
2025-10-09,10:04:45.052535859,T,KO,F,100,66.18
2025-10-09,10:04:45.052540889,T,KO,F I,5,66.18
2025-10-09,10:04:45.052540889,T,KO,F,315,66.18
2025-10-09,10:04:51.401896397,T,KO,F I,16,66.16
2025-10-09,10:04:51.671097561,T,KO,F,200,66.16
2025-10-09,10:04:51.686383411,T,KO,,100,66.165
2025-10-09,10:04:51.686383411,T,KO,I,61,66.16
2025-10-09,10:04:51.686386062,T,KO,I,54,66.16
2025-10-09,10:04:51.686410111,T,KO,I,46,66.16
2025-10-09,10:04:52.595766909,T,KO,I,10,66.165
2025-10-09,10:04:54.049005468,T,KO,,871,66.17
2025-10-09,10:04:54.049008163,T,KO,I,60,66.17
2025-10-09,10:04:54.049011246,T,KO,I,61,66.17
2025-10-09,10:05:02.842841990,T,KO,F I,3,66.18
2025-10-09,10:05:02.842844514,T,KO,F,100,66.18
2025-10-09,10:05:02.842844514,T,KO,F I,45,66.18
2025-10-09,10:05:02.842882908,T,KO,F I,55,66.18
2025-10-09,10:05:02.842882908,T,KO,F I,22,66.18
2025-10-09,10:05:02.842907008,T,KO,F I,78,66.18
2025-10-09,10:05:04.925321932,T,KO,F I,17,66.17
2025-10-09,10:05:04.925321932,T,KO,F I,83,66.17
2025-10-09,10:05:05.261946726,T,KO,I,17,66.17
2025-10-09,10:05:05.261949714,T,KO,I,25,66.17
2025-10-09,10:05:07.506817506,T,KO,I,58,66.17
2025-10-09,10:05:10.403054590,T,KO,F,100,66.16
2025-10-09,10:05:11.078108358,T,KO,F I,89,66.16
2025-10-09,10:05:18.636361512,T,KO,F I,10,66.17
2025-10-09,10:05:18.636365440,T,KO,F I,5,66.17
2025-10-09,10:05:18.636365440,T,KO,F I,62,66.17
2025-10-09,10:05:21.169844589,T,KO,F I,67,66.18
2025-10-09,10:05:21.240690275,T,KO,I,62,66.19
2025-10-09,10:05:21.240690275,T,KO,I,51,66.19
2025-10-09,10:05:26.210862053,T,KO,I,1,66.195
2025-10-09,10:05:38.458887171,T,KO,F I,10,66.2
2025-10-09,10:05:38.458890990,T,KO,F,120,66.2
2025-10-09,10:05:38.458890990,T,KO,F,300,66.2
2025-10-09,10:05:38.584456804,T,KO,,100,66.21
2025-10-09,10:05:43.438365710,T,KO,F I,10,66.21
2025-10-09,10:05:43.438368686,T,KO,F I,1,66.21
2025-10-09,10:05:43.438450364,T,KO,F I,3,66.21
2025-10-09,10:05:45.678499917,T,KO,F I,56,66.22
2025-10-09,10:05:45.689497156,T,KO,,146,66.225
2025-10-09,10:05:47.269845036,T,KO,I,43,66.22
2025-10-09,10:05:47.269860448,T,KO,F I,57,66.22
2025-10-09,10:05:49.909273450,T,KO,F I,55,66.215
2025-10-09,10:05:49.909276886,T,KO,I,21,66.215
2025-10-09,10:05:56.099360426,T,KO,F I,60,66.22
2025-10-09,10:05:56.099424695,T,KO,I,25,66.22
2025-10-09,10:05:56.099424695,T,KO,I,73,66.22
2025-10-09,10:05:56.104644558,T,KO,I,75,66.22
2025-10-09,10:05:56.104647072,T,KO,I,18,66.22
2025-10-09,10:05:57.392350001,T,KO,F I,75,66.22
2025-10-09,10:06:00.469684489,T,KO,,100,66.225
2025-10-09,10:06:03.134334090,T,KO,,100,66.22
2025-10-09,10:06:03.134334090,T,KO,I,3,66.22
2025-10-09,10:06:03.134340212,T,KO,I,40,66.22
2025-10-09,10:06:03.134343067,T,KO,,400,66.22
2025-10-09,10:06:09.248078403,T,KO,F I,9,66.21
2025-10-09,10:06:09.248099697,T,KO,F I,91,66.21
2025-10-09,10:06:09.287941385,T,KO,I,18,66.205
2025-10-09,10:06:10.114652402,T,KO,F I,2,66.21
2025-10-09,10:06:14.680917531,T,KO,F,100,66.2
2025-10-09,10:06:15.054981029,T,KO,F I,3,66.2
2025-10-09,10:06:16.921087622,T,KO,I,33,66.205
2025-10-09,10:06:24.906417698,T,KO,F,100,66.21
2025-10-09,10:06:24.906417698,T,KO,F,100,66.21
2025-10-09,10:06:24.907623616,T,KO,F I,32,66.2
2025-10-09,10:06:24.933936223,T,KO,I,74,66.2
2025-10-09,10:06:26.936586083,T,KO,,100,66.205
2025-10-09,10:06:28.150541366,T,KO,I,19,66.21
2025-10-09,10:06:41.404047651,T,KO,F I,4,66.21
2025-10-09,10:06:41.404052842,T,KO,F I,1,66.21
2025-10-09,10:06:41.404236506,T,KO,F I,69,66.21
2025-10-09,10:06:41.404239465,T,KO,F,100,66.21
2025-10-09,10:06:41.404242414,T,KO,F I,3,66.21
2025-10-09,10:06:41.404260713,T,KO,F I,97,66.21
2025-10-09,10:06:41.405778937,T,KO,F,100,66.2
2025-10-09,10:06:53.306121550,T,KO,F I,1,66.19
2025-10-09,10:06:53.306121550,T,KO,F I,3,66.19
2025-10-09,10:06:53.306124547,T,KO,F,100,66.19
2025-10-09,10:06:55.690470428,T,KO,I,10,66.185
2025-10-09,10:06:55.832393573,T,KO,I,22,66.185
2025-10-09,10:06:58.148170820,T,KO,,100,66.19
2025-10-09,10:06:58.148170820,T,KO,I,9,66.19
2025-10-09,10:07:03.756765407,T,KO,,100,66.195
2025-10-09,10:07:04.407816039,T,KO,F,105,66.2
2025-10-09,10:07:04.407834029,T,KO,I,1,66.2
2025-10-09,10:07:04.407837373,T,KO,F I,8,66.2
2025-10-09,10:07:04.407840124,T,KO,F I,6,66.2
2025-10-09,10:07:04.408543849,T,KO,I,53,66.2
2025-10-09,10:07:04.408543849,T,KO,I,25,66.2
2025-10-09,10:07:04.408548599,T,KO,I,62,66.2
2025-10-09,10:07:04.408552974,T,KO,,100,66.2
2025-10-09,10:07:04.408552974,T,KO,,400,66.2
2025-10-09,10:07:04.408555808,T,KO,I,40,66.2
2025-10-09,10:07:04.408555808,T,KO,I,60,66.2
2025-10-09,10:07:04.408568377,T,KO,I,1,66.2
2025-10-09,10:07:04.408586257,T,KO,I,39,66.2
2025-10-09,10:07:14.447985249,T,KO,F I,62,66.2
2025-10-09,10:07:14.447985249,T,KO,F I,9,66.2
2025-10-09,10:07:14.447988669,T,KO,F I,20,66.2
2025-10-09,10:07:14.447991152,T,KO,F I,2,66.2
2025-10-09,10:07:14.449362347,T,KO,F I,11,66.2
2025-10-09,10:07:19.878478514,T,KO,I,73,66.21
2025-10-09,10:07:19.878481224,T,KO,I,13,66.21
2025-10-09,10:07:19.878932226,T,KO,F I,7,66.21
2025-10-09,10:07:20.468793203,T,KO,I,3,66.215
2025-10-09,10:07:26.873865689,T,KO,I,12,66.22
2025-10-09,10:07:32.003654639,T,KO,F I,7,66.22
2025-10-09,10:07:32.027140211,T,KO,,100,66.225
2025-10-09,10:07:32.027143520,T,KO,I,62,66.23
2025-10-09,10:07:32.027143520,T,KO,I,5,66.23
2025-10-09,10:07:32.027146282,T,KO,I,14,66.23
2025-10-09,10:07:32.027146282,T,KO,I,19,66.23
2025-10-09,10:07:33.301876262,T,KO,F I,10,66.23
2025-10-09,10:07:33.313114022,T,KO,F I,64,66.23
2025-10-09,10:07:35.524885240,T,KO,I,3,66.22
2025-10-09,10:07:35.524885240,T,KO,I,39,66.22
2025-10-09,10:07:35.524890842,T,KO,,100,66.22
2025-10-09,10:07:35.524893892,T,KO,,400,66.22
2025-10-09,10:07:35.527862010,T,KO,I,25,66.21
2025-10-09,10:07:37.910518337,T,KO,,100,66.215
2025-10-09,10:07:37.910520872,T,KO,I,25,66.22
2025-10-09,10:07:37.910523844,T,KO,,100,66.22
2025-10-09,10:07:37.910526876,T,KO,I,64,66.22
2025-10-09,10:07:37.910526876,T,KO,,400,66.22
