DATE,TIME_M,EX,SYM_ROOT,TR_SCOND,SIZE,PRICE
2025-10-23,9:30:00.254593865,T,KO,TI,1,70.99
2025-10-23,9:30:01.131238915,T,KO,I,1,70.82
2025-10-23,9:30:01.131244860,T,KO,Q,1,70.82
2025-10-23,9:30:01.157467356,T,KO,F I,96,70.82
2025-10-23,9:30:01.177528124,T,KO,,100,70.8
2025-10-23,9:30:01.231085668,T,KO,F,100,70.8
2025-10-23,9:30:01.231106800,T,KO,I,1,70.8
2025-10-23,9:30:01.231124911,T,KO,F,199,70.8
2025-10-23,9:30:01.232044956,T,KO,F,100,70.82
2025-10-23,9:30:01.232048036,T,KO,F,200,70.82
2025-10-23,9:30:01.232156406,T,KO,F,100,70.82
2025-10-23,9:30:01.232270585,T,KO,F,100,70.82
2025-10-23,9:30:01.232444965,T,KO,,100,70.83
2025-10-23,9:30:01.234249291,T,KO,,184,70.82
2025-10-23,9:30:01.234300436,T,KO,I,1,70.82
2025-10-23,9:30:01.285121530,T,KO,F,100,70.83
2025-10-23,9:30:01.285239199,T,KO,F,100,70.83
2025-10-23,9:30:01.285239199,T,KO,F,100,70.84
2025-10-23,9:30:01.285242648,T,KO,F,100,70.84
2025-10-23,9:30:01.285242648,T,KO,I,2,70.82
2025-10-23,9:30:01.285244689,T,KO,I,51,70.82
2025-10-23,9:30:01.285295852,T,KO,F I,50,70.84
2025-10-23,9:30:01.286122752,T,KO,,107,70.83
2025-10-23,9:30:01.286152981,T,KO,I,93,70.83
2025-10-23,9:30:01.287927116,T,KO,F,100,70.82
2025-10-23,9:30:01.297474815,T,KO,I,35,70.81
2025-10-23,9:30:01.481450105,T,KO,,100,70.81
2025-10-23,9:30:01.702178787,T,KO,I,9,70.82
2025-10-23,9:30:02.214418773,T,KO,,100,70.84
2025-10-23,9:30:02.215314887,T,KO,I,2,70.82
2025-10-23,9:30:02.215314887,T,KO,,100,70.82
2025-10-23,9:30:02.215318227,T,KO,,200,70.82
2025-10-23,9:30:02.215318227,T,KO,,100,70.82
2025-10-23,9:30:02.399738212,T,KO,,100,70.83
2025-10-23,9:30:04.016978069,T,KO,F,100,70.85
2025-10-23,9:30:06.006862377,T,KO,I,7,70.86
2025-10-23,9:30:08.759278877,T,KO,,100,70.84
2025-10-23,9:30:08.760061363,T,KO,F,100,70.82
2025-10-23,9:30:08.760325549,T,KO,,100,70.82
2025-10-23,9:30:08.760635756,T,KO,F,123,70.82
2025-10-23,9:30:08.760950903,T,KO,F,100,70.8
2025-10-23,9:30:08.761041235,T,KO,F,200,70.79
2025-10-23,9:30:08.761041235,T,KO,F I,25,70.79
2025-10-23,9:30:08.761441027,T,KO,F,100,70.795
2025-10-23,9:30:08.761726797,T,KO,,100,70.795
2025-10-23,9:30:08.761732795,T,KO,,100,70.79
2025-10-23,9:30:08.761732795,T,KO,,100,70.79
2025-10-23,9:30:08.761756773,T,KO,,100,70.79
2025-10-23,9:30:08.762337264,T,KO,F I,2,70.79
2025-10-23,9:30:08.784178260,T,KO,F,100,70.79
2025-10-23,9:30:08.784181597,T,KO,F I,4,70.78
2025-10-23,9:30:08.784181597,T,KO,F I,96,70.78
2025-10-23,9:30:08.784196223,T,KO,F I,4,70.78
2025-10-23,9:30:08.784199469,T,KO,,100,70.78
2025-10-23,9:30:08.819909352,T,KO,,100,70.79
2025-10-23,9:30:09.013158571,T,KO,F,100,70.8
2025-10-23,9:30:09.054708537,T,KO,F,199,70.8
2025-10-23,9:30:09.059898937,T,KO,F,200,70.78
2025-10-23,9:30:09.061128825,T,KO,F,100,70.785
2025-10-23,9:30:09.063251952,T,KO,F,100,70.785
2025-10-23,9:30:09.275518468,T,KO,F,100,70.79
2025-10-23,9:30:09.275521507,T,KO,F,100,70.78
2025-10-23,9:30:09.275524464,T,KO,F,100,70.78
2025-10-23,9:30:09.275539520,T,KO,I,1,70.78
2025-10-23,9:30:09.275587704,T,KO,I,36,70.78
2025-10-23,9:30:10.634975414,T,KO,,146,70.78
2025-10-23,9:30:10.635032944,T,KO,I,7,70.79
2025-10-23,9:30:10.635035490,T,KO,,300,70.79
2025-10-23,9:30:10.635065672,T,KO,F I,57,70.79
2025-10-23,9:30:10.635110706,T,KO,F,100,70.79
2025-10-23,9:30:10.635117238,T,KO,I,7,70.79
2025-10-23,9:30:10.635119754,T,KO,I,7,70.79
2025-10-23,9:30:10.635131749,T,KO,I,7,70.79
2025-10-23,9:30:10.635143743,T,KO,F,193,70.79
2025-10-23,9:30:10.636040854,T,KO,F,100,70.79
2025-10-23,9:30:10.636040854,T,KO,F,100,70.79
2025-10-23,9:30:10.636042973,T,KO,F,100,70.79
2025-10-23,9:30:10.636470090,T,KO,F,100,70.785
2025-10-23,9:30:10.636470090,T,KO,F,100,70.79
2025-10-23,9:30:10.637396108,T,KO,F,100,70.79
2025-10-23,9:30:10.637745007,T,KO,F,200,70.785
2025-10-23,9:30:10.646234241,T,KO,,200,70.78
2025-10-23,9:30:10.695227314,T,KO,,100,70.78
2025-10-23,9:30:10.695229889,T,KO,,100,70.79
2025-10-23,9:30:10.695233054,T,KO,,200,70.79
2025-10-23,9:30:10.695233054,T,KO,,100,70.79
2025-10-23,9:30:10.695235942,T,KO,I,90,70.79
2025-10-23,9:30:10.695250912,T,KO,F,100,70.79
2025-10-23,9:30:10.695551641,T,KO,F,100,70.8
2025-10-23,9:30:11.828602362,T,KO,F I,20,70.82
2025-10-23,9:30:11.828602362,T,KO,F I,36,70.82
2025-10-23,9:30:12.228720361,T,KO,F,100,70.85
2025-10-23,9:30:12.228915789,T,KO,F,100,70.86
2025-10-23,9:30:12.484058439,T,KO,F,200,70.87
2025-10-23,9:30:15.684256490,T,KO,F I,4,70.88
2025-10-23,9:30:15.684809771,T,KO,,100,70.89
2025-10-23,9:30:21.531825010,T,KO,F,200,70.8
2025-10-23,9:30:21.533863826,T,KO,,200,70.78
2025-10-23,9:30:21.535018552,T,KO,F,283,70.77
2025-10-23,9:30:21.535030726,T,KO,F I,17,70.77
2025-10-23,9:30:21.540885647,T,KO,,300,70.76
2025-10-23,9:30:21.541550106,T,KO,F,300,70.76
2025-10-23,9:30:21.541616317,T,KO,F,400,70.76
2025-10-23,9:30:21.547320859,T,KO,,200,70.755
2025-10-23,9:30:21.547324022,T,KO,I,69,70.75
2025-10-23,9:30:21.547324022,T,KO,,100,70.75
2025-10-23,9:30:21.547326958,T,KO,I,6,70.75
2025-10-23,9:30:21.547341893,T,KO,I,1,70.75
2025-10-23,9:30:21.547492470,T,KO,F I,97,70.75
2025-10-23,9:30:21.547492470,T,KO,F I,2,70.75
2025-10-23,9:30:21.547495762,T,KO,F,100,70.75
2025-10-23,9:30:21.547499484,T,KO,F,100,70.75
2025-10-23,9:30:21.547499484,T,KO,F I,29,70.75
2025-10-23,9:30:21.547501379,T,KO,I,14,70.75
2025-10-23,9:30:21.548214056,T,KO,F,100,70.76
2025-10-23,9:30:21.548220103,T,KO,F I,90,70.76
2025-10-23,9:30:22.242014460,T,KO,,200,70.775
2025-10-23,9:30:22.242014460,T,KO,,100,70.76
2025-10-23,9:30:22.242038558,T,KO,,100,70.76
2025-10-23,9:30:22.242038558,T,KO,,100,70.76
2025-10-23,9:30:22.277475394,T,KO,F,100,70.75
2025-10-23,9:30:22.277478020,T,KO,F,100,70.75
2025-10-23,9:30:22.277490374,T,KO,F,100,70.75
2025-10-23,9:30:22.277493114,T,KO,F,425,70.75
2025-10-23,9:30:22.277517067,T,KO,I,61,70.75
2025-10-23,9:30:23.014477322,T,KO,I,2,70.74
2025-10-23,9:30:23.014477322,T,KO,,200,70.74
2025-10-23,9:30:23.582574370,T,KO,F I,1,70.73
2025-10-23,9:30:24.195166560,T,KO,F,100,70.73
2025-10-23,9:30:24.195193808,T,KO,F,200,70.74
2025-10-23,9:30:24.195193808,T,KO,F,100,70.74
2025-10-23,9:30:24.195840088,T,KO,F,110,70.75
2025-10-23,9:30:24.195861118,T,KO,,190,70.75
2025-10-23,9:30:24.195861118,T,KO,I,9,70.75
2025-10-23,9:30:24.195867103,T,KO,F I,91,70.75
2025-10-23,9:30:24.195867103,T,KO,F,100,70.75
2025-10-23,9:30:24.196140916,T,KO,,100,70.75
2025-10-23,9:30:24.592063791,T,KO,F,100,70.74
2025-10-23,9:30:25.192552020,T,KO,,100,70.73
2025-10-23,9:30:26.470574938,T,KO,I,51,70.74
2025-10-23,9:30:26.470599725,T,KO,F I,49,70.74
2025-10-23,9:30:26.470914845,T,KO,F,100,70.74
2025-10-23,9:30:26.471459063,T,KO,,100,70.74
2025-10-23,9:30:26.762877198,T,KO,F,100,70.74
2025-10-23,9:30:26.762916243,T,KO,F,100,70.75
2025-10-23,9:30:27.065184203,T,KO,I,29,70.73
2025-10-23,9:30:27.501348953,T,KO,,100,70.74
2025-10-23,9:30:27.501373285,T,KO,F,100,70.74
2025-10-23,9:30:27.501923415,T,KO,F I,43,70.75
2025-10-23,9:30:27.501950417,T,KO,F I,57,70.75
2025-10-23,9:30:28.631966836,T,KO,F,100,70.73
2025-10-23,9:30:28.631969854,T,KO,F,200,70.73
2025-10-23,9:30:28.632408922,T,KO,F,100,70.73
2025-10-23,9:30:28.632704011,T,KO,F,100,70.73
2025-10-23,9:30:28.632704011,T,KO,F,100,70.73
2025-10-23,9:30:28.633001444,T,KO,F,100,70.73
2025-10-23,9:30:28.686844636,T,KO,I,4,70.73
2025-10-23,9:30:28.733745794,T,KO,F I,96,70.73
2025-10-23,9:30:28.733745794,T,KO,F,100,70.73
2025-10-23,9:30:28.733750578,T,KO,F,100,70.73
2025-10-23,9:30:28.734983216,T,KO,F,100,70.72
2025-10-23,9:30:28.734986315,T,KO,F I,25,70.72
2025-10-23,9:30:28.735551558,T,KO,F I,75,70.72
2025-10-23,9:30:28.736543974,T,KO,F I,4,70.71
2025-10-23,9:30:29.395067454,T,KO,,100,70.72
2025-10-23,9:30:29.563754196,T,KO,F,100,70.72
2025-10-23,9:30:29.563754196,T,KO,F,100,70.72
2025-10-23,9:30:29.564199705,T,KO,F,100,70.71
2025-10-23,9:30:29.564292459,T,KO,F,100,70.71
2025-10-23,9:30:29.713917044,T,KO,F I,1,70.7
2025-10-23,9:30:29.713917044,T,KO,F I,1,70.7
2025-10-23,9:30:29.713919800,T,KO,F I,1,70.7
2025-10-23,9:30:29.875410492,T,KO,I,10,70.69
2025-10-23,9:30:29.875410492,T,KO,,100,70.69
2025-10-23,9:30:32.261521520,T,KO,I,1,70.67
2025-10-23,9:30:34.801136553,T,KO,F,200,70.67
2025-10-23,9:30:34.801139323,T,KO,F,100,70.67
2025-10-23,9:30:34.802008315,T,KO,,146,70.67
2025-10-23,9:30:34.802026359,T,KO,I,1,70.67
2025-10-23,9:30:34.802417221,T,KO,,100,70.66
2025-10-23,9:30:34.854086369,T,KO,I,53,70.67
2025-10-23,9:30:36.138240936,T,KO,F,100,70.68
2025-10-23,9:30:36.138412249,T,KO,,100,70.69
2025-10-23,9:30:36.138505527,T,KO,,100,70.68
2025-10-23,9:30:36.138505527,T,KO,,200,70.68
2025-10-23,9:30:36.861307021,T,KO,I,6,70.65
2025-10-23,9:30:36.861310031,T,KO,I,1,70.65
2025-10-23,9:30:36.861313034,T,KO,,100,70.65
2025-10-23,9:30:38.819126143,T,KO,F,200,70.65
2025-10-23,9:30:38.819129186,T,KO,F,100,70.65
2025-10-23,9:30:41.920277222,T,KO,,100,70.65
2025-10-23,9:30:46.288541309,T,KO,I,40,70.65
2025-10-23,9:30:48.274738832,T,KO,,100,70.66
2025-10-23,9:30:48.274780991,T,KO,I,22,70.65
2025-10-23,9:30:48.275839559,T,KO,I,22,70.67
2025-10-23,9:30:49.676016918,T,KO,F,100,70.67
2025-10-23,9:30:49.676019381,T,KO,F,250,70.68
2025-10-23,9:30:52.172908290,T,KO,F I,50,70.68
2025-10-23,9:30:54.528737310,T,KO,F,250,70.69
2025-10-23,9:30:54.529898187,T,KO,F,103,70.7
2025-10-23,9:30:54.529898187,T,KO,F,100,70.71
2025-10-23,9:30:54.529904951,T,KO,F I,97,70.71
2025-10-23,9:30:54.529919149,T,KO,F,100,70.71
2025-10-23,9:30:54.529919149,T,KO,F,172,70.71
2025-10-23,9:30:54.529958198,T,KO,I,29,70.69
2025-10-23,9:30:54.530012781,T,KO,I,71,70.69
2025-10-23,9:30:54.530015602,T,KO,,100,70.69
2025-10-23,9:30:54.530015602,T,KO,I,37,70.69
2025-10-23,9:30:54.530036415,T,KO,I,1,70.69
2025-10-23,9:30:54.530048939,T,KO,I,62,70.69
2025-10-23,9:30:54.530054355,T,KO,,200,70.69
2025-10-23,9:30:54.530054355,T,KO,,100,70.69
2025-10-23,9:30:54.530066349,T,KO,F I,29,70.7
2025-10-23,9:30:54.530132544,T,KO,,100,70.69
2025-10-23,9:30:54.530201773,T,KO,I,29,70.7
2025-10-23,9:30:54.530201773,T,KO,,100,70.69
2025-10-23,9:30:54.530204766,T,KO,,200,70.69
2025-10-23,9:30:54.530285951,T,KO,F I,21,70.7
2025-10-23,9:30:54.530300928,T,KO,F,100,70.71
2025-10-23,9:30:54.530303934,T,KO,F I,33,70.71
2025-10-23,9:30:54.530325018,T,KO,F I,37,70.71
2025-10-23,9:30:54.530340084,T,KO,,100,70.7
2025-10-23,9:30:54.530352501,T,KO,F,100,70.71
2025-10-23,9:30:54.530352501,T,KO,F,128,70.71
2025-10-23,9:30:54.530418310,T,KO,,100,70.71
2025-10-23,9:30:54.530418310,T,KO,,100,70.71
2025-10-23,9:30:54.530421829,T,KO,,100,70.7
2025-10-23,9:30:54.530421829,T,KO,,200,70.7
2025-10-23,9:30:54.530427391,T,KO,,100,70.7
2025-10-23,9:30:54.530496488,T,KO,,100,70.7
2025-10-23,9:30:54.530599345,T,KO,,100,70.69
2025-10-23,9:30:54.530599345,T,KO,,100,70.69
2025-10-23,9:30:54.530604690,T,KO,,100,70.69
2025-10-23,9:30:54.530604690,T,KO,,200,70.69
2025-10-23,9:30:54.530685859,T,KO,,100,70.69
2025-10-23,9:30:54.597886954,T,KO,I,15,70.69
2025-10-23,9:30:54.597890317,T,KO,I,6,70.69
2025-10-23,9:30:54.597892982,T,KO,,200,70.69
2025-10-23,9:30:54.890977563,T,KO,F I,42,70.71
2025-10-23,9:30:54.890986035,T,KO,F,158,70.71
2025-10-23,9:30:54.890989095,T,KO,F,100,70.71
2025-10-23,9:31:03.775048527,T,KO,,100,70.74
2025-10-23,9:31:04.752367214,T,KO,F,200,70.73
2025-10-23,9:31:04.752367214,T,KO,F I,1,70.73
2025-10-23,9:31:04.752463480,T,KO,F,200,70.72
2025-10-23,9:31:04.753687439,T,KO,,100,70.73
2025-10-23,9:31:05.232902670,T,KO,F,400,70.73
2025-10-23,9:31:05.636292990,T,KO,F,100,70.69
2025-10-23,9:31:05.636292990,T,KO,F,200,70.69
2025-10-23,9:31:05.636668339,T,KO,F I,59,70.68
2025-10-23,9:31:05.636860777,T,KO,F I,57,70.69
2025-10-23,9:31:05.636909049,T,KO,F,143,70.69
2025-10-23,9:31:05.637294035,T,KO,I,22,70.67
2025-10-23,9:31:05.637486378,T,KO,I,33,70.68
2025-10-23,9:31:05.643293257,T,KO,F,100,70.68
2025-10-23,9:31:05.643296247,T,KO,F I,33,70.68
2025-10-23,9:31:06.172292071,T,KO,F,200,70.69
2025-10-23,9:31:06.172292071,T,KO,F,150,70.69
2025-10-23,9:31:08.558712917,T,KO,F,200,70.67
2025-10-23,9:31:08.558715952,T,KO,F,100,70.67
2025-10-23,9:31:08.660114382,T,KO,,100,70.66
2025-10-23,9:31:10.443701455,T,KO,F,100,70.65
2025-10-23,9:31:10.443713619,T,KO,F,100,70.65
2025-10-23,9:31:10.443747094,T,KO,F,200,70.64
2025-10-23,9:31:10.443747094,T,KO,F,100,70.64
2025-10-23,9:31:10.443750491,T,KO,F I,1,70.64
2025-10-23,9:31:10.444264101,T,KO,F,100,70.64
2025-10-23,9:31:10.445403531,T,KO,F,100,70.64
2025-10-23,9:31:10.494363077,T,KO,F I,1,70.65
2025-10-23,9:31:10.494474446,T,KO,I,99,70.65
2025-10-23,9:31:11.589743085,T,KO,F,100,70.64
2025-10-23,9:31:11.589746123,T,KO,F,100,70.64
2025-10-23,9:31:11.589749055,T,KO,F,100,70.64
2025-10-23,9:31:11.589899515,T,KO,I,48,70.64
2025-10-23,9:31:11.590070773,T,KO,I,48,70.64
2025-10-23,9:31:11.626821337,T,KO,F I,4,70.64
2025-10-23,9:31:11.626821337,T,KO,F I,96,70.63
2025-10-23,9:31:11.626839410,T,KO,I,1,70.63
2025-10-23,9:31:12.762788860,T,KO,I,54,70.62
2025-10-23,9:31:14.278540117,T,KO,I,55,70.62
2025-10-23,9:31:14.279111684,T,KO,I,45,70.62
2025-10-23,9:31:14.279114360,T,KO,I,10,70.61
2025-10-23,9:31:14.279159554,T,KO,F I,33,70.62
2025-10-23,9:31:14.279205093,T,KO,F,200,70.63
2025-10-23,9:31:14.279222788,T,KO,I,1,70.63
2025-10-23,9:31:14.279225650,T,KO,F,198,70.63
2025-10-23,9:31:14.279610630,T,KO,F,100,70.63
2025-10-23,9:31:14.280446667,T,KO,,100,70.64
2025-10-23,9:31:14.818641391,T,KO,F I,33,70.65
2025-10-23,9:31:14.818644973,T,KO,F,100,70.65
2025-10-23,9:31:14.818647437,T,KO,F,100,70.64
2025-10-23,9:31:14.818647437,T,KO,F I,25,70.64
2025-10-23,9:31:14.819209776,T,KO,F I,48,70.65
2025-10-23,9:31:15.470540100,T,KO,,100,70.665
2025-10-23,9:31:15.471009272,T,KO,F I,47,70.67
2025-10-23,9:31:18.352042097,T,KO,F,200,70.65
2025-10-23,9:31:19.517354613,T,KO,F,100,70.64
2025-10-23,9:31:19.517354613,T,KO,F,100,70.64
2025-10-23,9:31:19.517356595,T,KO,F,100,70.63
2025-10-23,9:31:19.517359502,T,KO,F I,33,70.63
2025-10-23,9:31:19.517374547,T,KO,F I,67,70.63
2025-10-23,9:31:22.282599576,T,KO,F I,1,70.6
2025-10-23,9:31:22.282602169,T,KO,F I,2,70.6
2025-10-23,9:31:22.282604577,T,KO,F I,2,70.6
2025-10-23,9:31:23.168195789,T,KO,F I,1,70.59
2025-10-23,9:31:23.168214006,T,KO,I,1,70.59
2025-10-23,9:31:23.168237893,T,KO,F I,14,70.59
2025-10-23,9:31:23.993641101,T,KO,F,156,70.6
2025-10-23,9:31:23.993670900,T,KO,F,100,70.61
2025-10-23,9:31:23.993677059,T,KO,F,100,70.61
2025-10-23,9:31:23.993677059,T,KO,F,200,70.61
2025-10-23,9:31:23.994034857,T,KO,F,200,70.62
2025-10-23,9:31:23.994037864,T,KO,F,100,70.62
2025-10-23,9:31:23.994311480,T,KO,F,200,70.63
2025-10-23,9:31:23.995529439,T,KO,,100,70.635
2025-10-23,9:31:24.784753035,T,KO,F,100,70.65
2025-10-23,9:31:24.784756141,T,KO,F,100,70.65
2025-10-23,9:31:24.784771534,T,KO,I,1,70.65
2025-10-23,9:31:24.785128938,T,KO,F,134,70.65
2025-10-23,9:31:24.785156678,T,KO,F I,23,70.66
2025-10-23,9:31:28.238599207,T,KO,F,100,70.69
2025-10-23,9:31:28.242460481,T,KO,,142,70.71
2025-10-23,9:31:28.256840677,T,KO,I,17,70.7
2025-10-23,9:31:28.256861681,T,KO,F I,86,70.7
2025-10-23,9:31:28.256861681,T,KO,F,100,70.7
2025-10-23,9:31:33.251698141,T,KO,F,200,70.66
2025-10-23,9:31:38.407961856,T,KO,F,100,70.64
2025-10-23,9:31:38.408022057,T,KO,,100,70.65
2025-10-23,9:31:38.408043068,T,KO,I,1,70.65
2025-10-23,9:31:38.408064112,T,KO,I,1,70.65
2025-10-23,9:31:38.408190919,T,KO,F I,42,70.64
2025-10-23,9:31:38.411411071,T,KO,F,200,70.62
2025-10-23,9:31:38.411411071,T,KO,F I,58,70.62
2025-10-23,9:31:38.764470106,T,KO,F,100,70.6
2025-10-23,9:31:38.764620555,T,KO,F,100,70.59
2025-10-23,9:31:38.764626637,T,KO,F,200,70.59
2025-10-23,9:31:38.764629359,T,KO,F I,42,70.59
2025-10-23,9:31:38.908525137,T,KO,,100,70.59
2025-10-23,9:31:38.908558197,T,KO,,100,70.6
2025-10-23,9:31:38.908561726,T,KO,I,42,70.6
2025-10-23,9:31:38.908561726,T,KO,I,24,70.6
2025-10-23,9:31:38.908582230,T,KO,I,1,70.59
2025-10-23,9:31:38.908648437,T,KO,I,99,70.59
2025-10-23,9:31:41.135680566,T,KO,F,100,70.61
2025-10-23,9:31:46.901169220,T,KO,F,100,70.62
2025-10-23,9:31:46.901169220,T,KO,F,100,70.62
2025-10-23,9:31:46.901171443,T,KO,F,100,70.62
2025-10-23,9:32:00.228493337,T,KO,F,200,70.63
2025-10-23,9:32:00.228536198,T,KO,F,100,70.62
2025-10-23,9:32:00.228538528,T,KO,F,200,70.62
2025-10-23,9:32:00.228541444,T,KO,,100,70.64
2025-10-23,9:32:00.228565511,T,KO,I,1,70.63
2025-10-23,9:32:00.228764645,T,KO,I,99,70.63
2025-10-23,9:32:00.228768379,T,KO,,100,70.64
2025-10-23,9:32:00.228768379,T,KO,,100,70.64
2025-10-23,9:32:00.228788063,T,KO,,100,70.63
2025-10-23,9:32:00.228806290,T,KO,,100,70.65
2025-10-23,9:32:00.228809827,T,KO,,100,70.65
2025-10-23,9:32:00.228812116,T,KO,I,54,70.65
2025-10-23,9:32:00.228842213,T,KO,I,57,70.64
2025-10-23,9:32:00.228845423,T,KO,I,43,70.65
2025-10-23,9:32:00.228845423,T,KO,,100,70.65
2025-10-23,9:32:00.228848314,T,KO,I,57,70.65
2025-10-23,9:32:00.228851224,T,KO,I,8,70.65
2025-10-23,9:32:00.228851224,T,KO,I,35,70.65
2025-10-23,9:32:00.228899303,T,KO,F I,44,70.64
2025-10-23,9:32:00.228977591,T,KO,,100,70.64
2025-10-23,9:32:00.229059606,T,KO,,100,70.64
2025-10-23,9:32:00.229061804,T,KO,,100,70.64
2025-10-23,9:32:00.229281342,T,KO,F,200,70.63
2025-10-23,9:32:00.229329331,T,KO,F,100,70.63
2025-10-23,9:32:00.229336471,T,KO,F,100,70.63
2025-10-23,9:32:00.229336471,T,KO,F,100,70.63
2025-10-23,9:32:00.229336471,T,KO,F I,29,70.63
2025-10-23,9:32:00.229338480,T,KO,F,130,70.63
2025-10-23,9:32:00.229498928,T,KO,,100,70.64
2025-10-23,9:32:00.229500791,T,KO,,100,70.64
2025-10-23,9:32:00.229506781,T,KO,,100,70.64
2025-10-23,9:32:00.229506781,T,KO,,200,70.64
2025-10-23,9:32:00.229569907,T,KO,F,100,70.64
2025-10-23,9:32:00.229600143,T,KO,F,200,70.64
2025-10-23,9:32:00.229672486,T,KO,,100,70.64
2025-10-23,9:32:00.229672486,T,KO,,100,70.64
2025-10-23,9:32:00.229861756,T,KO,,100,70.64
2025-10-23,9:32:00.229963866,T,KO,,100,70.64
2025-10-23,9:32:00.229963866,T,KO,,200,70.64
2025-10-23,9:32:00.230084213,T,KO,,100,70.64
2025-10-23,9:32:00.230183489,T,KO,F I,29,70.64
2025-10-23,9:32:00.230186445,T,KO,F,100,70.64
2025-10-23,9:32:00.230186445,T,KO,F,100,70.64
2025-10-23,9:32:00.230208181,T,KO,F,100,70.64
2025-10-23,9:32:00.230210579,T,KO,F,100,70.64
2025-10-23,9:32:00.230253278,T,KO,,100,70.64
2025-10-23,9:32:00.230451099,T,KO,I,13,70.64
2025-10-23,9:32:00.230711103,T,KO,I,2,70.64
2025-10-23,9:32:00.230715632,T,KO,,100,70.64
2025-10-23,9:32:00.230715632,T,KO,,200,70.64
2025-10-23,9:32:00.231957687,T,KO,F I,29,70.64
2025-10-23,9:32:00.232267538,T,KO,F,100,70.64
2025-10-23,9:32:00.232267538,T,KO,F,200,70.64
2025-10-23,9:32:00.232706464,T,KO,F,200,70.64
2025-10-23,9:32:00.232761100,T,KO,,100,70.64
2025-10-23,9:32:00.232761100,T,KO,,100,70.64
2025-10-23,9:32:00.232767382,T,KO,,100,70.64
2025-10-23,9:32:00.238790526,T,KO,F,100,70.65
2025-10-23,9:32:00.238792964,T,KO,F I,40,70.65
2025-10-23,9:32:03.182158289,T,KO,I,7,70.68
2025-10-23,9:32:05.508892865,T,KO,F I,1,70.68
2025-10-23,9:32:05.508895838,T,KO,F I,60,70.68
2025-10-23,9:32:05.509286802,T,KO,,100,70.68
2025-10-23,9:32:05.509286802,T,KO,,100,70.68
2025-10-23,9:32:06.591859167,T,KO,F,100,70.67
2025-10-23,9:32:06.591862294,T,KO,F I,59,70.67
2025-10-23,9:32:07.032751211,T,KO,F I,40,70.65
2025-10-23,9:32:08.728550577,T,KO,F I,70,70.63
2025-10-23,9:32:08.728806537,T,KO,F,200,70.62
2025-10-23,9:32:09.555014581,T,KO,F,300,70.61
2025-10-23,9:32:29.495354596,T,KO,F I,30,70.6
2025-10-23,9:32:29.495357576,T,KO,F,100,70.6
2025-10-23,9:32:29.495610172,T,KO,F,100,70.6
2025-10-23,9:32:29.495739580,T,KO,F I,77,70.6
2025-10-23,9:32:29.495748689,T,KO,F I,23,70.6
2025-10-23,9:32:29.495748689,T,KO,F,100,70.6
2025-10-23,9:32:30.349217252,T,KO,,200,70.605
2025-10-23,9:32:30.537811448,T,KO,F,200,70.61
2025-10-23,9:32:30.624399622,T,KO,,100,70.61
2025-10-23,9:32:30.683144572,T,KO,,200,70.615
2025-10-23,9:32:32.068622432,T,KO,,100,70.615
2025-10-23,9:32:32.618746766,T,KO,F I,1,70.64
2025-10-23,9:32:37.871354002,T,KO,,200,70.615
2025-10-23,9:32:39.266749365,T,KO,F,200,70.62
2025-10-23,9:32:39.266812592,T,KO,F,100,70.62
2025-10-23,9:32:39.266815536,T,KO,F I,10,70.62
2025-10-23,9:32:39.530784688,T,KO,,100,70.64
2025-10-23,9:32:39.530787329,T,KO,I,60,70.64
2025-10-23,9:32:39.530802279,T,KO,I,1,70.64
2025-10-23,9:32:39.615848765,T,KO,I,50,70.635
2025-10-23,9:32:39.615850983,T,KO,I,2,70.635
2025-10-23,9:32:41.357668443,T,KO,F I,20,70.66
2025-10-23,9:32:42.877349897,T,KO,,100,70.66
2025-10-23,9:32:42.877352870,T,KO,,100,70.66
2025-10-23,9:32:44.082635771,T,KO,F I,7,70.68
2025-10-23,9:32:44.082635771,T,KO,F,200,70.68
2025-10-23,9:32:44.082638682,T,KO,F,100,70.68
2025-10-23,9:32:44.086707288,T,KO,,100,70.7
2025-10-23,9:32:44.086974946,T,KO,I,6,70.7
2025-10-23,9:32:50.730088077,T,KO,I,77,70.71
2025-10-23,9:32:50.730181125,T,KO,F I,58,70.7
2025-10-23,9:32:50.730184444,T,KO,F,100,70.7
2025-10-23,9:32:50.730394612,T,KO,,200,70.71
2025-10-23,9:32:50.730398499,T,KO,I,51,70.71
2025-10-23,9:32:50.730401792,T,KO,I,58,70.71
2025-10-23,9:32:50.730419478,T,KO,I,1,70.71
2025-10-23,9:32:50.730836888,T,KO,I,4,70.71
2025-10-23,9:32:50.730876433,T,KO,F,100,70.71
2025-10-23,9:32:50.731880409,T,KO,F,100,70.7
2025-10-23,9:32:50.731880409,T,KO,F I,58,70.7
2025-10-23,9:32:51.110881903,T,KO,I,40,70.695
2025-10-23,9:32:55.086744191,T,KO,I,78,70.695
2025-10-23,9:32:55.086771854,T,KO,F,256,70.69
2025-10-23,9:33:00.464783232,T,KO,I,9,70.68
2025-10-23,9:33:00.464804210,T,KO,F I,2,70.68
2025-10-23,9:33:00.464807792,T,KO,F,109,70.68
2025-10-23,9:33:00.464810706,T,KO,F I,72,70.68
2025-10-23,9:33:00.464810706,T,KO,F I,1,70.68
2025-10-23,9:33:00.464813741,T,KO,F I,1,70.68
2025-10-23,9:33:00.464870483,T,KO,F I,72,70.68
2025-10-23,9:33:00.464876360,T,KO,F I,1,70.68
2025-10-23,9:33:00.464876360,T,KO,F I,1,70.68
2025-10-23,9:33:00.817508317,T,KO,F I,64,70.69
2025-10-23,9:33:00.817532412,T,KO,F I,36,70.69
2025-10-23,9:33:00.817535317,T,KO,F I,10,70.69
2025-10-23,9:33:00.836281981,T,KO,I,50,70.69
2025-10-23,9:33:04.009896593,T,KO,,200,70.675
2025-10-23,9:33:05.611366865,T,KO,F,100,70.66
2025-10-23,9:33:05.611366865,T,KO,F,200,70.66
2025-10-23,9:33:08.234568778,T,KO,I,12,70.68
2025-10-23,9:33:18.045832236,T,KO,,100,70.655
2025-10-23,9:33:18.652220510,T,KO,F,200,70.655
2025-10-23,9:33:20.212246573,T,KO,F I,47,70.64
2025-10-23,9:33:20.212246573,T,KO,F,100,70.64
2025-10-23,9:33:20.212249132,T,KO,F I,50,70.64
2025-10-23,9:33:20.212712074,T,KO,,100,70.65
2025-10-23,9:33:20.212715102,T,KO,,200,70.65
2025-10-23,9:33:21.823303137,T,KO,F I,70,70.64
2025-10-23,9:33:23.208426130,T,KO,F I,30,70.63
2025-10-23,9:33:24.939438846,T,KO,,100,70.635
2025-10-23,9:33:27.182105356,T,KO,I,1,70.635
2025-10-23,9:33:28.125894131,T,KO,F I,26,70.62
2025-10-23,9:33:28.125894131,T,KO,F I,13,70.62
2025-10-23,9:33:28.828334317,T,KO,F,200,70.6
2025-10-23,9:33:28.828337168,T,KO,F I,42,70.6
2025-10-23,9:33:28.828869957,T,KO,,100,70.61
2025-10-23,9:33:28.828873229,T,KO,,100,70.61
2025-10-23,9:33:28.828873229,T,KO,,200,70.61
2025-10-23,9:33:29.857887471,T,KO,F,100,70.61
2025-10-23,9:33:29.857890487,T,KO,F I,1,70.61
2025-10-23,9:33:29.857893431,T,KO,F,181,70.61
2025-10-23,9:33:29.857893431,T,KO,F I,67,70.61
2025-10-23,9:33:33.192276931,T,KO,F I,52,70.62
2025-10-23,9:33:33.736498179,T,KO,,100,70.655
2025-10-23,9:33:34.480443079,T,KO,F,100,70.675
2025-10-23,9:33:34.768616503,T,KO,I,27,70.67
2025-10-23,9:33:36.221208055,T,KO,I,4,70.66
2025-10-23,9:33:36.561203928,T,KO,,100,70.665
2025-10-23,9:33:37.381317182,T,KO,F I,2,70.65
2025-10-23,9:33:37.381362270,T,KO,,100,70.65
2025-10-23,9:33:37.381383307,T,KO,F,200,70.65
2025-10-23,9:33:40.044920152,T,KO,I,65,70.68
2025-10-23,9:33:40.661289227,T,KO,F,200,70.67
2025-10-23,9:33:43.805929927,T,KO,I,9,70.67
2025-10-23,9:33:43.806543359,T,KO,F I,58,70.66
2025-10-23,9:33:43.830591742,T,KO,F,100,70.65
2025-10-23,9:33:48.567263164,T,KO,F I,1,70.66
2025-10-23,9:33:48.567290248,T,KO,I,90,70.66
2025-10-23,9:33:48.567293463,T,KO,I,58,70.66
2025-10-23,9:33:51.910009738,T,KO,,200,70.68
2025-10-23,9:33:51.910052933,T,KO,F,100,70.68
2025-10-23,9:33:51.910055059,T,KO,F I,54,70.67
2025-10-23,9:33:51.910057763,T,KO,F I,15,70.67
2025-10-23,9:33:52.079294945,T,KO,I,50,70.68
2025-10-23,9:33:52.079556571,T,KO,I,50,70.68
2025-10-23,9:33:52.079556571,T,KO,I,70,70.68
2025-10-23,9:33:52.079559749,T,KO,I,16,70.68
2025-10-23,9:33:52.079562548,T,KO,I,67,70.68
2025-10-23,9:33:52.080738420,T,KO,F,100,70.68
2025-10-23,9:33:52.088921156,T,KO,F,100,70.67
2025-10-23,9:33:52.088924056,T,KO,F,129,70.67
2025-10-23,9:33:52.088924056,T,KO,F I,71,70.67
2025-10-23,9:33:52.295245169,T,KO,F I,63,70.66
2025-10-23,9:33:52.996912548,T,KO,I,1,70.66
2025-10-23,9:33:52.996915341,T,KO,,100,70.66
2025-10-23,9:33:52.996921464,T,KO,,100,70.66
2025-10-23,9:33:52.996921464,T,KO,I,2,70.66
2025-10-23,9:33:52.996924455,T,KO,,200,70.66
2025-10-23,9:33:52.997565036,T,KO,F I,1,70.66
2025-10-23,9:33:52.997946844,T,KO,F,100,70.65
2025-10-23,9:33:52.997946844,T,KO,F,100,70.65
2025-10-23,9:33:52.997949910,T,KO,F,100,70.65
2025-10-23,9:33:52.997952961,T,KO,F,200,70.65
2025-10-23,9:33:53.084258409,T,KO,,100,70.65
2025-10-23,9:33:53.084261532,T,KO,I,15,70.65
2025-10-23,9:33:53.084264643,T,KO,,100,70.65
2025-10-23,9:33:53.084264643,T,KO,I,42,70.65
2025-10-23,9:33:53.084276458,T,KO,I,1,70.65
2025-10-23,9:33:53.084282775,T,KO,I,57,70.65
2025-10-23,9:33:57.561237318,T,KO,I,69,70.65
2025-10-23,9:34:03.254953646,T,KO,F I,31,70.66
2025-10-23,9:34:03.254957800,T,KO,F,200,70.66
2025-10-23,9:34:03.254962169,T,KO,F I,1,70.66
2025-10-23,9:34:03.254962169,T,KO,F I,1,70.66
2025-10-23,9:34:03.254962169,T,KO,F I,53,70.66
2025-10-23,9:34:05.636346138,T,KO,,200,70.68
2025-10-23,9:34:05.636346138,T,KO,,100,70.68
2025-10-23,9:34:05.636348986,T,KO,,100,70.68
2025-10-23,9:34:05.636367027,T,KO,I,1,70.68
2025-10-23,9:34:05.636415229,T,KO,I,62,70.67
2025-10-23,9:34:05.636430464,T,KO,I,99,70.68
2025-10-23,9:34:05.636430464,T,KO,,100,70.68
2025-10-23,9:34:05.636508393,T,KO,,100,70.68
2025-10-23,9:34:05.636508393,T,KO,I,62,70.68
2025-10-23,9:34:05.636616943,T,KO,,100,70.68
2025-10-23,9:34:05.636616943,T,KO,,100,70.68
2025-10-23,9:34:05.636643706,T,KO,F,100,70.68
2025-10-23,9:34:05.636664800,T,KO,F I,67,70.675
2025-10-23,9:34:05.636667756,T,KO,F I,38,70.67
2025-10-23,9:34:05.636676779,T,KO,F,100,70.67
2025-10-23,9:34:05.636676779,T,KO,F,100,70.67
2025-10-23,9:34:05.636679763,T,KO,F,200,70.67
2025-10-23,9:34:05.636679763,T,KO,F I,33,70.67
2025-10-23,9:34:05.636686140,T,KO,I,1,70.67
2025-10-23,9:34:05.636748892,T,KO,I,62,70.68
2025-10-23,9:34:05.636782039,T,KO,I,64,70.68
2025-10-23,9:34:05.636782039,T,KO,I,38,70.68
2025-10-23,9:34:05.636782039,T,KO,I,24,70.68
2025-10-23,9:34:05.636836109,T,KO,I,76,70.68
2025-10-23,9:34:05.636836109,T,KO,,200,70.68
2025-10-23,9:34:05.636842445,T,KO,I,34,70.68
2025-10-23,9:34:05.636842445,T,KO,I,68,70.68
2025-10-23,9:34:05.636899246,T,KO,I,32,70.68
2025-10-23,9:34:05.637031542,T,KO,F,200,70.67
2025-10-23,9:34:05.637031542,T,KO,F,100,70.67
2025-10-23,9:34:05.637209800,T,KO,,200,70.68
2025-10-23,9:34:05.637209800,T,KO,,100,70.68
2025-10-23,9:34:05.637212007,T,KO,,100,70.68
2025-10-23,9:34:05.637314349,T,KO,,200,70.68
2025-10-23,9:34:05.637512909,T,KO,F,100,70.68
2025-10-23,9:34:05.637924752,T,KO,F,200,70.67
2025-10-23,9:34:05.637924752,T,KO,F,100,70.67
2025-10-23,9:34:06.128188425,T,KO,I,13,70.66
2025-10-23,9:34:06.898175307,T,KO,I,36,70.66
2025-10-23,9:34:06.898175307,T,KO,I,68,70.66
2025-10-23,9:34:13.414328967,T,KO,I,27,70.66
2025-10-23,9:34:13.414347143,T,KO,I,1,70.66
2025-10-23,9:34:13.918891967,T,KO,F I,62,70.65
2025-10-23,9:34:13.918894804,T,KO,F,100,70.65
2025-10-23,9:34:13.918897738,T,KO,F I,91,70.65
2025-10-23,9:34:13.918909787,T,KO,F,109,70.65
2025-10-23,9:34:13.918960855,T,KO,I,62,70.66
2025-10-23,9:34:13.919099185,T,KO,F,100,70.65
2025-10-23,9:34:14.536165899,T,KO,I,4,70.64
2025-10-23,9:34:15.354565564,T,KO,I,1,70.65
2025-10-23,9:34:15.354568173,T,KO,,100,70.65
2025-10-23,9:34:15.354568173,T,KO,I,4,70.65
2025-10-23,9:34:15.354571188,T,KO,,200,70.65
2025-10-23,9:34:15.532481060,T,KO,F I,1,70.65
2025-10-23,9:34:15.532483851,T,KO,F I,8,70.65
2025-10-23,9:34:15.532487026,T,KO,F,100,70.65
2025-10-23,9:34:15.532504914,T,KO,F,191,70.65
2025-10-23,9:34:15.532509070,T,KO,I,1,70.65
2025-10-23,9:34:15.532509070,T,KO,F I,8,70.65
2025-10-23,9:34:17.565731769,T,KO,F,100,70.62
2025-10-23,9:34:17.565731769,T,KO,F,200,70.62
2025-10-23,9:34:17.565734703,T,KO,F I,37,70.62
2025-10-23,9:34:17.565737600,T,KO,F I,30,70.62
2025-10-23,9:34:26.727370104,T,KO,F,100,70.59
2025-10-23,9:34:26.727373193,T,KO,F,200,70.59
2025-10-23,9:34:28.532112478,T,KO,F,100,70.59
2025-10-23,9:34:28.749295812,T,KO,I,70,70.61
2025-10-23,9:34:28.749367928,T,KO,F,100,70.6
2025-10-23,9:34:28.749367928,T,KO,F I,57,70.6
2025-10-23,9:34:28.749371334,T,KO,F I,68,70.6
2025-10-23,9:34:28.749371334,T,KO,F I,62,70.6
2025-10-23,9:34:28.841429263,T,KO,F I,75,70.58
2025-10-23,9:34:28.841450294,T,KO,I,1,70.58
2025-10-23,9:34:29.428057412,T,KO,,100,70.59
2025-10-23,9:34:29.428075401,T,KO,I,1,70.59
2025-10-23,9:34:29.428090560,T,KO,I,99,70.59
2025-10-23,9:34:29.428090560,T,KO,I,12,70.59
2025-10-23,9:34:29.428093614,T,KO,I,21,70.59
2025-10-23,9:34:29.428096478,T,KO,I,7,70.59
2025-10-23,9:34:29.428099479,T,KO,I,57,70.59
2025-10-23,9:34:29.428189758,T,KO,F,100,70.59
2025-10-23,9:34:29.428192704,T,KO,F,100,70.59
2025-10-23,9:34:29.916468640,T,KO,F I,10,70.57
2025-10-23,9:34:29.916468640,T,KO,F,100,70.57
2025-10-23,9:34:29.925688676,T,KO,I,4,70.58
2025-10-23,9:34:29.925713696,T,KO,F I,96,70.58
2025-10-23,9:34:29.925713696,T,KO,F,100,70.58
2025-10-23,9:34:29.925715963,T,KO,F,100,70.58
2025-10-23,9:34:30.281862906,T,KO,I,85,70.58
2025-10-23,9:34:30.281883996,T,KO,F I,2,70.58
2025-10-23,9:34:30.281887079,T,KO,I,1,70.58
2025-10-23,9:34:30.281905077,T,KO,F I,68,70.58
2025-10-23,9:34:30.564458043,T,KO,I,14,70.575
2025-10-23,9:34:37.037705751,T,KO,F I,29,70.57
2025-10-23,9:34:37.037709016,T,KO,F,100,70.57
2025-10-23,9:34:37.037709016,T,KO,F I,71,70.57
2025-10-23,9:34:37.038156822,T,KO,F I,27,70.57
2025-10-23,9:34:39.136509365,T,KO,F,500,70.56
2025-10-23,9:34:39.136512947,T,KO,F I,2,70.56
2025-10-23,9:34:39.136512947,T,KO,F I,1,70.56
2025-10-23,9:34:39.136515396,T,KO,F,200,70.56
2025-10-23,9:34:39.136987662,T,KO,F,100,70.55
2025-10-23,9:34:39.136987662,T,KO,F,200,70.55
2025-10-23,9:34:39.136990605,T,KO,F I,1,70.55
2025-10-23,9:34:39.137336352,T,KO,F I,15,70.55
2025-10-23,9:34:39.137405471,T,KO,F,100,70.55
2025-10-23,9:34:39.579735073,T,KO,I,30,70.54
2025-10-23,9:34:39.580544059,T,KO,F,100,70.54
2025-10-23,9:34:39.580546991,T,KO,F,100,70.54
2025-10-23,9:34:42.515245660,T,KO,F,300,70.55
2025-10-23,9:34:42.515287770,T,KO,,100,70.56
2025-10-23,9:34:42.515287770,T,KO,,200,70.56
2025-10-23,9:34:48.543740386,T,KO,F I,13,70.56
2025-10-23,9:34:48.543742778,T,KO,F I,41,70.56
2025-10-23,9:34:49.358434213,T,KO,F I,3,70.57
2025-10-23,9:34:49.682383684,T,KO,I,11,70.57
2025-10-23,9:34:50.454346314,T,KO,F I,86,70.57
2025-10-23,9:34:56.150203074,T,KO,F I,45,70.57
2025-10-23,9:34:58.937075503,T,KO,,100,70.56
2025-10-23,9:34:58.937096786,T,KO,I,1,70.56
2025-10-23,9:34:58.937102616,T,KO,F I,99,70.56
2025-10-23,9:34:58.937367228,T,KO,,100,70.56
2025-10-23,9:34:58.937385216,T,KO,I,62,70.57
2025-10-23,9:34:59.982692851,T,KO,I,41,70.57
2025-10-23,9:35:01.747797921,T,KO,I,20,70.555
2025-10-23,9:35:01.921948630,T,KO,I,41,70.55
2025-10-23,9:35:02.968786970,T,KO,I,17,70.54
2025-10-23,9:35:03.283950304,T,KO,I,1,70.54
2025-10-23,9:35:03.283950304,T,KO,,100,70.54
2025-10-23,9:35:03.283952560,T,KO,I,1,70.54
2025-10-23,9:35:03.283956247,T,KO,,100,70.54
2025-10-23,9:35:03.284271285,T,KO,,100,70.54
2025-10-23,9:35:03.285710086,T,KO,F I,1,70.54
2025-10-23,9:35:03.483119859,T,KO,I,2,70.54
2025-10-23,9:35:03.483456775,T,KO,I,98,70.54
2025-10-23,9:35:03.483474791,T,KO,I,1,70.54
2025-10-23,9:35:03.494002829,T,KO,F I,99,70.54
2025-10-23,9:35:04.001320147,T,KO,F,100,70.54
2025-10-23,9:35:04.001323172,T,KO,F,100,70.54
2025-10-23,9:35:06.521030441,T,KO,F I,41,70.53
2025-10-23,9:35:07.114084925,T,KO,F,100,70.53
2025-10-23,9:35:07.114109006,T,KO,F,100,70.53
2025-10-23,9:35:07.114118198,T,KO,F I,10,70.53
2025-10-23,9:35:07.114184059,T,KO,F,100,70.53
2025-10-23,9:35:07.114253204,T,KO,F,100,70.53
2025-10-23,9:35:07.114274283,T,KO,I,1,70.53
2025-10-23,9:35:07.114430698,T,KO,F,100,70.53
2025-10-23,9:35:07.114442721,T,KO,F I,1,70.53
2025-10-23,9:35:07.114466768,T,KO,,100,70.53
2025-10-23,9:35:07.114466768,T,KO,,100,70.53
2025-10-23,9:35:07.581530463,T,KO,F I,1,70.53
2025-10-23,9:35:07.581530463,T,KO,F I,5,70.53
2025-10-23,9:35:08.201417601,T,KO,F,200,70.54
2025-10-23,9:35:09.087246448,T,KO,F I,10,70.55
2025-10-23,9:35:09.264780269,T,KO,,110,70.54
2025-10-23,9:35:12.626345517,T,KO,F I,57,70.53
2025-10-23,9:35:12.626372623,T,KO,F,210,70.53
2025-10-23,9:35:15.578491874,T,KO,,100,70.53
2025-10-23,9:35:15.831054330,T,KO,F,110,70.53
2025-10-23,9:35:15.958194177,T,KO,I,58,70.54
2025-10-23,9:35:15.958215407,T,KO,F,142,70.54
2025-10-23,9:35:15.958218246,T,KO,F I,10,70.54
2025-10-23,9:35:20.881842113,T,KO,I,28,70.55
2025-10-23,9:35:20.882200153,T,KO,I,82,70.55
2025-10-23,9:35:20.882202971,T,KO,I,3,70.55
2025-10-23,9:35:20.882206041,T,KO,,100,70.55
2025-10-23,9:35:20.882473593,T,KO,F I,27,70.55
2025-10-23,9:35:23.049347614,T,KO,,100,70.58
2025-10-23,9:35:23.071026264,T,KO,I,6,70.58
2025-10-23,9:35:24.917078056,T,KO,F I,27,70.57
2025-10-23,9:35:24.917081117,T,KO,F I,15,70.57
2025-10-23,9:35:24.917096184,T,KO,F I,39,70.57
2025-10-23,9:35:31.145106478,T,KO,F,100,70.57
2025-10-23,9:35:31.145109507,T,KO,F,100,70.57
2025-10-23,9:35:37.004727643,T,KO,I,15,70.565
2025-10-23,9:35:39.814998926,T,KO,F I,27,70.57
2025-10-23,9:35:43.392581592,T,KO,,100,70.58
2025-10-23,9:35:43.392583777,T,KO,,200,70.58
2025-10-23,9:35:52.945189350,T,KO,I,20,70.63
2025-10-23,9:35:52.945216427,T,KO,I,80,70.63
2025-10-23,9:35:56.455362564,T,KO,I,5,70.63
2025-10-23,9:35:58.506343540,T,KO,F,100,70.62
2025-10-23,9:35:58.507080320,T,KO,F I,17,70.61
2025-10-23,9:35:58.507486283,T,KO,,100,70.61
2025-10-23,9:35:58.507625532,T,KO,,100,70.61
2025-10-23,9:35:58.507627489,T,KO,,100,70.61
2025-10-23,9:35:58.507645848,T,KO,F I,10,70.61
2025-10-23,9:35:58.507645848,T,KO,F I,22,70.61
2025-10-23,9:35:58.507649579,T,KO,F I,9,70.61
2025-10-23,9:35:58.507652219,T,KO,F I,20,70.61
2025-10-23,9:35:58.507760840,T,KO,,100,70.61
2025-10-23,9:35:58.507760840,T,KO,,200,70.61
2025-10-23,9:35:58.507943250,T,KO,I,3,70.61
2025-10-23,9:35:58.508042591,T,KO,,200,70.61
2025-10-23,9:35:58.508045552,T,KO,,100,70.61
2025-10-23,9:35:58.510327915,T,KO,F I,1,70.61
2025-10-23,9:36:02.428945919,T,KO,F,100,70.56
2025-10-23,9:36:03.787284360,T,KO,I,1,70.57
2025-10-23,9:36:03.787287353,T,KO,I,9,70.57
2025-10-23,9:36:03.787318261,T,KO,I,88,70.57
2025-10-23,9:36:03.787320308,T,KO,I,3,70.57
2025-10-23,9:36:03.787323399,T,KO,I,10,70.57
2025-10-23,9:36:03.812607614,T,KO,I,2,70.57
2025-10-23,9:36:07.244979305,T,KO,F,300,70.57
2025-10-23,9:36:17.213803151,T,KO,I,4,70.56
2025-10-23,9:36:17.297378097,T,KO,,100,70.57
2025-10-23,9:36:17.471041737,T,KO,I,10,70.575
2025-10-23,9:36:19.837028945,T,KO,I,9,70.56
2025-10-23,9:36:19.897358719,T,KO,F,200,70.57
2025-10-23,9:36:24.766700199,T,KO,,210,70.565
2025-10-23,9:36:26.472076849,T,KO,,100,70.585
2025-10-23,9:36:28.506136514,T,KO,I,6,70.585
2025-10-23,9:36:34.901693956,T,KO,I,15,70.6
2025-10-23,9:36:34.979567798,T,KO,F,200,70.6
2025-10-23,9:36:34.979570448,T,KO,F,110,70.605
2025-10-23,9:36:34.979574985,T,KO,F,200,70.61
2025-10-23,9:36:34.979576510,T,KO,F I,90,70.61
2025-10-23,9:36:34.979579487,T,KO,I,10,70.61
2025-10-23,9:36:34.979859187,T,KO,I,18,70.61
2025-10-23,9:36:34.979946341,T,KO,F I,3,70.61
2025-10-23,9:36:34.979985499,T,KO,I,97,70.61
2025-10-23,9:36:34.980009518,T,KO,F,100,70.61
2025-10-23,9:36:34.980042638,T,KO,F,100,70.61
2025-10-23,9:36:34.980337902,T,KO,,100,70.61
2025-10-23,9:36:34.980340490,T,KO,,100,70.61
2025-10-23,9:36:34.980499653,T,KO,,100,70.61
2025-10-23,9:36:34.980568844,T,KO,,100,70.61
2025-10-23,9:36:35.066483503,T,KO,,100,70.62
2025-10-23,9:36:35.235585210,T,KO,,100,70.62
2025-10-23,9:36:38.247934737,T,KO,I,48,70.6
2025-10-23,9:36:41.365339787,T,KO,F,110,70.6
2025-10-23,9:36:41.365817682,T,KO,I,16,70.61
2025-10-23,9:36:44.551725692,T,KO,I,2,70.6
2025-10-23,9:36:56.008764218,T,KO,I,48,70.57
2025-10-23,9:36:56.008767141,T,KO,,110,70.57
2025-10-23,9:36:56.017749511,T,KO,F,220,70.57
2025-10-23,9:36:56.017770655,T,KO,F,432,70.57
2025-10-23,9:36:59.722654662,T,KO,,100,70.56
2025-10-23,9:36:59.722714740,T,KO,I,1,70.56
2025-10-23,9:37:01.394600811,T,KO,F I,2,70.56
2025-10-23,9:37:01.395112000,T,KO,F,100,70.56
2025-10-23,9:37:01.411242304,T,KO,F,100,70.57
2025-10-23,9:37:01.411242304,T,KO,F,200,70.57
2025-10-23,9:37:01.411245364,T,KO,F,100,70.57
2025-10-23,9:37:01.466388379,T,KO,F,110,70.58
2025-10-23,9:37:01.476464692,T,KO,,100,70.585
2025-10-23,9:37:02.512143404,T,KO,,220,70.585
2025-10-23,9:37:02.514913039,T,KO,,100,70.59
2025-10-23,9:37:02.957236432,T,KO,,220,70.595
2025-10-23,9:37:03.099872148,T,KO,,100,70.595
2025-10-23,9:37:03.880531580,T,KO,,100,70.59
2025-10-23,9:37:04.039129201,T,KO,F,110,70.59
2025-10-23,9:37:06.153302622,T,KO,,110,70.59
2025-10-23,9:37:07.426381657,T,KO,,100,70.59
2025-10-23,9:37:08.013954227,T,KO,F,100,70.61
2025-10-23,9:37:11.474659492,T,KO,,100,70.635
2025-10-23,9:37:15.363094675,T,KO,I,39,70.62
2025-10-23,9:37:15.363109789,T,KO,F I,61,70.62
2025-10-23,9:37:15.363145898,T,KO,I,78,70.63
2025-10-23,9:37:16.532480847,T,KO,,100,70.625
2025-10-23,9:37:18.656496661,T,KO,,100,70.63
2025-10-23,9:37:20.056417899,T,KO,I,40,70.62
2025-10-23,9:37:20.056436798,T,KO,I,38,70.62
2025-10-23,9:37:20.874462317,T,KO,,100,70.62
2025-10-23,9:37:23.607828398,T,KO,I,64,70.64
2025-10-23,9:37:23.607852453,T,KO,F I,2,70.64
2025-10-23,9:37:23.779955432,T,KO,,100,70.65
2025-10-23,9:37:26.329622949,T,KO,I,3,70.64
2025-10-23,9:37:30.240714046,T,KO,F,100,70.64
2025-10-23,9:37:30.240795492,T,KO,,100,70.63
2025-10-23,9:37:31.539297061,T,KO,F I,1,70.63
2025-10-23,9:37:31.539297061,T,KO,F,100,70.63
2025-10-23,9:37:31.740085148,T,KO,I,1,70.63
2025-10-23,9:37:33.202119331,T,KO,F,100,70.63
2025-10-23,9:37:33.202134482,T,KO,I,1,70.63
2025-10-23,9:37:33.202143416,T,KO,F I,99,70.63
2025-10-23,9:37:33.202143416,T,KO,F,400,70.63
2025-10-23,9:37:40.865719747,T,KO,,110,70.625
2025-10-23,9:37:47.488416308,T,KO,,100,70.625
2025-10-23,9:37:55.522101277,T,KO,I,1,70.655
2025-10-23,9:38:00.392389866,T,KO,F I,1,70.64
2025-10-23,9:38:02.166729966,T,KO,F I,1,70.64
2025-10-23,9:38:02.166732958,T,KO,F I,25,70.64
2025-10-23,9:38:02.166736447,T,KO,F I,2,70.64
2025-10-23,9:38:04.015710838,T,KO,F,100,70.65
2025-10-23,9:38:04.015713742,T,KO,F I,22,70.65
2025-10-23,9:38:04.015732457,T,KO,F I,28,70.65
2025-10-23,9:38:04.015732457,T,KO,F I,1,70.65
2025-10-23,9:38:08.089080863,T,KO,F I,1,70.66
2025-10-23,9:38:08.089083945,T,KO,F I,4,70.66
2025-10-23,9:38:16.374034967,T,KO,,100,70.68
2025-10-23,9:38:16.374034967,T,KO,,100,70.68
2025-10-23,9:38:16.438629328,T,KO,,100,70.68
2025-10-23,9:38:16.438631692,T,KO,I,3,70.68
2025-10-23,9:38:21.201387276,T,KO,F,100,70.67
2025-10-23,9:38:21.362710116,T,KO,F I,4,70.66
2025-10-23,9:38:21.369472704,T,KO,I,7,70.66
2025-10-23,9:38:21.369475636,T,KO,I,23,70.66
2025-10-23,9:38:22.209625843,T,KO,F,100,70.66
2025-10-23,9:38:22.209640674,T,KO,I,1,70.66
2025-10-23,9:38:22.209646768,T,KO,F I,99,70.66
2025-10-23,9:38:40.806437476,T,KO,I,12,70.67
2025-10-23,9:38:40.806500515,T,KO,I,6,70.67
2025-10-23,9:38:44.381183466,T,KO,F I,53,70.665
2025-10-23,9:38:44.381207535,T,KO,F I,53,70.665
2025-10-23,9:38:44.381210493,T,KO,F I,53,70.665
2025-10-23,9:38:44.381213522,T,KO,F I,53,70.665
2025-10-23,9:38:44.381216598,T,KO,F I,49,70.665
2025-10-23,9:38:44.381222551,T,KO,F I,39,70.665
2025-10-23,9:38:44.381222551,T,KO,F I,14,70.66
2025-10-23,9:38:44.381225582,T,KO,F I,39,70.66
2025-10-23,9:38:52.857907605,T,KO,,110,70.635
2025-10-23,9:39:02.881654259,T,KO,I,2,70.65
2025-10-23,9:39:06.088209628,T,KO,I,16,70.7
2025-10-23,9:39:06.088212562,T,KO,I,15,70.7
2025-10-23,9:39:06.088281613,T,KO,F I,5,70.7
2025-10-23,9:39:06.088669710,T,KO,F,200,70.71
2025-10-23,9:39:06.088669710,T,KO,F,100,70.71
2025-10-23,9:39:06.088687812,T,KO,F,100,70.71
2025-10-23,9:39:06.089172163,T,KO,F,100,70.72
2025-10-23,9:39:06.089174749,T,KO,F,100,70.72
2025-10-23,9:39:06.153320645,T,KO,I,2,70.71
2025-10-23,9:39:06.177771779,T,KO,F,100,70.72
2025-10-23,9:39:07.394430940,T,KO,I,41,70.72
2025-10-23,9:39:07.394451911,T,KO,F,142,70.72
2025-10-23,9:39:07.394454558,T,KO,F I,6,70.72
2025-10-23,9:39:07.413971148,T,KO,I,50,70.72
2025-10-23,9:39:15.836915324,T,KO,F I,20,70.72
2025-10-23,9:39:15.851457950,T,KO,I,5,70.72
2025-10-23,9:39:15.851460956,T,KO,,100,70.72
2025-10-23,9:39:18.228493452,T,KO,,110,70.705
2025-10-23,9:39:19.352399287,T,KO,,100,70.695
2025-10-23,9:39:24.782748002,T,KO,I,12,70.7
2025-10-23,9:39:25.012588358,T,KO,F,100,70.7
2025-10-23,9:39:25.012606404,T,KO,I,1,70.7
2025-10-23,9:39:25.012627418,T,KO,,208,70.695
2025-10-23,9:39:25.012627418,T,KO,I,92,70.69
2025-10-23,9:39:25.012633939,T,KO,I,99,70.7
2025-10-23,9:39:25.012636429,T,KO,,200,70.7
2025-10-23,9:39:25.012645611,T,KO,I,1,70.7
2025-10-23,9:39:25.012651440,T,KO,I,1,70.69
2025-10-23,9:39:25.251287873,T,KO,F,100,70.69
2025-10-23,9:39:25.795650478,T,KO,I,20,70.685
2025-10-23,9:39:29.453941459,T,KO,F I,5,70.68
2025-10-23,9:39:29.453956599,T,KO,F,100,70.68
2025-10-23,9:39:36.268102409,T,KO,F,100,70.68
2025-10-23,9:39:36.268102409,T,KO,F,100,70.68
2025-10-23,9:39:36.268105331,T,KO,F I,1,70.68
2025-10-23,9:39:36.268159131,T,KO,F I,1,70.68
2025-10-23,9:39:39.431320993,T,KO,F I,51,70.68
2025-10-23,9:39:41.019637813,T,KO,I,5,70.66
2025-10-23,9:39:41.019644128,T,KO,,200,70.66
2025-10-23,9:39:41.019644128,T,KO,I,14,70.66
2025-10-23,9:39:41.019646840,T,KO,,100,70.66
2025-10-23,9:39:43.381634403,T,KO,F I,1,70.66
2025-10-23,9:39:43.381637457,T,KO,F,100,70.66
2025-10-23,9:39:52.699561172,T,KO,I,5,70.7
2025-10-23,9:39:52.700559653,T,KO,,110,70.7
2025-10-23,9:39:58.910914962,T,KO,F I,37,70.7
2025-10-23,9:39:58.910917992,T,KO,F,200,70.7
2025-10-23,9:39:58.910933940,T,KO,I,1,70.7
2025-10-23,9:39:58.910937028,T,KO,I,99,70.7
2025-10-23,9:39:58.910957131,T,KO,F I,1,70.7
2025-10-23,9:39:58.915786557,T,KO,I,50,70.71
2025-10-23,9:39:58.928022723,T,KO,F I,15,70.71
2025-10-23,9:40:00.435904201,T,KO,I,98,70.72
2025-10-23,9:40:01.465312950,T,KO,,123,70.73
2025-10-23,9:40:01.465330968,T,KO,I,77,70.73
2025-10-23,9:40:01.465334286,T,KO,I,46,70.73
2025-10-23,9:40:01.465357959,T,KO,F I,35,70.73
2025-10-23,9:40:01.476118141,T,KO,I,59,70.73
2025-10-23,9:40:01.476120646,T,KO,I,51,70.73
2025-10-23,9:40:01.476141670,T,KO,F I,49,70.73
2025-10-23,9:40:01.476141670,T,KO,F,301,70.73
2025-10-23,9:40:01.476172488,T,KO,F,100,70.72
2025-10-23,9:40:01.476174788,T,KO,F,200,70.72
2025-10-23,9:40:01.476198780,T,KO,I,56,70.72
2025-10-23,9:40:01.476202454,T,KO,I,1,70.72
2025-10-23,9:40:01.476204839,T,KO,F I,10,70.72
2025-10-23,9:40:01.476225853,T,KO,F I,29,70.72
2025-10-23,9:40:09.899735348,T,KO,I,53,70.71
2025-10-23,9:40:09.899756268,T,KO,F I,6,70.71
2025-10-23,9:40:09.913267556,T,KO,F I,50,70.71
2025-10-23,9:40:10.312032220,T,KO,F I,2,70.72
2025-10-23,9:40:15.414380679,T,KO,F I,29,70.71
2025-10-23,9:40:15.414398668,T,KO,I,71,70.71
2025-10-23,9:40:16.953984784,T,KO,I,39,70.7
2025-10-23,9:40:16.954468865,T,KO,,100,70.69
2025-10-23,9:40:16.954911030,T,KO,,200,70.68
2025-10-23,9:40:16.954911030,T,KO,,100,70.68
2025-10-23,9:40:16.955092035,T,KO,,100,70.68
2025-10-23,9:40:16.955118420,T,KO,F,211,70.68
2025-10-23,9:40:16.955145514,T,KO,F I,57,70.69
2025-10-23,9:40:16.955151505,T,KO,F,100,70.69
2025-10-23,9:40:16.955154486,T,KO,F,100,70.69
2025-10-23,9:40:16.955154486,T,KO,F,200,70.69
2025-10-23,9:40:16.967039562,T,KO,F I,57,70.7
2025-10-23,9:40:16.967042919,T,KO,F I,1,70.7
2025-10-23,9:40:16.967042919,T,KO,F I,5,70.7
2025-10-23,9:40:16.967132142,T,KO,I,57,70.7
2025-10-23,9:40:16.967138475,T,KO,,100,70.7
2025-10-23,9:40:16.967138475,T,KO,I,83,70.7
2025-10-23,9:40:16.967141327,T,KO,,100,70.7
2025-10-23,9:40:16.967145371,T,KO,I,17,70.7
2025-10-23,9:40:16.967145371,T,KO,,100,70.7
2025-10-23,9:40:16.967145371,T,KO,I,72,70.7
2025-10-23,9:40:16.967147884,T,KO,,345,70.7
2025-10-23,9:40:16.967150328,T,KO,,220,70.695
2025-10-23,9:40:16.967150328,T,KO,I,6,70.69
2025-10-23,9:40:16.967159204,T,KO,I,1,70.69
2025-10-23,9:40:16.967288430,T,KO,F,100,70.7
2025-10-23,9:40:16.967291524,T,KO,F I,35,70.7
2025-10-23,9:40:16.967313262,T,KO,I,1,70.7
2025-10-23,9:40:16.967315725,T,KO,F I,64,70.7
2025-10-23,9:40:17.079756345,T,KO,I,57,70.7
2025-10-23,9:40:17.079756345,T,KO,I,43,70.7
2025-10-23,9:40:17.079774331,T,KO,I,29,70.7
2025-10-23,9:40:17.197579998,T,KO,,220,70.69
2025-10-23,9:40:17.197582924,T,KO,,100,70.69
2025-10-23,9:40:17.421869600,T,KO,I,3,70.7
2025-10-23,9:40:17.421902512,T,KO,I,13,70.7
2025-10-23,9:40:17.421902512,T,KO,I,15,70.7
2025-10-23,9:40:17.421908332,T,KO,I,14,70.7
2025-10-23,9:40:17.421911261,T,KO,I,15,70.7
2025-10-23,9:40:17.421914599,T,KO,I,26,70.7
2025-10-23,9:40:17.421914599,T,KO,I,5,70.7
2025-10-23,9:40:17.421917211,T,KO,I,14,70.7
2025-10-23,9:40:20.408958353,T,KO,,110,70.715
2025-10-23,9:40:21.780263458,T,KO,,100,70.715
2025-10-23,9:40:21.886590737,T,KO,,220,70.715
2025-10-23,9:40:22.827790521,T,KO,,110,70.715
2025-10-23,9:40:24.088401884,T,KO,I,66,70.715
2025-10-23,9:40:24.088474241,T,KO,I,44,70.715
2025-10-23,9:40:24.088474241,T,KO,I,22,70.71
2025-10-23,9:40:24.088495107,T,KO,I,44,70.71
2025-10-23,9:40:26.078187069,T,KO,F,100,70.7
2025-10-23,9:40:26.078187069,T,KO,F,107,70.7
2025-10-23,9:40:29.921250446,T,KO,F I,90,70.69
2025-10-23,9:40:30.630537758,T,KO,I,97,70.7
2025-10-23,9:40:30.630561780,T,KO,F I,3,70.7
2025-10-23,9:40:30.630561780,T,KO,F I,1,70.7
2025-10-23,9:40:30.630564864,T,KO,F I,20,70.7
2025-10-23,9:40:30.654366584,T,KO,I,40,70.71
2025-10-23,9:40:30.654387578,T,KO,F I,60,70.71
2025-10-23,9:40:35.673524744,T,KO,I,4,70.72
2025-10-23,9:40:35.673543383,T,KO,F I,96,70.72
2025-10-23,9:40:35.673545765,T,KO,F,100,70.72
2025-10-23,9:40:35.674078671,T,KO,F,100,70.73
2025-10-23,9:40:35.674078671,T,KO,F I,2,70.73
2025-10-23,9:40:35.674081104,T,KO,F I,27,70.73
2025-10-23,9:40:35.674366733,T,KO,F I,18,70.73
2025-10-23,9:40:40.180578963,T,KO,F I,39,70.74
2025-10-23,9:40:40.180581468,T,KO,F,162,70.74
2025-10-23,9:40:40.180584415,T,KO,F I,1,70.74
2025-10-23,9:40:40.180584415,T,KO,F,100,70.74
2025-10-23,9:40:40.180894947,T,KO,,100,70.74
2025-10-23,9:40:40.181023346,T,KO,F I,54,70.73
2025-10-23,9:40:40.181029455,T,KO,F,100,70.73
2025-10-23,9:40:40.181029455,T,KO,F,100,70.73
2025-10-23,9:40:40.181032411,T,KO,F,100,70.73
2025-10-23,9:40:40.181321146,T,KO,,100,70.73
2025-10-23,9:40:40.184066669,T,KO,,100,70.72
2025-10-23,9:40:40.184090698,T,KO,I,1,70.72
2025-10-23,9:40:41.135605580,T,KO,F I,45,70.72
2025-10-23,9:40:45.541744148,T,KO,,110,70.715
2025-10-23,9:40:45.595031072,T,KO,F,139,70.71
2025-10-23,9:40:46.877495817,T,KO,F I,1,70.71
2025-10-23,9:40:46.877495817,T,KO,F,100,70.71
2025-10-23,9:40:46.877498821,T,KO,F,100,70.71
2025-10-23,9:40:46.877502566,T,KO,F,100,70.71
2025-10-23,9:40:46.877502566,T,KO,F I,54,70.71
2025-10-23,9:40:46.877504766,T,KO,F,125,70.71
2025-10-23,9:40:46.877508336,T,KO,F,100,70.71
2025-10-23,9:40:48.293547277,T,KO,F I,1,70.71
2025-10-23,9:40:50.443704398,T,KO,,100,70.71
2025-10-23,9:40:51.203683342,T,KO,F,100,70.71
2025-10-23,9:40:51.203686403,T,KO,F,100,70.71
2025-10-23,9:40:55.009746374,T,KO,F,114,70.69
2025-10-23,9:40:58.027427570,T,KO,F,100,70.69
2025-10-23,9:41:03.265272905,T,KO,,100,70.685
2025-10-23,9:41:05.440594357,T,KO,,100,70.67
2025-10-23,9:41:05.440597675,T,KO,F I,2,70.67
2025-10-23,9:41:05.440599861,T,KO,F I,2,70.67
2025-10-23,9:41:05.440602877,T,KO,F I,6,70.67
2025-10-23,9:41:07.273002144,T,KO,I,1,70.68
2025-10-23,9:41:07.273783984,T,KO,I,1,70.68
2025-10-23,9:41:07.273783984,T,KO,I,1,70.68
2025-10-23,9:41:08.191016606,T,KO,F I,99,70.68
2025-10-23,9:41:08.191019672,T,KO,F,100,70.68
2025-10-23,9:41:08.192304022,T,KO,F I,60,70.68
2025-10-23,9:41:08.192304022,T,KO,F,100,70.68
2025-10-23,9:41:08.192306663,T,KO,F I,3,70.68
2025-10-23,9:41:16.170163678,T,KO,F,127,70.67
2025-10-23,9:41:16.170163678,T,KO,F,100,70.67
2025-10-23,9:41:16.227708794,T,KO,,105,70.665
2025-10-23,9:41:17.181430269,T,KO,F,100,70.67
2025-10-23,9:41:17.181433406,T,KO,F I,6,70.67
2025-10-23,9:41:17.181436490,T,KO,F I,60,70.67
2025-10-23,9:41:17.181439529,T,KO,F I,3,70.67
2025-10-23,9:41:17.181442278,T,KO,F,100,70.67
2025-10-23,9:41:17.181755052,T,KO,I,62,70.67
2025-10-23,9:41:17.181758092,T,KO,I,38,70.67
2025-10-23,9:41:17.182164134,T,KO,I,21,70.67
2025-10-23,9:41:17.182474069,T,KO,,100,70.67
2025-10-23,9:41:17.182612888,T,KO,I,1,70.67
2025-10-23,9:41:17.182615189,T,KO,I,1,70.67
2025-10-23,9:41:19.584625232,T,KO,F I,41,70.67
2025-10-23,9:41:19.584631148,T,KO,F I,36,70.67
2025-10-23,9:41:19.584631148,T,KO,F I,98,70.67
2025-10-23,9:41:19.584631148,T,KO,F I,38,70.67
2025-10-23,9:41:19.584634073,T,KO,F,100,70.67
2025-10-23,9:41:19.584688224,T,KO,F I,23,70.67
2025-10-23,9:41:19.584694297,T,KO,F I,41,70.67
2025-10-23,9:41:19.585110117,T,KO,I,61,70.67
2025-10-23,9:41:19.585112302,T,KO,I,39,70.67
2025-10-23,9:41:19.585419094,T,KO,I,39,70.67
2025-10-23,9:41:19.585503343,T,KO,I,61,70.67
2025-10-23,9:41:19.589800490,T,KO,I,28,70.67
2025-10-23,9:41:23.003173276,T,KO,F I,33,70.67
2025-10-23,9:41:23.003173276,T,KO,F I,16,70.67
2025-10-23,9:41:23.003176872,T,KO,F I,39,70.67
2025-10-23,9:41:23.003176872,T,KO,F I,28,70.67
2025-10-23,9:41:23.003179432,T,KO,F I,1,70.67
2025-10-23,9:41:23.003504025,T,KO,I,62,70.67
2025-10-23,9:41:23.003504025,T,KO,I,38,70.67
2025-10-23,9:41:23.003528151,T,KO,F I,28,70.67
2025-10-23,9:41:23.003528151,T,KO,F I,27,70.67
2025-10-23,9:41:23.003765536,T,KO,,100,70.67
2025-10-23,9:41:23.004139348,T,KO,I,23,70.67
2025-10-23,9:41:23.004141562,T,KO,I,27,70.67
2025-10-23,9:41:23.004144551,T,KO,I,12,70.67
2025-10-23,9:41:23.004220787,T,KO,,200,70.68
2025-10-23,9:41:23.004220787,T,KO,,100,70.68
2025-10-23,9:41:23.004220787,T,KO,I,38,70.68
2025-10-23,9:41:24.292409772,T,KO,F,100,70.7
2025-10-23,9:41:25.399214028,T,KO,F,100,70.71
2025-10-23,9:41:25.399216977,T,KO,F,100,70.71
2025-10-23,9:41:25.399911822,T,KO,F I,35,70.72
2025-10-23,9:41:25.399914675,T,KO,F,100,70.72
2025-10-23,9:41:25.399917619,T,KO,F,100,70.72
2025-10-23,9:41:25.402966832,T,KO,,100,70.72
2025-10-23,9:41:25.402969853,T,KO,I,10,70.72
2025-10-23,9:41:25.531565201,T,KO,I,6,70.715
2025-10-23,9:41:25.531565201,T,KO,I,71,70.715
2025-10-23,9:41:29.872888366,T,KO,I,41,70.72
2025-10-23,9:41:29.872909039,T,KO,F I,59,70.72
2025-10-23,9:41:29.872912101,T,KO,F I,10,70.72
2025-10-23,9:41:29.872915522,T,KO,F,100,70.72
2025-10-23,9:41:30.276058402,T,KO,I,19,70.72
2025-10-23,9:41:30.890848592,T,KO,,100,70.715
2025-10-23,9:41:32.344525898,T,KO,I,28,70.715
2025-10-23,9:41:32.344931886,T,KO,I,72,70.715
2025-10-23,9:41:32.344931886,T,KO,I,28,70.715
2025-10-23,9:41:36.873763436,T,KO,I,18,70.72
2025-10-23,9:41:36.874121323,T,KO,I,82,70.72
2025-10-23,9:41:36.874121323,T,KO,I,38,70.72
2025-10-23,9:41:36.874587288,T,KO,,200,70.73
2025-10-23,9:41:36.874608309,T,KO,I,57,70.72
2025-10-23,9:41:36.874873026,T,KO,F I,57,70.73
2025-10-23,9:41:36.875140598,T,KO,F,100,70.73
2025-10-23,9:41:36.875264034,T,KO,I,57,70.73
2025-10-23,9:41:36.875264034,T,KO,,100,70.73
2025-10-23,9:41:36.875270912,T,KO,I,51,70.73
2025-10-23,9:41:36.875270912,T,KO,I,19,70.73
2025-10-23,9:41:36.875285005,T,KO,I,1,70.73
2025-10-23,9:41:36.889821538,T,KO,,100,70.725
2025-10-23,9:41:43.168992929,T,KO,,110,70.725
2025-10-23,9:41:43.955693947,T,KO,I,2,70.73
2025-10-23,9:41:43.955979660,T,KO,F I,98,70.73
2025-10-23,9:41:43.955982323,T,KO,F I,57,70.73
2025-10-23,9:41:43.955986104,T,KO,F I,54,70.73
2025-10-23,9:41:43.955986104,T,KO,F I,23,70.73
2025-10-23,9:41:43.955988368,T,KO,F I,17,70.73
2025-10-23,9:41:43.955991719,T,KO,F I,1,70.73
2025-10-23,9:41:43.955994650,T,KO,F I,17,70.73
2025-10-23,9:41:43.955994650,T,KO,F,100,70.73
2025-10-23,9:41:43.955997810,T,KO,F I,1,70.73
2025-10-23,9:41:43.955997810,T,KO,F,100,70.73
2025-10-23,9:41:43.958442202,T,KO,,100,70.75
2025-10-23,9:41:43.958442202,T,KO,,200,70.75
2025-10-23,9:41:46.295413276,T,KO,I,1,70.75
2025-10-23,9:41:46.295434211,T,KO,F I,99,70.75
2025-10-23,9:41:46.295434211,T,KO,F,100,70.75
2025-10-23,9:41:46.295437391,T,KO,F I,5,70.75
2025-10-23,9:41:48.001523882,T,KO,,100,70.75
2025-10-23,9:41:48.001523882,T,KO,I,29,70.75
2025-10-23,9:41:48.001526904,T,KO,I,1,70.75
2025-10-23,9:42:01.361094921,T,KO,F I,48,70.75
2025-10-23,9:42:01.361097678,T,KO,F I,13,70.75
2025-10-23,9:42:01.361946050,T,KO,I,22,70.74
2025-10-23,9:42:01.361948531,T,KO,,155,70.74
2025-10-23,9:42:02.327262691,T,KO,F I,5,70.74
2025-10-23,9:42:02.914296782,T,KO,F,136,70.73
2025-10-23,9:42:02.914299861,T,KO,F I,17,70.73
2025-10-23,9:42:06.204279700,T,KO,I,48,70.72
2025-10-23,9:42:06.204282752,T,KO,I,54,70.72
2025-10-23,9:42:06.204303811,T,KO,I,75,70.72
2025-10-23,9:42:06.204306904,T,KO,I,27,70.72
2025-10-23,9:42:06.204310321,T,KO,I,1,70.72
2025-10-23,9:42:06.204310321,T,KO,I,1,70.72
2025-10-23,9:42:06.204313072,T,KO,I,3,70.72
2025-10-23,9:42:06.204316127,T,KO,,100,70.72
2025-10-23,9:42:08.503005705,T,KO,I,2,70.72
2025-10-23,9:42:08.745644574,T,KO,F I,1,70.71
2025-10-23,9:42:13.943139929,T,KO,F I,16,70.73
2025-10-23,9:42:13.943142653,T,KO,F,100,70.73
2025-10-23,9:42:22.498510324,T,KO,I,73,70.74
2025-10-23,9:42:22.498522317,T,KO,I,27,70.74
2025-10-23,9:42:22.521199543,T,KO,F,100,70.75
2025-10-23,9:42:22.521202265,T,KO,F,100,70.75
2025-10-23,9:42:29.116381745,T,KO,I,21,70.76
2025-10-23,9:42:29.116399729,T,KO,F I,19,70.76
2025-10-23,9:42:29.131191927,T,KO,I,1,70.765
2025-10-23,9:42:31.532552353,T,KO,I,1,70.76
2025-10-23,9:42:31.532552353,T,KO,F I,2,70.76
2025-10-23,9:42:32.182063266,T,KO,,120,70.755
2025-10-23,9:42:33.228829494,T,KO,,100,70.75
2025-10-23,9:42:35.248096871,T,KO,I,15,70.75
2025-10-23,9:42:35.248111837,T,KO,F I,85,70.75
2025-10-23,9:42:35.250947664,T,KO,I,1,70.755
2025-10-23,9:42:37.922285094,T,KO,,230,70.755
2025-10-23,9:42:37.992279773,T,KO,F I,10,70.75
2025-10-23,9:42:39.354199579,T,KO,F,116,70.74
2025-10-23,9:42:39.354199579,T,KO,F I,51,70.74
2025-10-23,9:42:45.512513026,T,KO,F,200,70.73
2025-10-23,9:42:45.522890831,T,KO,,100,70.735
2025-10-23,9:42:48.848541542,T,KO,I,6,70.735
2025-10-23,9:42:51.132532372,T,KO,F I,10,70.73
2025-10-23,9:42:51.132917369,T,KO,I,34,70.73
2025-10-23,9:42:51.132968440,T,KO,F I,34,70.73
2025-10-23,9:43:02.467597540,T,KO,F,145,70.73
2025-10-23,9:43:05.864058221,T,KO,F,100,70.73
2025-10-23,9:43:05.864060789,T,KO,F I,3,70.73
2025-10-23,9:43:05.864064062,T,KO,F,100,70.73
2025-10-23,9:43:05.864066809,T,KO,F I,2,70.73
2025-10-23,9:43:05.864066809,T,KO,F I,2,70.73
2025-10-23,9:43:05.864069905,T,KO,F,100,70.73
2025-10-23,9:43:05.870718682,T,KO,,100,70.735
2025-10-23,9:43:06.524587112,T,KO,F I,3,70.73
2025-10-23,9:43:07.500146621,T,KO,F I,45,70.72
2025-10-23,9:43:07.500881782,T,KO,F I,11,70.72
2025-10-23,9:43:07.500886978,T,KO,F I,11,70.72
2025-10-23,9:43:07.500886978,T,KO,I,11,70.72
2025-10-23,9:43:07.500889548,T,KO,F I,11,70.72
2025-10-23,9:43:07.500901303,T,KO,I,11,70.72
2025-10-23,9:43:07.500907470,T,KO,F I,11,70.72
2025-10-23,9:43:07.500931466,T,KO,F I,45,70.72
2025-10-23,9:43:07.523283611,T,KO,F I,2,70.7
2025-10-23,9:43:07.587932385,T,KO,,200,70.68
2025-10-23,9:43:07.587932385,T,KO,,100,70.68
2025-10-23,9:43:07.587934588,T,KO,,100,70.68
2025-10-23,9:43:08.663482278,T,KO,F I,10,70.66
2025-10-23,9:43:08.663488304,T,KO,F,100,70.66
2025-10-23,9:43:16.279460798,T,KO,F I,11,70.66
2025-10-23,9:43:16.279460798,T,KO,F I,58,70.66
2025-10-23,9:43:17.327501596,T,KO,F,100,70.66
2025-10-23,9:43:17.756259707,T,KO,,100,70.665
2025-10-23,9:43:19.563567210,T,KO,F,100,70.67
2025-10-23,9:43:21.236746399,T,KO,F,100,70.68
2025-10-23,9:43:22.486355238,T,KO,I,3,70.68
2025-10-23,9:43:22.486355238,T,KO,I,2,70.68
2025-10-23,9:43:22.486375608,T,KO,I,1,70.68
2025-10-23,9:43:29.222376915,T,KO,F I,56,70.665
2025-10-23,9:43:31.915029385,T,KO,F I,3,70.67
2025-10-23,9:43:31.915032283,T,KO,F,100,70.67
2025-10-23,9:43:36.456066818,T,KO,I,4,70.675
2025-10-23,9:43:37.194379212,T,KO,I,43,70.66
2025-10-23,9:43:37.194385197,T,KO,I,28,70.66
2025-10-23,9:43:37.195218239,T,KO,F I,10,70.66
2025-10-23,9:43:48.532049075,T,KO,I,20,70.67
2025-10-23,9:43:53.135740561,T,KO,I,42,70.67
2025-10-23,9:43:53.135806723,T,KO,I,58,70.67
2025-10-23,9:43:53.135806723,T,KO,I,42,70.67
2025-10-23,9:43:53.135830798,T,KO,F I,58,70.67
2025-10-23,9:43:53.135830798,T,KO,F,200,70.67
2025-10-23,9:43:56.973838898,T,KO,F,100,70.66
2025-10-23,9:43:56.973838898,T,KO,F I,9,70.66
2025-10-23,9:43:56.973856935,T,KO,I,1,70.66
2025-10-23,9:43:58.134642689,T,KO,F I,2,70.65
2025-10-23,9:44:01.226709148,T,KO,F I,2,70.65
2025-10-23,9:44:01.227611217,T,KO,F I,47,70.65
2025-10-23,9:44:01.227611217,T,KO,F I,3,70.65
2025-10-23,9:44:02.592405787,T,KO,I,1,70.65
2025-10-23,9:44:03.028706019,T,KO,F I,10,70.64
2025-10-23,9:44:03.028709016,T,KO,F I,58,70.64
2025-10-23,9:44:03.028847265,T,KO,F I,35,70.64
2025-10-23,9:44:03.030008078,T,KO,F I,7,70.64
2025-10-23,9:44:05.593959795,T,KO,,100,70.635
2025-10-23,9:44:07.169872199,T,KO,I,10,70.63
2025-10-23,9:44:07.575968399,T,KO,F I,13,70.62
2025-10-23,9:44:10.412726761,T,KO,I,27,70.62
2025-10-23,9:44:10.412949790,T,KO,F I,20,70.62
2025-10-23,9:44:10.412952829,T,KO,F I,2,70.62
2025-10-23,9:44:10.412952829,T,KO,F I,21,70.62
2025-10-23,9:44:19.299940825,T,KO,,100,70.63
2025-10-23,9:44:19.632794559,T,KO,I,43,70.64
2025-10-23,9:44:19.633098335,T,KO,F I,11,70.64
2025-10-23,9:44:19.633450076,T,KO,I,14,70.635
2025-10-23,9:44:19.906852270,T,KO,,100,70.635
2025-10-23,9:44:22.642840635,T,KO,I,36,70.62
2025-10-23,9:44:22.642840635,T,KO,,100,70.62
2025-10-23,9:44:28.902913612,T,KO,I,13,70.62
2025-10-23,9:44:31.783423171,T,KO,F,100,70.63
2025-10-23,9:44:32.240033633,T,KO,I,5,70.645
2025-10-23,9:44:34.413673787,T,KO,F,100,70.65
2025-10-23,9:44:40.745377275,T,KO,F I,1,70.66
2025-10-23,9:44:40.745455501,T,KO,F I,53,70.66
2025-10-23,9:44:40.745455501,T,KO,F I,3,70.66
2025-10-23,9:44:40.745458376,T,KO,F,100,70.66
2025-10-23,9:44:40.745476484,T,KO,I,1,70.66
2025-10-23,9:44:40.745692894,T,KO,F,200,70.66
2025-10-23,9:44:40.745948616,T,KO,F I,72,70.66
2025-10-23,9:44:41.796744227,T,KO,F I,53,70.66
2025-10-23,9:44:42.842036849,T,KO,I,99,70.67
2025-10-23,9:44:42.900574321,T,KO,I,75,70.675
2025-10-23,9:44:44.900528025,T,KO,F,100,70.68
2025-10-23,9:44:44.900528025,T,KO,F,100,70.68
2025-10-23,9:44:44.900532713,T,KO,F,140,70.68
2025-10-23,9:44:44.900532713,T,KO,F,200,70.68
2025-10-23,9:44:44.901350635,T,KO,F I,4,70.69
2025-10-23,9:44:44.901350635,T,KO,F I,36,70.69
2025-10-23,9:44:48.861434505,T,KO,F I,65,70.69
2025-10-23,9:44:48.861437796,T,KO,F,100,70.69
2025-10-23,9:44:48.861437796,T,KO,F I,96,70.69
2025-10-23,9:44:48.861885587,T,KO,F I,25,70.69
2025-10-23,9:44:56.455532661,T,KO,F I,10,70.7
2025-10-23,9:45:00.019549198,T,KO,F I,50,70.68
2025-10-23,9:45:01.587484589,T,KO,F I,3,70.69
2025-10-23,9:45:01.587486716,T,KO,F,200,70.69
2025-10-23,9:45:01.788136519,T,KO,F I,2,70.69
2025-10-23,9:45:01.788148680,T,KO,F,120,70.69
2025-10-23,9:45:02.369542132,T,KO,F,200,70.7
2025-10-23,9:45:02.369542132,T,KO,F,100,70.7
2025-10-23,9:45:02.369544258,T,KO,F I,36,70.7
2025-10-23,9:45:02.477910374,T,KO,,100,70.705
2025-10-23,9:45:03.877314430,T,KO,F I,3,70.71
2025-10-23,9:45:04.445625880,T,KO,I,9,70.71
2025-10-23,9:45:06.095219919,T,KO,F,100,70.72
2025-10-23,9:45:06.095219919,T,KO,F I,4,70.72
2025-10-23,9:45:06.095222909,T,KO,F I,6,70.72
2025-10-23,9:45:06.095225758,T,KO,F I,7,70.72
2025-10-23,9:45:06.095700893,T,KO,F I,5,70.72
2025-10-23,9:45:08.345286820,T,KO,F I,5,70.73
2025-10-23,9:45:08.345740919,T,KO,F I,8,70.73
2025-10-23,9:45:08.349301403,T,KO,I,6,70.735
2025-10-23,9:45:08.508578810,T,KO,I,3,70.745
2025-10-23,9:45:08.605833440,T,KO,I,16,70.74
2025-10-23,9:45:08.605833440,T,KO,I,12,70.74
2025-10-23,9:45:09.616372237,T,KO,F,100,70.73
2025-10-23,9:45:09.616375277,T,KO,F I,62,70.73
2025-10-23,9:45:11.561816827,T,KO,F I,8,70.73
2025-10-23,9:45:11.562499425,T,KO,I,6,70.74
2025-10-23,9:45:14.082236840,T,KO,I,22,70.71
2025-10-23,9:45:14.082254873,T,KO,I,1,70.71
2025-10-23,9:45:14.082278936,T,KO,I,16,70.71
2025-10-23,9:45:14.082285343,T,KO,I,10,70.71
2025-10-23,9:45:14.934069693,T,KO,F,100,70.71
2025-10-23,9:45:15.741685179,T,KO,I,16,70.71
2025-10-23,9:45:15.741703297,T,KO,I,1,70.71
2025-10-23,9:45:15.741745259,T,KO,I,9,70.71
2025-10-23,9:45:15.741745259,T,KO,I,5,70.71
2025-10-23,9:45:16.459675325,T,KO,F,120,70.715
2025-10-23,9:45:16.459675325,T,KO,F I,50,70.72
2025-10-23,9:45:16.459678408,T,KO,F,112,70.72
2025-10-23,9:45:16.459681322,T,KO,F I,88,70.72
2025-10-23,9:45:16.459681322,T,KO,F I,13,70.72
2025-10-23,9:45:16.459693591,T,KO,I,19,70.72
2025-10-23,9:45:16.459979711,T,KO,F,100,70.72
2025-10-23,9:45:16.460665133,T,KO,I,58,70.72
2025-10-23,9:45:16.460667963,T,KO,I,19,70.72
2025-10-23,9:45:16.462677358,T,KO,I,9,70.72
2025-10-23,9:45:16.462679413,T,KO,I,9,70.72
2025-10-23,9:45:16.462682551,T,KO,I,1,70.72
2025-10-23,9:45:16.462682551,T,KO,I,1,70.72
2025-10-23,9:45:16.462685549,T,KO,I,28,70.72
2025-10-23,9:45:16.462688345,T,KO,I,58,70.72
2025-10-23,9:45:16.644441284,T,KO,I,16,70.725
2025-10-23,9:45:16.644510478,T,KO,I,13,70.725
2025-10-23,9:45:19.287818185,T,KO,F I,10,70.71
2025-10-23,9:45:21.568982429,T,KO,F,100,70.71
2025-10-23,9:45:21.930698870,T,KO,,120,70.715
2025-10-23,9:45:25.056547923,T,KO,F I,41,70.7
2025-10-23,9:45:25.092035439,T,KO,F I,2,70.69
2025-10-23,9:45:25.199153614,T,KO,I,55,70.69
2025-10-23,9:45:25.199153614,T,KO,I,27,70.69
2025-10-23,9:45:25.199175212,T,KO,I,73,70.69
2025-10-23,9:45:25.240432950,T,KO,F I,55,70.69
2025-10-23,9:45:25.240432950,T,KO,F I,2,70.69
2025-10-23,9:45:30.005465037,T,KO,I,6,70.705
2025-10-23,9:45:32.344108017,T,KO,I,5,70.71
2025-10-23,9:45:32.344111124,T,KO,I,95,70.71
2025-10-23,9:45:32.344529070,T,KO,I,1,70.71
2025-10-23,9:45:32.346306698,T,KO,I,4,70.71
2025-10-23,9:45:32.346309295,T,KO,I,25,70.71
2025-10-23,9:45:35.349138501,T,KO,,200,70.71
2025-10-23,9:45:36.838156975,T,KO,I,17,70.72
2025-10-23,9:45:36.838156975,T,KO,,100,70.72
2025-10-23,9:45:36.838161727,T,KO,,100,70.72
2025-10-23,9:45:36.838161727,T,KO,I,1,70.72
2025-10-23,9:45:39.186968925,T,KO,I,2,70.71
2025-10-23,9:45:39.186968925,T,KO,I,51,70.71
2025-10-23,9:45:41.613827148,T,KO,I,40,70.71
2025-10-23,9:45:41.729458447,T,KO,,100,70.72
2025-10-23,9:45:41.729461533,T,KO,,100,70.72
2025-10-23,9:45:41.729889461,T,KO,F,100,70.72
2025-10-23,9:45:41.729936662,T,KO,,100,70.72
2025-10-23,9:45:41.750108659,T,KO,I,18,70.72
2025-10-23,9:45:41.750132714,T,KO,I,1,70.72
2025-10-23,9:45:41.750156823,T,KO,I,37,70.72
2025-10-23,9:45:41.839637974,T,KO,,136,70.71
2025-10-23,9:45:44.500239844,T,KO,I,56,70.71
2025-10-23,9:45:44.500239844,T,KO,I,44,70.71
2025-10-23,9:45:44.500257868,T,KO,I,1,70.71
2025-10-23,9:45:44.500269808,T,KO,I,55,70.71
2025-10-23,9:45:44.500269808,T,KO,I,2,70.71
2025-10-23,9:45:51.190499223,T,KO,F I,3,70.71
2025-10-23,9:45:53.484600269,T,KO,,100,70.71
2025-10-23,9:45:53.484600269,T,KO,I,3,70.71
2025-10-23,9:45:53.484603418,T,KO,,100,70.71
2025-10-23,9:45:53.484606173,T,KO,I,2,70.71
2025-10-23,9:45:53.484606173,T,KO,,100,70.71
2025-10-23,9:45:53.689099957,T,KO,F I,3,70.71
2025-10-23,9:45:53.689102301,T,KO,F,240,70.71
2025-10-23,9:45:53.689108907,T,KO,F I,27,70.7
2025-10-23,9:45:53.689108907,T,KO,F I,60,70.7
2025-10-23,9:45:53.689126326,T,KO,I,1,70.7
2025-10-23,9:45:53.689147675,T,KO,F,139,70.7
2025-10-23,9:45:53.689150877,T,KO,F,100,70.7
2025-10-23,9:45:53.689351863,T,KO,I,53,70.7
2025-10-23,9:45:53.689357818,T,KO,I,53,70.71
2025-10-23,9:45:53.689361020,T,KO,,100,70.71
2025-10-23,9:45:53.689364152,T,KO,I,96,70.71
2025-10-23,9:45:53.689364152,T,KO,I,25,70.71
2025-10-23,9:45:53.689373328,T,KO,,200,70.71
2025-10-23,9:45:53.689373328,T,KO,,100,70.71
2025-10-23,9:45:53.689399954,T,KO,F,100,70.71
2025-10-23,9:45:53.689412148,T,KO,,100,70.705
2025-10-23,9:45:53.689499799,T,KO,F,100,70.7
2025-10-23,9:45:53.689499799,T,KO,F I,53,70.7
2025-10-23,9:45:53.689505438,T,KO,F,100,70.7
2025-10-23,9:45:53.689505438,T,KO,F I,74,70.7
2025-10-23,9:45:53.689526245,T,KO,I,26,70.7
2025-10-23,9:45:53.689526245,T,KO,I,66,70.7
2025-10-23,9:45:53.689671224,T,KO,,100,70.7
2025-10-23,9:45:53.689678177,T,KO,,100,70.7
2025-10-23,9:45:53.689678177,T,KO,I,53,70.7
2025-10-23,9:45:53.689683453,T,KO,I,56,70.71
2025-10-23,9:45:53.689683453,T,KO,I,53,70.71
2025-10-23,9:45:53.689683453,T,KO,,100,70.71
2025-10-23,9:45:53.689683453,T,KO,I,80,70.71
2025-10-23,9:45:53.689689614,T,KO,,100,70.71
2025-10-23,9:45:53.689689614,T,KO,,100,70.71
2025-10-23,9:45:53.689689614,T,KO,,200,70.71
2025-10-23,9:45:53.689692962,T,KO,I,66,70.71
2025-10-23,9:45:53.689692962,T,KO,I,61,70.71
2025-10-23,9:45:53.689833751,T,KO,F I,80,70.7
2025-10-23,9:45:53.689857059,T,KO,I,1,70.7
2025-10-23,9:45:53.689893736,T,KO,F I,19,70.7
2025-10-23,9:45:53.689893736,T,KO,F,100,70.7
2025-10-23,9:45:53.689896852,T,KO,F I,81,70.7
2025-10-23,9:45:53.689947313,T,KO,F,119,70.7
2025-10-23,9:45:53.689947313,T,KO,F I,59,70.7
2025-10-23,9:45:53.689950338,T,KO,F,100,70.7
2025-10-23,9:45:53.690212374,T,KO,I,53,70.7
2025-10-23,9:45:53.690214911,T,KO,I,47,70.7
2025-10-23,9:45:53.690485601,T,KO,F I,53,70.7
2025-10-23,9:45:53.690488794,T,KO,F,100,70.7
2025-10-23,9:45:53.690492450,T,KO,F I,50,70.7
2025-10-23,9:45:53.690492450,T,KO,I,50,70.7
2025-10-23,9:45:53.792290006,T,KO,I,53,70.7
2025-10-23,9:45:53.792293027,T,KO,I,13,70.7
2025-10-23,9:45:53.792296322,T,KO,I,45,70.7
2025-10-23,9:45:53.792296322,T,KO,I,30,70.7
2025-10-23,9:45:53.792365136,T,KO,I,13,70.7
2025-10-23,9:45:53.792389968,T,KO,I,1,70.7
2025-10-23,9:45:53.792389968,T,KO,I,52,70.7
2025-10-23,9:45:53.792428357,T,KO,I,13,70.7
2025-10-23,9:45:53.792452424,T,KO,I,1,70.7
2025-10-23,9:45:53.792452424,T,KO,I,7,70.7
2025-10-23,9:45:53.857352986,T,KO,F I,53,70.7
2025-10-23,9:45:53.987211414,T,KO,I,53,70.71
2025-10-23,9:45:55.050622018,T,KO,,100,70.715
2025-10-23,9:46:01.334078559,T,KO,I,46,70.72
2025-10-23,9:46:01.334097048,T,KO,F I,54,70.72
2025-10-23,9:46:01.334099633,T,KO,F I,3,70.72
2025-10-23,9:46:01.335729503,T,KO,F I,3,70.72
2025-10-23,9:46:01.335729503,T,KO,F I,54,70.72
2025-10-23,9:46:01.335732523,T,KO,F I,1,70.72
2025-10-23,9:46:02.537313828,T,KO,I,54,70.72
2025-10-23,9:46:02.537313828,T,KO,,200,70.72
2025-10-23,9:46:02.537316411,T,KO,I,46,70.72
2025-10-23,9:46:02.537331380,T,KO,I,1,70.72
2025-10-23,9:46:02.537340483,T,KO,I,53,70.72
2025-10-23,9:46:02.537340483,T,KO,I,47,70.72
2025-10-23,9:46:02.537373584,T,KO,I,8,70.72
2025-10-23,9:46:03.330843323,T,KO,F,100,70.72
2025-10-23,9:46:05.338241456,T,KO,F I,1,70.72
2025-10-23,9:46:05.338256452,T,KO,F I,99,70.72
2025-10-23,9:46:07.119067910,T,KO,I,6,70.74
2025-10-23,9:46:07.119557974,T,KO,,100,70.74
2025-10-23,9:46:09.765800575,T,KO,F I,11,70.74
2025-10-23,9:46:09.765800575,T,KO,F I,9,70.74
2025-10-23,9:46:11.590188735,T,KO,F I,97,70.73
2025-10-23,9:46:11.590191804,T,KO,F I,1,70.73
2025-10-23,9:46:12.066054220,T,KO,F,100,70.73
2025-10-23,9:46:12.066445138,T,KO,F I,53,70.73
2025-10-23,9:46:12.066445138,T,KO,F I,4,70.73
2025-10-23,9:46:12.066448100,T,KO,F,100,70.73
2025-10-23,9:46:12.066469336,T,KO,I,1,70.73
2025-10-23,9:46:12.066505853,T,KO,I,45,70.73
2025-10-23,9:46:12.066505853,T,KO,F I,54,70.73
2025-10-23,9:46:19.268785224,T,KO,F,100,70.72
2025-10-23,9:46:19.268785224,T,KO,F I,10,70.72
2025-10-23,9:46:20.464674060,T,KO,F I,53,70.71
2025-10-23,9:46:20.464677281,T,KO,F I,4,70.71
2025-10-23,9:46:20.464679595,T,KO,F,100,70.71
2025-10-23,9:46:21.773014796,T,KO,,120,70.715
2025-10-23,9:46:24.165293429,T,KO,,100,70.705
2025-10-23,9:46:25.998495803,T,KO,,120,70.705
2025-10-23,9:46:26.910399661,T,KO,I,13,70.7
2025-10-23,9:46:26.936159179,T,KO,I,53,70.7
2025-10-23,9:46:26.936159179,T,KO,I,21,70.7
2025-10-23,9:46:28.770245399,T,KO,I,10,70.705
2025-10-23,9:46:29.114442117,T,KO,,120,70.705
2025-10-23,9:46:32.007732238,T,KO,F,100,70.72
2025-10-23,9:46:32.007735274,T,KO,F I,76,70.72
2025-10-23,9:46:32.044687233,T,KO,,100,70.725
2025-10-23,9:46:33.656102276,T,KO,F I,53,70.72
2025-10-23,9:46:33.656105251,T,KO,F,100,70.72
2025-10-23,9:46:41.144387489,T,KO,I,1,70.705
2025-10-23,9:46:42.602906274,T,KO,,100,70.705
2025-10-23,9:46:44.665461728,T,KO,F I,10,70.7
2025-10-23,9:46:44.665461728,T,KO,F I,25,70.7
2025-10-23,9:46:44.680581781,T,KO,F I,24,70.68
2025-10-23,9:46:44.680581781,T,KO,F I,1,70.68
2025-10-23,9:46:44.790000365,T,KO,I,4,70.675
2025-10-23,9:46:46.271493906,T,KO,,120,70.675
2025-10-23,9:46:50.783169633,T,KO,,120,70.665
2025-10-23,9:46:50.783172538,T,KO,,100,70.665
2025-10-23,9:46:52.405747040,T,KO,,120,70.665
2025-10-23,9:46:55.265558455,T,KO,F I,30,70.66
2025-10-23,9:46:55.265561483,T,KO,F,100,70.66
2025-10-23,9:46:55.265561483,T,KO,F I,11,70.66
2025-10-23,9:46:55.265564532,T,KO,F I,1,70.66
2025-10-23,9:46:55.266515266,T,KO,F I,59,70.66
2025-10-23,9:46:55.266515266,T,KO,F,100,70.66
2025-10-23,9:46:55.266518459,T,KO,F,100,70.66
2025-10-23,9:46:55.266523742,T,KO,F I,91,70.66
2025-10-23,9:46:55.266523742,T,KO,F I,29,70.66
2025-10-23,9:46:55.266541887,T,KO,I,1,70.66
2025-10-23,9:46:55.266562805,T,KO,F I,99,70.66
2025-10-23,9:46:56.502868155,T,KO,F I,59,70.66
2025-10-23,9:46:56.502870396,T,KO,F I,12,70.66
2025-10-23,9:46:59.115923051,T,KO,I,33,70.64
2025-10-23,9:46:59.946735866,T,KO,F,100,70.64
2025-10-23,9:46:59.946735866,T,KO,F,100,70.64
2025-10-23,9:47:02.993154122,T,KO,F,100,70.63
2025-10-23,9:47:02.993154122,T,KO,F I,10,70.63
2025-10-23,9:47:03.032682958,T,KO,F I,2,70.62
2025-10-23,9:47:03.032682958,T,KO,F I,68,70.62
2025-10-23,9:47:03.100205870,T,KO,F I,57,70.62
2025-10-23,9:47:03.100208779,T,KO,F I,25,70.62
2025-10-23,9:47:03.100211956,T,KO,F I,18,70.62
2025-10-23,9:47:03.100229893,T,KO,I,1,70.62
2025-10-23,9:47:03.716821212,T,KO,,100,70.615
2025-10-23,9:47:06.497228492,T,KO,F I,57,70.62
2025-10-23,9:47:06.497232301,T,KO,F I,20,70.62
2025-10-23,9:47:06.497232301,T,KO,F I,8,70.62
2025-10-23,9:47:07.151839620,T,KO,F I,25,70.62
2025-10-23,9:47:07.151839620,T,KO,F I,15,70.62
2025-10-23,9:47:07.151847436,T,KO,F,200,70.62
2025-10-23,9:47:07.151851820,T,KO,F I,60,70.62
2025-10-23,9:47:07.151860886,T,KO,F I,40,70.62
2025-10-23,9:47:07.151860886,T,KO,F I,2,70.62
2025-10-23,9:47:07.153908485,T,KO,F I,57,70.62
2025-10-23,9:47:07.153908485,T,KO,F I,19,70.62
2025-10-23,9:47:07.153912097,T,KO,F I,15,70.62
2025-10-23,9:47:07.154335467,T,KO,F,100,70.63
2025-10-23,9:47:07.158693308,T,KO,F,120,70.635
2025-10-23,9:47:07.158693308,T,KO,F,120,70.64
2025-10-23,9:47:07.158697225,T,KO,F,100,70.64
2025-10-23,9:47:07.158697225,T,KO,F I,25,70.64
2025-10-23,9:47:07.158702310,T,KO,F,100,70.64
2025-10-23,9:47:07.158702310,T,KO,F I,80,70.64
2025-10-23,9:47:07.158732144,T,KO,F,120,70.64
2025-10-23,9:47:07.159700425,T,KO,I,34,70.64
2025-10-23,9:47:07.159700425,T,KO,I,57,70.64
2025-10-23,9:47:07.159704361,T,KO,I,57,70.64
2025-10-23,9:47:07.159704361,T,KO,I,2,70.64
2025-10-23,9:47:07.163805902,T,KO,F I,57,70.64
2025-10-23,9:47:07.163805902,T,KO,F I,57,70.64
2025-10-23,9:47:07.163811108,T,KO,F,200,70.64
2025-10-23,9:47:07.163814058,T,KO,F,100,70.64
2025-10-23,9:47:07.738327024,T,KO,F I,64,70.65
2025-10-23,9:47:07.738327024,T,KO,F,200,70.65
2025-10-23,9:47:07.738330060,T,KO,F I,4,70.65
2025-10-23,9:47:08.740529279,T,KO,F I,57,70.66
2025-10-23,9:47:08.740532332,T,KO,F I,25,70.66
2025-10-23,9:47:08.740532332,T,KO,F I,2,70.66
2025-10-23,9:47:08.740535290,T,KO,F I,16,70.66
2025-10-23,9:47:09.618710900,T,KO,F I,44,70.66
2025-10-23,9:47:09.618719984,T,KO,F I,56,70.66
2025-10-23,9:47:13.227708579,T,KO,I,5,70.665
2025-10-23,9:47:13.380704001,T,KO,F I,1,70.67
2025-10-23,9:47:23.134350690,T,KO,I,28,70.68
2025-10-23,9:47:23.134398759,T,KO,,100,70.68
2025-10-23,9:47:23.134398759,T,KO,,100,70.69
2025-10-23,9:47:23.134405725,T,KO,,100,70.69
2025-10-23,9:47:23.134405725,T,KO,I,25,70.69
2025-10-23,9:47:23.134408862,T,KO,I,22,70.69
2025-10-23,9:47:23.135276979,T,KO,,130,70.695
2025-10-23,9:47:30.756364296,T,KO,F,100,70.65
2025-10-23,9:47:30.756367298,T,KO,F I,25,70.65
2025-10-23,9:47:30.993166377,T,KO,,100,70.645
2025-10-23,9:47:34.846703408,T,KO,I,1,70.635
2025-10-23,9:47:37.074821246,T,KO,F I,10,70.63
2025-10-23,9:47:37.074821246,T,KO,F,100,70.63
2025-10-23,9:47:37.076583420,T,KO,,120,70.62
2025-10-23,9:47:38.006792007,T,KO,I,5,70.615
2025-10-23,9:47:42.934394450,T,KO,I,25,70.615
2025-10-23,9:47:46.009178857,T,KO,F I,75,70.615
2025-10-23,9:47:46.009181717,T,KO,F,100,70.62
2025-10-23,9:47:46.009184715,T,KO,F,180,70.62
2025-10-23,9:47:46.009184715,T,KO,F I,25,70.62
2025-10-23,9:47:46.009199789,T,KO,I,1,70.62
2025-10-23,9:47:46.009218488,T,KO,F I,74,70.62
2025-10-23,9:47:51.058201077,T,KO,F,100,70.62
2025-10-23,9:47:51.058201077,T,KO,F I,2,70.62
2025-10-23,9:47:51.058291381,T,KO,F I,4,70.62
2025-10-23,9:47:55.850021215,T,KO,F I,2,70.61
2025-10-23,9:47:55.850914103,T,KO,I,15,70.61
2025-10-23,9:47:55.850916992,T,KO,I,18,70.61
2025-10-23,9:47:59.519233892,T,KO,F I,40,70.6
2025-10-23,9:47:59.519236994,T,KO,F I,2,70.6
2025-10-23,9:47:59.519236994,T,KO,F I,10,70.6
2025-10-23,9:47:59.519306122,T,KO,F I,6,70.6
2025-10-23,9:47:59.569745275,T,KO,F,100,70.6
2025-10-23,9:47:59.569745275,T,KO,F I,25,70.6
2025-10-23,9:48:00.180347118,T,KO,F I,36,70.6
2025-10-23,9:48:00.180347118,T,KO,F I,1,70.6
2025-10-23,9:48:00.180347118,T,KO,F I,25,70.6
2025-10-23,9:48:00.180353289,T,KO,F,150,70.6
2025-10-23,9:48:00.191256517,T,KO,I,3,70.6
2025-10-23,9:48:04.297208649,T,KO,,250,70.595
2025-10-23,9:48:04.300305916,T,KO,I,2,70.59
2025-10-23,9:48:04.300961562,T,KO,I,13,70.59
2025-10-23,9:48:04.300961562,T,KO,I,16,70.59
2025-10-23,9:48:04.322724409,T,KO,I,49,70.585
2025-10-23,9:48:04.500481454,T,KO,I,4,70.59
2025-10-23,9:48:04.500487552,T,KO,I,59,70.59
2025-10-23,9:48:04.500487552,T,KO,I,3,70.59
2025-10-23,9:48:04.500487552,T,KO,I,25,70.59
2025-10-23,9:48:04.568762135,T,KO,I,10,70.6
2025-10-23,9:48:04.568762135,T,KO,,100,70.6
2025-10-23,9:48:04.568764334,T,KO,,100,70.6
2025-10-23,9:48:04.569826079,T,KO,F I,58,70.6
2025-10-23,9:48:04.569830198,T,KO,F,100,70.6
2025-10-23,9:48:04.569833060,T,KO,F I,51,70.6
2025-10-23,9:48:04.569833060,T,KO,F I,59,70.6
2025-10-23,9:48:04.569834980,T,KO,F I,30,70.6
2025-10-23,9:48:04.569849992,T,KO,I,6,70.6
2025-10-23,9:48:05.031527487,T,KO,F I,51,70.6
2025-10-23,9:48:05.031530598,T,KO,F I,58,70.6
2025-10-23,9:48:06.094808881,T,KO,,120,70.605
2025-10-23,9:48:08.492705052,T,KO,I,25,70.6
2025-10-23,9:48:08.492707970,T,KO,I,21,70.6
2025-10-23,9:48:08.493222300,T,KO,I,79,70.6
2025-10-23,9:48:09.990512363,T,KO,,100,70.605
2025-10-23,9:48:10.506790992,T,KO,F,100,70.605
2025-10-23,9:48:10.506794626,T,KO,F I,14,70.61
2025-10-23,9:48:10.506794626,T,KO,F I,65,70.61
2025-10-23,9:48:10.506797148,T,KO,F I,42,70.61
2025-10-23,9:48:10.506812000,T,KO,I,1,70.61
2025-10-23,9:48:10.507536809,T,KO,I,41,70.61
2025-10-23,9:48:12.000364390,T,KO,,100,70.605
2025-10-23,9:48:17.922146509,T,KO,I,46,70.605
2025-10-23,9:48:17.922146509,T,KO,I,54,70.605
2025-10-23,9:48:17.927712742,T,KO,,141,70.6
2025-10-23,9:48:17.927715666,T,KO,I,61,70.6
2025-10-23,9:48:17.939744319,T,KO,I,15,70.595
2025-10-23,9:48:18.649251245,T,KO,I,1,70.595
2025-10-23,9:48:19.509934191,T,KO,F I,36,70.59
2025-10-23,9:48:19.509953041,T,KO,,178,70.59
2025-10-23,9:48:19.509961197,T,KO,,100,70.59
2025-10-23,9:48:19.509967191,T,KO,F,100,70.59
2025-10-23,9:48:19.509970553,T,KO,F,286,70.59
2025-10-23,9:48:19.509970553,T,KO,F,100,70.59
2025-10-23,9:48:19.557910458,T,KO,F I,61,70.59
2025-10-23,9:48:19.557914145,T,KO,F,100,70.59
2025-10-23,9:48:19.557916959,T,KO,F,100,70.59
2025-10-23,9:48:19.557916959,T,KO,F,200,70.59
2025-10-23,9:48:21.301959394,T,KO,F,100,70.59
2025-10-23,9:48:21.301959394,T,KO,F I,75,70.59
2025-10-23,9:48:21.302275007,T,KO,F I,15,70.59
2025-10-23,9:48:21.302281090,T,KO,I,15,70.59
2025-10-23,9:48:21.302305129,T,KO,I,60,70.59
2025-10-23,9:48:21.302317279,T,KO,F I,11,70.59
2025-10-23,9:48:21.302338748,T,KO,I,11,70.59
2025-10-23,9:48:22.653892254,T,KO,I,1,70.59
2025-10-23,9:48:22.653892254,T,KO,I,1,70.585
2025-10-23,9:48:22.960631849,T,KO,,100,70.595
2025-10-23,9:48:23.617537415,T,KO,,120,70.595
2025-10-23,9:48:23.617540397,T,KO,,100,70.595
2025-10-23,9:48:24.945563485,T,KO,,100,70.595
2025-10-23,9:48:26.151910743,T,KO,F,100,70.58
2025-10-23,9:48:26.698763273,T,KO,I,3,70.59
2025-10-23,9:48:26.698790992,T,KO,F I,97,70.59
2025-10-23,9:48:26.698794580,T,KO,F I,90,70.59
2025-10-23,9:48:26.698794580,T,KO,F,100,70.59
2025-10-23,9:48:29.582400338,T,KO,,100,70.605
2025-10-23,9:48:29.894050824,T,KO,F I,8,70.61
2025-10-23,9:48:30.656874458,T,KO,,100,70.615
2025-10-23,9:48:33.573022177,T,KO,,100,70.615
2025-10-23,9:48:33.573022177,T,KO,I,65,70.615
2025-10-23,9:48:36.059004267,T,KO,I,13,70.62
2025-10-23,9:48:36.059181698,T,KO,F,115,70.62
2025-10-23,9:48:36.059217775,T,KO,F,272,70.62
2025-10-23,9:48:36.433095218,T,KO,F I,1,70.63
2025-10-23,9:48:36.433134430,T,KO,F I,61,70.63
2025-10-23,9:48:36.433134430,T,KO,F I,4,70.63
2025-10-23,9:48:36.433143274,T,KO,F,100,70.63
2025-10-23,9:48:36.433149407,T,KO,F,200,70.63
2025-10-23,9:48:36.434776159,T,KO,F,100,70.62
2025-10-23,9:48:36.434776159,T,KO,F I,1,70.62
2025-10-23,9:48:36.667912550,T,KO,,100,70.615
2025-10-23,9:48:40.851338360,T,KO,F I,25,70.6
2025-10-23,9:48:40.851338360,T,KO,F,100,70.6
2025-10-23,9:48:40.851347394,T,KO,F,100,70.6
2025-10-23,9:48:40.851356380,T,KO,I,1,70.605
2025-10-23,9:48:40.851362571,T,KO,,119,70.605
2025-10-23,9:48:40.864873613,T,KO,F I,22,70.6
2025-10-23,9:48:40.864967135,T,KO,F I,39,70.6
2025-10-23,9:48:40.864967135,T,KO,F I,39,70.6
2025-10-23,9:48:40.865096676,T,KO,I,32,70.6
2025-10-23,9:48:40.865135173,T,KO,I,68,70.6
2025-10-23,9:48:40.865135173,T,KO,I,23,70.6
2025-10-23,9:48:43.443527356,T,KO,I,4,70.615
2025-10-23,9:48:45.970996095,T,KO,F I,4,70.62
2025-10-23,9:48:48.767852497,T,KO,,100,70.63
2025-10-23,9:48:48.777953488,T,KO,I,12,70.63
2025-10-23,9:48:48.778212198,T,KO,F I,27,70.63
2025-10-23,9:48:48.778218166,T,KO,F I,11,70.63
2025-10-23,9:48:57.162529227,T,KO,,250,70.62
2025-10-23,9:48:59.190255838,T,KO,,100,70.625
2025-10-23,9:49:01.945405690,T,KO,F I,11,70.61
2025-10-23,9:49:01.945408997,T,KO,F I,65,70.61
2025-10-23,9:49:01.946596437,T,KO,I,16,70.61
2025-10-23,9:49:01.947652059,T,KO,I,15,70.61
2025-10-23,9:49:01.947679468,T,KO,F I,9,70.61
2025-10-23,9:49:01.947679468,T,KO,F I,3,70.61
2025-10-23,9:49:01.947682412,T,KO,F I,60,70.61
2025-10-23,9:49:04.911056866,T,KO,,130,70.615
2025-10-23,9:49:05.607211869,T,KO,F I,60,70.61
2025-10-23,9:49:06.059994372,T,KO,,100,70.605
2025-10-23,9:49:07.051440956,T,KO,F,100,70.61
2025-10-23,9:49:07.233028118,T,KO,I,8,70.62
2025-10-23,9:49:07.233385910,T,KO,F I,92,70.62
2025-10-23,9:49:07.233497185,T,KO,I,25,70.62
2025-10-23,9:49:07.233497185,T,KO,I,25,70.62
2025-10-23,9:49:09.085151274,T,KO,I,30,70.625
2025-10-23,9:49:13.289777460,T,KO,I,37,70.625
2025-10-23,9:49:16.455230657,T,KO,F,100,70.61
2025-10-23,9:49:16.455955301,T,KO,F I,14,70.61
2025-10-23,9:49:16.456039598,T,KO,F I,17,70.61
2025-10-23,9:49:17.455954015,T,KO,I,4,70.61
2025-10-23,9:49:17.455954015,T,KO,I,7,70.61
2025-10-23,9:49:17.455957162,T,KO,I,10,70.61
2025-10-23,9:49:17.455975135,T,KO,I,1,70.61
2025-10-23,9:49:17.455993157,T,KO,I,7,70.61
2025-10-23,9:49:17.456017483,T,KO,F I,1,70.61
2025-10-23,9:49:18.008153335,T,KO,I,4,70.61
2025-10-23,9:49:20.320721153,T,KO,F I,68,70.6
2025-10-23,9:49:20.320751424,T,KO,F I,32,70.6
2025-10-23,9:49:20.320751424,T,KO,F,100,70.6
2025-10-23,9:49:20.321305164,T,KO,F I,2,70.595
2025-10-23,9:49:20.321756541,T,KO,F I,98,70.595
2025-10-23,9:49:20.321758867,T,KO,F I,56,70.6
2025-10-23,9:49:20.321761684,T,KO,F,100,70.6
2025-10-23,9:49:20.321761684,T,KO,F I,2,70.6
2025-10-23,9:49:20.321779705,T,KO,I,1,70.6
2025-10-23,9:49:20.321887973,T,KO,F I,97,70.6
2025-10-23,9:49:23.117111929,T,KO,F I,4,70.6
2025-10-23,9:49:23.117114507,T,KO,F I,56,70.6
2025-10-23,9:49:23.117114507,T,KO,F I,1,70.6
2025-10-23,9:49:23.117204651,T,KO,F,100,70.6
2025-10-23,9:49:23.117207755,T,KO,F I,2,70.6
2025-10-23,9:49:23.117412836,T,KO,F I,9,70.6
2025-10-23,9:49:25.272332983,T,KO,,100,70.6
2025-10-23,9:49:25.272336128,T,KO,,100,70.6
2025-10-23,9:49:25.272338718,T,KO,I,25,70.6
2025-10-23,9:49:26.738080691,T,KO,F,100,70.6
2025-10-23,9:49:26.738083675,T,KO,F I,7,70.6
2025-10-23,9:49:26.738090160,T,KO,F,200,70.6
2025-10-23,9:49:26.738090160,T,KO,F,100,70.6
2025-10-23,9:49:26.738090160,T,KO,F,100,70.6
2025-10-23,9:49:26.738604155,T,KO,,100,70.605
2025-10-23,9:49:26.738610329,T,KO,I,54,70.61
2025-10-23,9:49:26.738612887,T,KO,,100,70.61
2025-10-23,9:49:26.738617034,T,KO,,100,70.61
2025-10-23,9:49:26.738619174,T,KO,,100,70.61
2025-10-23,9:49:26.738619174,T,KO,,100,70.61
2025-10-23,9:49:26.738621948,T,KO,F I,77,70.61
2025-10-23,9:49:26.738621948,T,KO,F I,23,70.61
2025-10-23,9:49:26.738697307,T,KO,,100,70.61
2025-10-23,9:49:26.739103586,T,KO,F,200,70.62
2025-10-23,9:49:26.739106060,T,KO,F I,2,70.62
2025-10-23,9:49:26.739139153,T,KO,F I,28,70.62
2025-10-23,9:49:26.739142976,T,KO,F,100,70.62
2025-10-23,9:49:26.739145391,T,KO,F,100,70.62
2025-10-23,9:49:26.739145391,T,KO,F,100,70.62
2025-10-23,9:49:26.739337912,T,KO,F,100,70.62
2025-10-23,9:49:26.739337912,T,KO,F,500,70.62
2025-10-23,9:49:26.739419056,T,KO,F,100,70.62
2025-10-23,9:49:26.739654294,T,KO,F,100,70.62
2025-10-23,9:49:26.739657207,T,KO,F,100,70.62
2025-10-23,9:49:26.739659861,T,KO,F,100,70.62
2025-10-23,9:49:26.739659861,T,KO,F,100,70.62
2025-10-23,9:49:26.739665764,T,KO,F,100,70.62
2025-10-23,9:49:26.739672971,T,KO,F I,54,70.62
2025-10-23,9:49:26.739672971,T,KO,F,100,70.62
2025-10-23,9:49:26.739672971,T,KO,F I,60,70.62
2025-10-23,9:49:26.739677482,T,KO,F,100,70.62
2025-10-23,9:49:26.739677482,T,KO,F I,67,70.62
2025-10-23,9:49:26.739680849,T,KO,F,100,70.61
2025-10-23,9:49:26.739680849,T,KO,F,100,70.61
2025-10-23,9:49:26.739680849,T,KO,F I,54,70.61
2025-10-23,9:49:26.739684257,T,KO,F I,53,70.61
2025-10-23,9:49:26.739684257,T,KO,F,100,70.61
2025-10-23,9:49:26.739686650,T,KO,F,100,70.61
2025-10-23,9:49:26.739689672,T,KO,F,100,70.61
2025-10-23,9:49:26.739692679,T,KO,F,200,70.61
2025-10-23,9:49:26.739692679,T,KO,F I,15,70.61
2025-10-23,9:49:26.739695594,T,KO,F I,60,70.61
2025-10-23,9:49:26.740053716,T,KO,F,200,70.61
2025-10-23,9:49:26.740053716,T,KO,F,100,70.61
2025-10-23,9:49:26.740056793,T,KO,F I,36,70.61
2025-10-23,9:49:26.740173607,T,KO,,100,70.61
2025-10-23,9:49:26.740230729,T,KO,F I,54,70.61
2025-10-23,9:49:26.740233819,T,KO,F I,91,70.61
2025-10-23,9:49:26.740264402,T,KO,F I,9,70.61
2025-10-23,9:49:26.740264402,T,KO,F,100,70.61
2025-10-23,9:49:26.740267636,T,KO,F,100,70.61
2025-10-23,9:49:26.740688042,T,KO,I,15,70.61
2025-10-23,9:49:26.740690946,T,KO,,100,70.61
2025-10-23,9:49:26.740694245,T,KO,,100,70.61
2025-10-23,9:49:26.740698071,T,KO,,200,70.61
2025-10-23,9:49:26.740698071,T,KO,,199,70.61
2025-10-23,9:49:26.741123968,T,KO,I,44,70.61
2025-10-23,9:49:26.741132908,T,KO,I,1,70.61
2025-10-23,9:49:26.752864582,T,KO,F,100,70.61
2025-10-23,9:49:26.752864582,T,KO,F,100,70.61
2025-10-23,9:49:26.752869993,T,KO,F I,54,70.61
2025-10-23,9:49:26.752869993,T,KO,F,100,70.61
2025-10-23,9:49:26.752873779,T,KO,F,100,70.61
2025-10-23,9:49:26.752873779,T,KO,F,200,70.61
2025-10-23,9:49:26.752879017,T,KO,F,100,70.61
2025-10-23,9:49:26.752879017,T,KO,F I,1,70.61
2025-10-23,9:49:26.752882239,T,KO,F,199,70.61
2025-10-23,9:49:26.752882239,T,KO,F I,4,70.61
2025-10-23,9:49:26.752886257,T,KO,F,100,70.61
2025-10-23,9:49:26.752890885,T,KO,F I,67,70.61
2025-10-23,9:49:26.752890885,T,KO,F,160,70.61
2025-10-23,9:49:26.752890885,T,KO,F,100,70.61
2025-10-23,9:49:26.752890885,T,KO,F,100,70.61
2025-10-23,9:49:26.772037512,T,KO,,100,70.615
2025-10-23,9:49:26.786399849,T,KO,,100,70.615
2025-10-23,9:49:26.962488091,T,KO,F I,68,70.62
2025-10-23,9:49:26.962488091,T,KO,F I,16,70.62
2025-10-23,9:49:26.962490151,T,KO,F I,23,70.62
2025-10-23,9:49:27.539011313,T,KO,,300,70.615
2025-10-23,9:49:30.739766877,T,KO,,288,70.62
2025-10-23,9:49:30.739766877,T,KO,,100,70.62
2025-10-23,9:49:31.944979166,T,KO,I,5,70.62
2025-10-23,9:49:31.944979166,T,KO,I,68,70.62
2025-10-23,9:49:31.944985363,T,KO,I,4,70.62
2025-10-23,9:49:31.944985363,T,KO,,200,70.62
2025-10-23,9:49:31.944985363,T,KO,I,1,70.62
2025-10-23,9:49:31.944988112,T,KO,I,83,70.62
2025-10-23,9:49:31.945009221,T,KO,F I,17,70.62
2025-10-23,9:49:31.945009221,T,KO,F I,1,70.62
2025-10-23,9:49:31.945021187,T,KO,F I,16,70.62
2025-10-23,9:49:31.945027311,T,KO,F I,3,70.62
2025-10-23,9:49:33.298018728,T,KO,,200,70.62
2025-10-23,9:49:33.298021717,T,KO,,100,70.62
2025-10-23,9:49:41.569841073,T,KO,I,2,70.62
2025-10-23,9:49:41.569841073,T,KO,I,94,70.62
2025-10-23,9:49:41.569844431,T,KO,I,14,70.62
2025-10-23,9:49:41.569925213,T,KO,I,6,70.62
2025-10-23,9:49:41.570646912,T,KO,F I,14,70.62
2025-10-23,9:49:44.544540870,T,KO,F I,1,70.62
2025-10-23,9:49:44.544545037,T,KO,F,100,70.62
2025-10-23,9:49:49.466754664,T,KO,F I,1,70.63
2025-10-23,9:49:49.466754664,T,KO,F I,12,70.63
2025-10-23,9:49:49.466757519,T,KO,F I,52,70.63
2025-10-23,9:49:49.467482056,T,KO,,100,70.635
2025-10-23,9:49:52.826915682,T,KO,F,130,70.625
2025-10-23,9:49:52.826915682,T,KO,F,100,70.62
2025-10-23,9:49:52.826918528,T,KO,F I,70,70.62
2025-10-23,9:49:52.826936575,T,KO,,130,70.62
2025-10-23,9:49:52.906196129,T,KO,,100,70.615
2025-10-23,9:49:54.934033851,T,KO,I,7,70.62
2025-10-23,9:49:54.934097074,T,KO,F I,1,70.62
2025-10-23,9:49:54.934100526,T,KO,F I,4,70.62
2025-10-23,9:49:54.934103015,T,KO,F,100,70.62
2025-10-23,9:49:56.555339450,T,KO,F,100,70.62
2025-10-23,9:49:58.133570264,T,KO,F I,2,70.63
2025-10-23,9:49:58.388018728,T,KO,,100,70.635
2025-10-23,9:49:58.388021642,T,KO,I,17,70.64
2025-10-23,9:49:58.388024272,T,KO,I,25,70.64
2025-10-23,9:49:58.388024272,T,KO,,158,70.64
2025-10-23,9:49:58.388039435,T,KO,I,1,70.64
2025-10-23,9:49:58.389906844,T,KO,F I,1,70.64
2025-10-23,9:50:00.962837800,T,KO,F I,73,70.63
2025-10-23,9:50:00.962852877,T,KO,F I,27,70.63
2025-10-23,9:50:00.962855873,T,KO,F,100,70.63
2025-10-23,9:50:02.258997358,T,KO,,100,70.635
2025-10-23,9:50:02.258997358,T,KO,,100,70.64
2025-10-23,9:50:02.259000076,T,KO,,100,70.64
2025-10-23,9:50:02.259015034,T,KO,I,1,70.64
2025-10-23,9:50:02.597387047,T,KO,I,2,70.635
2025-10-23,9:50:02.598262041,T,KO,I,1,70.64
2025-10-23,9:50:05.299364255,T,KO,,100,70.63
2025-10-23,9:50:05.299367240,T,KO,,200,70.63
2025-10-23,9:50:05.468396857,T,KO,F I,22,70.62
2025-10-23,9:50:05.468640432,T,KO,,100,70.615
2025-10-23,9:50:05.468644419,T,KO,I,51,70.62
2025-10-23,9:50:05.468646607,T,KO,,100,70.62
2025-10-23,9:50:05.468649941,T,KO,,100,70.62
2025-10-23,9:50:05.468652446,T,KO,I,17,70.62
2025-10-23,9:50:05.468652446,T,KO,I,99,70.62
2025-10-23,9:50:05.468664508,T,KO,I,1,70.62
2025-10-23,9:50:05.468805847,T,KO,,100,70.62
2025-10-23,9:50:05.468913980,T,KO,F,100,70.62
2025-10-23,9:50:05.468983257,T,KO,F I,1,70.62
2025-10-23,9:50:08.271601281,T,KO,F,100,70.63
2025-10-23,9:50:18.077064010,T,KO,I,10,70.655
2025-10-23,9:50:18.080823051,T,KO,F I,51,70.65
2025-10-23,9:50:18.163607277,T,KO,I,4,70.65
2025-10-23,9:50:18.163610935,T,KO,I,53,70.65
2025-10-23,9:50:18.163613136,T,KO,,100,70.65
2025-10-23,9:50:18.164097384,T,KO,,200,70.65
2025-10-23,9:50:18.164413617,T,KO,,200,70.66
2025-10-23,9:50:18.164416171,T,KO,,100,70.66
2025-10-23,9:50:18.164503317,T,KO,,100,70.66
2025-10-23,9:50:18.164566412,T,KO,,100,70.66
2025-10-23,9:50:18.164569544,T,KO,,100,70.66
2025-10-23,9:50:18.172752546,T,KO,I,53,70.66
2025-10-23,9:50:18.172755225,T,KO,I,53,70.66
2025-10-23,9:50:18.172755225,T,KO,I,8,70.66
2025-10-23,9:50:18.172776029,T,KO,I,1,70.66
2025-10-23,9:50:19.029901435,T,KO,F I,51,70.66
2025-10-23,9:50:19.030355487,T,KO,F I,97,70.66
2025-10-23,9:50:23.508092218,T,KO,F,100,70.64
2025-10-23,9:50:24.648750985,T,KO,I,67,70.635
2025-10-23,9:50:29.327384567,T,KO,I,33,70.635
2025-10-23,9:50:29.327387540,T,KO,I,67,70.635
2025-10-23,9:50:29.327604071,T,KO,F I,87,70.64
2025-10-23,9:50:29.327628118,T,KO,I,1,70.64
2025-10-23,9:50:33.025102528,T,KO,I,4,70.64
2025-10-23,9:50:33.026161035,T,KO,I,2,70.64
2025-10-23,9:50:33.026185172,T,KO,I,47,70.64
2025-10-23,9:50:33.026191043,T,KO,,200,70.64
2025-10-23,9:50:33.027195514,T,KO,F I,55,70.64
2025-10-23,9:50:33.056659991,T,KO,I,15,70.64
2025-10-23,9:50:33.056680812,T,KO,F I,1,70.64
2025-10-23,9:50:35.036626488,T,KO,I,4,70.64
2025-10-23,9:50:37.348054827,T,KO,F I,1,70.63
2025-10-23,9:50:37.348054827,T,KO,F I,82,70.63
2025-10-23,9:50:37.348075884,T,KO,F I,81,70.63
2025-10-23,9:50:37.348084951,T,KO,F I,37,70.63
2025-10-23,9:50:37.364287496,T,KO,I,51,70.625
2025-10-23,9:50:37.364314528,T,KO,,130,70.625
2025-10-23,9:50:37.386459353,T,KO,,100,70.625
2025-10-23,9:50:40.196859911,T,KO,F,156,70.62
2025-10-23,9:50:40.395913176,T,KO,I,55,70.62
2025-10-23,9:50:40.395916552,T,KO,I,4,70.62
2025-10-23,9:50:40.395916552,T,KO,I,35,70.62
2025-10-23,9:50:40.395918939,T,KO,,100,70.62
2025-10-23,9:50:40.396493321,T,KO,I,55,70.62
2025-10-23,9:50:40.402071580,T,KO,I,4,70.62
2025-10-23,9:50:40.402074631,T,KO,I,22,70.62
2025-10-23,9:50:40.402429453,T,KO,F I,55,70.62
2025-10-23,9:50:40.402435449,T,KO,F,100,70.62
2025-10-23,9:50:40.402435449,T,KO,F,100,70.62
2025-10-23,9:50:40.402661079,T,KO,F,100,70.62
2025-10-23,9:50:40.403866832,T,KO,I,2,70.625
2025-10-23,9:50:40.403896907,T,KO,I,36,70.625
2025-10-23,9:50:40.403906139,T,KO,I,62,70.625
2025-10-23,9:50:40.403908931,T,KO,,100,70.63
2025-10-23,9:50:40.404215779,T,KO,I,31,70.63
2025-10-23,9:50:42.744771244,T,KO,F I,4,70.62
2025-10-23,9:50:42.744774360,T,KO,F I,55,70.62
2025-10-23,9:50:42.744777698,T,KO,F I,25,70.62
2025-10-23,9:50:42.925342304,T,KO,,100,70.61
2025-10-23,9:50:42.938579913,T,KO,,100,70.6
2025-10-23,9:50:42.938583498,T,KO,I,25,70.6
2025-10-23,9:50:43.049327776,T,KO,I,55,70.6
2025-10-23,9:50:43.049327776,T,KO,,100,70.6
2025-10-23,9:50:44.946855997,T,KO,I,55,70.61
2025-10-23,9:50:44.946855997,T,KO,I,67,70.61
2025-10-23,9:50:47.030650949,T,KO,,100,70.605
2025-10-23,9:50:47.572105642,T,KO,,160,70.605
2025-10-23,9:50:47.857762031,T,KO,I,20,70.6
2025-10-23,9:50:49.131719181,T,KO,I,1,70.6
2025-10-23,9:50:51.791824811,T,KO,I,1,70.6
2025-10-23,9:50:58.948260374,T,KO,F,199,70.6
2025-10-23,9:50:58.961085915,T,KO,I,21,70.6
2025-10-23,9:50:58.961110355,T,KO,F I,35,70.6
2025-10-23,9:50:58.961110355,T,KO,F I,13,70.6
2025-10-23,9:51:00.362988794,T,KO,F,100,70.59
2025-10-23,9:51:00.362988794,T,KO,F I,19,70.59
2025-10-23,9:51:00.362991779,T,KO,F,200,70.59
2025-10-23,9:51:00.362991779,T,KO,F,100,70.59
2025-10-23,9:51:00.363289504,T,KO,F I,17,70.59
2025-10-23,9:51:02.521505871,T,KO,F I,56,70.59
2025-10-23,9:51:02.521509143,T,KO,F,100,70.59
2025-10-23,9:51:02.521513063,T,KO,F I,2,70.59
2025-10-23,9:51:02.521513063,T,KO,F I,25,70.59
2025-10-23,9:51:02.522425927,T,KO,F,100,70.6
2025-10-23,9:51:02.522425927,T,KO,F,200,70.6
2025-10-23,9:51:02.522699823,T,KO,,100,70.6
2025-10-23,9:51:03.482402525,T,KO,I,40,70.605
2025-10-23,9:51:03.482405813,T,KO,I,60,70.605
2025-10-23,9:51:11.216273345,T,KO,,1400,70.63
2025-10-23,9:51:11.216273345,T,KO,,200,70.63
2025-10-23,9:51:12.374126783,T,KO,I,69,70.635
2025-10-23,9:51:17.397113240,T,KO,,100,70.625
2025-10-23,9:51:21.374761903,T,KO,,130,70.625
2025-10-23,9:51:25.871753496,T,KO,F I,61,70.62
2025-10-23,9:51:25.871757030,T,KO,F I,39,70.62
2025-10-23,9:51:25.871759766,T,KO,F,100,70.62
2025-10-23,9:51:26.253527891,T,KO,,100,70.61
2025-10-23,9:51:26.253552653,T,KO,F I,14,70.61
2025-10-23,9:51:26.253552653,T,KO,F I,11,70.61
2025-10-23,9:51:26.802725842,T,KO,F I,45,70.605
2025-10-23,9:51:35.112023691,T,KO,F,100,70.6
2025-10-23,9:51:35.112026652,T,KO,F,100,70.6
2025-10-23,9:51:35.117716200,T,KO,F I,87,70.6
2025-10-23,9:51:37.619486478,T,KO,F I,87,70.6
2025-10-23,9:51:37.619486478,T,KO,F,151,70.6
2025-10-23,9:51:37.619489001,T,KO,F,200,70.6
2025-10-23,9:51:37.689296933,T,KO,,100,70.585
2025-10-23,9:51:39.912300167,T,KO,I,25,70.58
2025-10-23,9:51:40.849779421,T,KO,,100,70.575
2025-10-23,9:51:43.325329571,T,KO,,130,70.575
2025-10-23,9:51:43.325332698,T,KO,,100,70.575
2025-10-23,9:51:43.325332698,T,KO,,100,70.575
2025-10-23,9:51:43.325341735,T,KO,I,25,70.57
2025-10-23,9:51:43.325347760,T,KO,,100,70.57
2025-10-23,9:51:43.325347760,T,KO,,100,70.57
2025-10-23,9:51:43.325347760,T,KO,,100,70.57
2025-10-23,9:51:43.325350679,T,KO,,200,70.57
2025-10-23,9:51:43.325368941,T,KO,I,1,70.57
2025-10-23,9:51:43.344593505,T,KO,F I,34,70.57
2025-10-23,9:51:43.344593505,T,KO,F,200,70.57
2025-10-23,9:51:43.344596834,T,KO,F,100,70.57
2025-10-23,9:51:43.345421700,T,KO,F,100,70.57
2025-10-23,9:51:43.345421700,T,KO,F I,84,70.57
2025-10-23,9:51:43.345427898,T,KO,F,100,70.57
2025-10-23,9:51:43.345427898,T,KO,F,100,70.57
2025-10-23,9:51:43.345432510,T,KO,F I,36,70.57
2025-10-23,9:51:43.345432510,T,KO,F I,64,70.57
2025-10-23,9:51:53.788260223,T,KO,F,110,70.58
2025-10-23,9:51:53.788260223,T,KO,F,200,70.58
2025-10-23,9:51:57.087342684,T,KO,I,43,70.575
2025-10-23,9:51:57.087631494,T,KO,I,18,70.58
2025-10-23,9:51:57.088648190,T,KO,F,100,70.58
2025-10-23,9:51:57.088651231,T,KO,F I,83,70.58
2025-10-23,9:51:57.088653919,T,KO,F I,74,70.58
2025-10-23,9:51:57.099142800,T,KO,I,8,70.58
2025-10-23,9:51:57.099163940,T,KO,I,1,70.58
2025-10-23,9:51:57.099175944,T,KO,I,46,70.58
2025-10-23,9:51:57.323375016,T,KO,I,18,70.58
2025-10-23,9:51:57.323378141,T,KO,I,9,70.58
2025-10-23,9:51:57.323378141,T,KO,I,19,70.58
2025-10-23,9:52:02.119924793,T,KO,,100,70.585
2025-10-23,9:52:02.119924793,T,KO,,130,70.585
2025-10-23,9:52:03.354963319,T,KO,,100,70.575
2025-10-23,9:52:06.770143333,T,KO,,100,70.55
2025-10-23,9:52:12.989896189,T,KO,F,200,70.53
2025-10-23,9:52:12.990684084,T,KO,,100,70.52
2025-10-23,9:52:12.990753204,T,KO,I,25,70.525
2025-10-23,9:52:14.129111472,T,KO,F,100,70.53
2025-10-23,9:52:14.129114515,T,KO,F I,3,70.53
2025-10-23,9:52:14.129117462,T,KO,F,200,70.53
2025-10-23,9:52:14.132804223,T,KO,I,7,70.535
2025-10-23,9:52:14.230389624,T,KO,F I,6,70.54
2025-10-23,9:52:29.193067646,T,KO,F I,31,70.51
2025-10-23,9:52:29.193067646,T,KO,F I,6,70.51
2025-10-23,9:52:29.193749750,T,KO,F I,9,70.51
2025-10-23,9:52:33.306898066,T,KO,I,5,70.515
2025-10-23,9:52:37.675847828,T,KO,,100,70.515
2025-10-23,9:52:39.145517757,T,KO,F,100,70.52
2025-10-23,9:52:39.145523407,T,KO,F,100,70.52
2025-10-23,9:52:39.145523407,T,KO,F I,6,70.52
2025-10-23,9:52:39.145523407,T,KO,F I,25,70.52
2025-10-23,9:52:39.145977331,T,KO,F I,8,70.52
2025-10-23,9:52:43.561676889,T,KO,F,333,70.53
2025-10-23,9:52:43.561676889,T,KO,F,100,70.53
2025-10-23,9:52:43.561682373,T,KO,F I,20,70.53
2025-10-23,9:52:48.663384137,T,KO,F I,2,70.55
2025-10-23,9:52:48.663390486,T,KO,F,100,70.55
2025-10-23,9:52:48.663390486,T,KO,F I,5,70.55
2025-10-23,9:52:48.663390486,T,KO,F I,32,70.55
2025-10-23,9:52:48.670643485,T,KO,I,5,70.56
2025-10-23,9:52:48.670908048,T,KO,I,14,70.56
2025-10-23,9:52:57.158839918,T,KO,,100,70.56
2025-10-23,9:52:57.158846011,T,KO,I,25,70.56
2025-10-23,9:52:57.160190204,T,KO,I,25,70.56
2025-10-23,9:52:57.160190204,T,KO,I,67,70.56
2025-10-23,9:52:57.160196821,T,KO,I,11,70.56
2025-10-23,9:52:57.160196821,T,KO,,100,70.56
2025-10-23,9:52:57.160202446,T,KO,,100,70.56
2025-10-23,9:52:57.160202446,T,KO,,100,70.56
2025-10-23,9:52:58.098668486,T,KO,I,5,70.555
2025-10-23,9:52:58.300996244,T,KO,I,11,70.56
2025-10-23,9:52:58.300996244,T,KO,I,67,70.56
2025-10-23,9:53:03.700010220,T,KO,I,66,70.56
2025-10-23,9:53:03.700689808,T,KO,F I,2,70.56
2025-10-23,9:53:06.810802331,T,KO,,100,70.555
2025-10-23,9:53:09.354705240,T,KO,F I,2,70.56
2025-10-23,9:53:09.354708379,T,KO,F,100,70.56
2025-10-23,9:53:09.354708379,T,KO,F I,26,70.56
2025-10-23,9:53:17.443689216,T,KO,F I,30,70.57
2025-10-23,9:53:17.445117323,T,KO,,100,70.56
2025-10-23,9:53:21.680648245,T,KO,,100,70.55
2025-10-23,9:53:23.047069613,T,KO,,100,70.55
2025-10-23,9:53:23.231889754,T,KO,I,23,70.55
2025-10-23,9:53:23.295235715,T,KO,,130,70.55
2025-10-23,9:53:23.295542385,T,KO,I,47,70.55
2025-10-23,9:53:23.295566506,T,KO,I,25,70.56
2025-10-23,9:53:23.295566506,T,KO,I,69,70.56
2025-10-23,9:53:23.309670032,T,KO,I,64,70.56
2025-10-23,9:53:23.309673052,T,KO,I,8,70.56
2025-10-23,9:53:23.309694375,T,KO,F I,92,70.56
2025-10-23,9:53:23.309694375,T,KO,F,100,70.56
2025-10-23,9:53:23.309700099,T,KO,F I,25,70.56
2025-10-23,9:53:26.238835551,T,KO,I,14,70.56
2025-10-23,9:53:29.238835322,T,KO,I,2,70.56
2025-10-23,9:53:35.072949081,T,KO,F,195,70.55
2025-10-23,9:53:35.072970373,T,KO,I,8,70.55
2025-10-23,9:53:35.072970373,T,KO,I,1,70.55
2025-10-23,9:53:35.072970373,T,KO,F I,46,70.55
2025-10-23,9:53:35.072973150,T,KO,F I,10,70.55
2025-10-23,9:53:35.378449768,T,KO,,100,70.535
2025-10-23,9:53:37.690247884,T,KO,F,100,70.53
2025-10-23,9:53:37.693673077,T,KO,I,11,70.53
2025-10-23,9:53:37.693675992,T,KO,I,38,70.53
2025-10-23,9:53:37.833689823,T,KO,I,10,70.53
2025-10-23,9:53:37.833755671,T,KO,F I,62,70.53
2025-10-23,9:53:37.833761887,T,KO,F,100,70.53
2025-10-23,9:53:37.833761887,T,KO,F,100,70.53
2025-10-23,9:53:37.833764655,T,KO,F I,22,70.53
2025-10-23,9:53:37.833806866,T,KO,I,91,70.53
2025-10-23,9:53:37.833851899,T,KO,F I,22,70.53
2025-10-23,9:53:39.930664987,T,KO,I,60,70.53
2025-10-23,9:53:39.930679931,T,KO,I,2,70.53
2025-10-23,9:53:39.930689642,T,KO,I,76,70.53
2025-10-23,9:53:39.930691980,T,KO,F I,24,70.53
2025-10-23,9:53:40.123048209,T,KO,,100,70.535
2025-10-23,9:53:40.429177306,T,KO,I,11,70.53
2025-10-23,9:53:40.429180793,T,KO,I,10,70.53
2025-10-23,9:53:40.429183257,T,KO,I,25,70.53
2025-10-23,9:53:41.473576652,T,KO,I,15,70.53
2025-10-23,9:53:41.473579781,T,KO,I,25,70.53
2025-10-23,9:53:46.406525737,T,KO,F I,2,70.53
2025-10-23,9:53:46.406528699,T,KO,F,100,70.53
2025-10-23,9:53:46.406531769,T,KO,F I,25,70.53
2025-10-23,9:53:48.209027826,T,KO,I,4,70.53
2025-10-23,9:53:48.209049163,T,KO,F I,87,70.53
2025-10-23,9:53:48.209052658,T,KO,F,100,70.53
2025-10-23,9:53:48.210859236,T,KO,I,4,70.54
2025-10-23,9:53:51.404769489,T,KO,I,17,70.54
2025-10-23,9:53:51.404769489,T,KO,I,25,70.54
2025-10-23,9:53:51.906027063,T,KO,,100,70.55
2025-10-23,9:53:51.906048019,T,KO,I,1,70.55
2025-10-23,9:53:51.906054134,T,KO,F I,99,70.55
2025-10-23,9:53:51.906057061,T,KO,F I,78,70.55
2025-10-23,9:53:51.906075135,T,KO,F I,22,70.55
2025-10-23,9:53:51.906363821,T,KO,F,200,70.55
2025-10-23,9:53:51.906547353,T,KO,F,196,70.55
2025-10-23,9:53:52.007188023,T,KO,,100,70.55
2025-10-23,9:53:56.044997947,T,KO,I,32,70.56
2025-10-23,9:53:56.045018993,T,KO,F,268,70.56
2025-10-23,9:53:56.058151259,T,KO,F I,11,70.56
2025-10-23,9:53:56.058154302,T,KO,F,100,70.56
2025-10-23,9:53:56.058157332,T,KO,F I,41,70.56
2025-10-23,9:53:56.058169874,T,KO,I,1,70.56
2025-10-23,9:53:56.058172404,T,KO,I,1,70.56
2025-10-23,9:53:58.673138328,T,KO,I,11,70.56
2025-10-23,9:53:58.673158521,T,KO,I,1,70.57
2025-10-23,9:53:58.673161581,T,KO,I,25,70.57
2025-10-23,9:53:58.673165309,T,KO,I,4,70.57
2025-10-23,9:53:59.859541179,T,KO,I,89,70.56
2025-10-23,9:54:00.049124832,T,KO,,100,70.55
2025-10-23,9:54:00.049124832,T,KO,I,25,70.55
2025-10-23,9:54:00.155088095,T,KO,I,44,70.54
2025-10-23,9:54:02.764354636,T,KO,,100,70.535
2025-10-23,9:54:05.102531609,T,KO,I,16,70.54
2025-10-23,9:54:05.102552986,T,KO,F I,20,70.54
2025-10-23,9:54:05.102552986,T,KO,F I,16,70.54
2025-10-23,9:54:05.102555864,T,KO,F I,3,70.54
2025-10-23,9:54:05.102559375,T,KO,F I,28,70.54
2025-10-23,9:54:05.102559375,T,KO,F I,10,70.54
2025-10-23,9:54:05.102562734,T,KO,F I,7,70.54
2025-10-23,9:54:05.102562734,T,KO,F I,25,70.54
2025-10-23,9:54:05.103466899,T,KO,I,5,70.54
2025-10-23,9:54:05.552502282,T,KO,F I,10,70.54
2025-10-23,9:54:05.602171669,T,KO,I,6,70.55
2025-10-23,9:54:11.892746025,T,KO,I,51,70.55
2025-10-23,9:54:15.429472640,T,KO,I,5,70.56
2025-10-23,9:54:15.429472640,T,KO,,190,70.56
2025-10-23,9:54:15.429490641,T,KO,I,1,70.56
2025-10-23,9:54:15.429499581,T,KO,I,1,70.56
2025-10-23,9:54:20.031170647,T,KO,,100,70.56
2025-10-23,9:54:20.031170647,T,KO,I,25,70.56
2025-10-23,9:54:20.031889364,T,KO,I,25,70.55
2025-10-23,9:54:20.031889364,T,KO,I,87,70.55
2025-10-23,9:54:20.033158280,T,KO,F I,59,70.56
2025-10-23,9:54:20.033161783,T,KO,F I,15,70.56
2025-10-23,9:54:25.494098842,T,KO,I,6,70.57
2025-10-23,9:54:25.494544251,T,KO,F I,7,70.57
2025-10-23,9:54:32.679310255,T,KO,F I,79,70.57
2025-10-23,9:54:32.679314067,T,KO,F I,59,70.57
2025-10-23,9:54:32.679316429,T,KO,F I,21,70.57
2025-10-23,9:54:34.914446734,T,KO,I,25,70.57
2025-10-23,9:54:37.300398462,T,KO,F,200,70.58
2025-10-23,9:54:47.333395664,T,KO,I,62,70.58
2025-10-23,9:54:53.871185946,T,KO,I,10,70.59
2025-10-23,9:55:00.225118276,T,KO,I,10,70.58
2025-10-23,9:55:06.236456618,T,KO,I,5,70.58
2025-10-23,9:55:06.236460102,T,KO,I,2,70.58
2025-10-23,9:55:06.236465537,T,KO,I,2,70.58
2025-10-23,9:55:06.236465537,T,KO,I,25,70.58
2025-10-23,9:55:06.236465537,T,KO,I,18,70.58
2025-10-23,9:55:11.402986829,T,KO,F I,7,70.57
2025-10-23,9:55:20.248257029,T,KO,,100,70.58
2025-10-23,9:55:20.384499542,T,KO,I,2,70.58
2025-10-23,9:55:20.384532585,T,KO,I,62,70.58
2025-10-23,9:55:20.384550706,T,KO,I,36,70.58
2025-10-23,9:55:30.338669798,T,KO,I,2,70.58
