DATE,TIME_M,EX,SYM_ROOT,TR_SCOND,SIZE,PRICE
2025-11-06,9:30:00.121928551,T,KO,TI,1,68.22
2025-11-06,9:30:00.322603014,T,KO,TI,99,68.22
2025-11-06,9:30:00.322603014,T,KO,TI,1,68.22
2025-11-06,9:30:00.322605515,T,KO,TI,95,68.21
2025-11-06,9:30:00.322608585,T,KO,TI,50,68.21
2025-11-06,9:30:00.813816519,T,KO,I,50,68.23
2025-11-06,9:30:00.813843577,T,KO,,100,68.2
2025-11-06,9:30:00.813846985,T,KO,Q,50,68.23
2025-11-06,9:30:00.813855645,T,KO,F I,50,68.19
2025-11-06,9:30:01.041091781,T,KO,I,1,68.31
2025-11-06,9:30:01.281755172,T,KO,I,1,68.32
2025-11-06,9:30:01.308819540,T,KO,F,262,68.2
2025-11-06,9:30:01.341763018,T,KO,,270,68.19
2025-11-06,9:30:01.343203656,T,KO,F I,38,68.2
2025-11-06,9:30:01.343203656,T,KO,F I,62,68.21
2025-11-06,9:30:01.343230429,T,KO,F I,38,68.21
2025-11-06,9:30:01.343332791,T,KO,,100,68.19
2025-11-06,9:30:01.343443942,T,KO,I,25,68.19
2025-11-06,9:30:01.343447025,T,KO,I,28,68.19
2025-11-06,9:30:01.343483046,T,KO,I,1,68.19
2025-11-06,9:30:01.343486113,T,KO,I,10,68.18
2025-11-06,9:30:01.343489122,T,KO,I,25,68.18
2025-11-06,9:30:01.343489122,T,KO,,100,68.18
2025-11-06,9:30:01.344986609,T,KO,F I,1,68.17
2025-11-06,9:30:01.345455745,T,KO,F I,25,68.17
2025-11-06,9:30:01.348355070,T,KO,F I,5,68.17
2025-11-06,9:30:01.348357705,T,KO,F I,5,68.17
2025-11-06,9:30:01.348357705,T,KO,F I,25,68.17
2025-11-06,9:30:01.348360734,T,KO,F I,65,68.18
2025-11-06,9:30:01.348667391,T,KO,F I,21,68.2
2025-11-06,9:30:01.348826759,T,KO,F I,79,68.2
2025-11-06,9:30:01.348826759,T,KO,F,100,68.21
2025-11-06,9:30:01.348829769,T,KO,F I,77,68.21
2025-11-06,9:30:01.348878053,T,KO,I,1,68.19
2025-11-06,9:30:01.348881080,T,KO,I,5,68.19
2025-11-06,9:30:01.348884346,T,KO,I,3,68.19
2025-11-06,9:30:01.348884346,T,KO,I,11,68.19
2025-11-06,9:30:01.502327362,T,KO,I,3,68.24
2025-11-06,9:30:01.502354464,T,KO,I,1,68.24
2025-11-06,9:30:01.504294092,T,KO,I,3,68.23
2025-11-06,9:30:01.506059299,T,KO,I,2,68.24
2025-11-06,9:30:01.518644299,T,KO,I,1,68.24
2025-11-06,9:30:01.518740461,T,KO,I,2,68.23
2025-11-06,9:30:01.518743529,T,KO,I,25,68.23
2025-11-06,9:30:01.519017140,T,KO,I,25,68.22
2025-11-06,9:30:01.519311861,T,KO,I,57,68.21
2025-11-06,9:30:01.519339436,T,KO,F I,43,68.21
2025-11-06,9:30:01.519339436,T,KO,F I,25,68.21
2025-11-06,9:30:01.896822007,T,KO,I,2,68.22
2025-11-06,9:30:01.896822007,T,KO,I,9,68.22
2025-11-06,9:30:01.942545909,T,KO,I,1,68.21
2025-11-06,9:30:01.942545909,T,KO,I,25,68.21
2025-11-06,9:30:02.304400783,T,KO,F I,29,68.22
2025-11-06,9:30:02.304404107,T,KO,F I,1,68.22
2025-11-06,9:30:02.304404107,T,KO,F I,1,68.22
2025-11-06,9:30:02.342315184,T,KO,F,100,68.27
2025-11-06,9:30:02.342318112,T,KO,F I,25,68.27
2025-11-06,9:30:02.342363257,T,KO,,100,68.25
2025-11-06,9:30:02.342378343,T,KO,I,28,68.25
2025-11-06,9:30:02.342384288,T,KO,I,1,68.25
2025-11-06,9:30:02.342459444,T,KO,F I,28,68.27
2025-11-06,9:30:02.342459444,T,KO,F I,10,68.27
2025-11-06,9:30:02.342630875,T,KO,F I,95,68.27
2025-11-06,9:30:02.342642859,T,KO,F I,38,68.27
2025-11-06,9:30:02.342688406,T,KO,F I,90,68.27
2025-11-06,9:30:02.342688406,T,KO,F I,10,68.27
2025-11-06,9:30:02.342718010,T,KO,F I,50,68.27
2025-11-06,9:30:02.342736209,T,KO,F I,40,68.27
2025-11-06,9:30:02.342739119,T,KO,F,100,68.27
2025-11-06,9:30:02.343127083,T,KO,F I,18,68.27
2025-11-06,9:30:02.343154591,T,KO,F,100,68.27
2025-11-06,9:30:02.343154591,T,KO,F I,1,68.27
2025-11-06,9:30:02.343469878,T,KO,F I,58,68.27
2025-11-06,9:30:02.343542056,T,KO,F,100,68.28
2025-11-06,9:30:02.343821666,T,KO,F I,58,68.28
2025-11-06,9:30:02.343846140,T,KO,F,100,68.28
2025-11-06,9:30:02.345460629,T,KO,F I,25,68.27
2025-11-06,9:30:02.384695216,T,KO,F,100,68.29
2025-11-06,9:30:02.384698354,T,KO,F I,25,68.29
2025-11-06,9:30:02.384701356,T,KO,F I,50,68.29
2025-11-06,9:30:02.469800777,T,KO,I,30,68.28
2025-11-06,9:30:03.048877931,T,KO,F I,12,68.28
2025-11-06,9:30:03.048931992,T,KO,I,3,68.27
2025-11-06,9:30:03.048931992,T,KO,I,3,68.27
2025-11-06,9:30:03.056666438,T,KO,F I,3,68.28
2025-11-06,9:30:03.056666438,T,KO,F I,3,68.28
2025-11-06,9:30:03.056669408,T,KO,F I,13,68.28
2025-11-06,9:30:03.061901887,T,KO,F I,2,68.28
2025-11-06,9:30:03.320956923,T,KO,I,6,68.27
2025-11-06,9:30:03.374848283,T,KO,I,6,68.26
2025-11-06,9:30:03.503753271,T,KO,I,1,68.26
2025-11-06,9:30:03.968111005,T,KO,I,24,68.26
2025-11-06,9:30:03.968111005,T,KO,I,3,68.26
2025-11-06,9:30:03.968113423,T,KO,I,25,68.24
2025-11-06,9:30:03.968116150,T,KO,,243,68.24
2025-11-06,9:30:03.968119230,T,KO,I,27,68.24
2025-11-06,9:30:05.136840735,T,KO,I,50,68.24
2025-11-06,9:30:05.136840735,T,KO,I,97,68.24
2025-11-06,9:30:05.136843660,T,KO,I,53,68.24
2025-11-06,9:30:05.136858686,T,KO,I,1,68.24
2025-11-06,9:30:05.136861685,T,KO,I,46,68.24
2025-11-06,9:30:05.559115620,T,KO,I,4,68.235
2025-11-06,9:30:05.559115620,T,KO,I,3,68.235
2025-11-06,9:30:06.707776206,T,KO,F,100,68.24
2025-11-06,9:30:06.707776206,T,KO,F,100,68.25
2025-11-06,9:30:06.739113815,T,KO,F,100,68.26
2025-11-06,9:30:06.739450699,T,KO,I,65,68.27
2025-11-06,9:30:06.739552943,T,KO,I,6,68.26
2025-11-06,9:30:06.739570932,T,KO,F I,65,68.28
2025-11-06,9:30:06.739573943,T,KO,F I,25,68.28
2025-11-06,9:30:06.739586040,T,KO,I,28,68.25
2025-11-06,9:30:06.739589015,T,KO,I,25,68.25
2025-11-06,9:30:06.739591951,T,KO,I,24,68.25
2025-11-06,9:30:06.739844526,T,KO,F I,25,68.28
2025-11-06,9:30:06.740298629,T,KO,I,3,68.27
2025-11-06,9:30:06.838386312,T,KO,I,8,68.27
2025-11-06,9:30:06.838407294,T,KO,F I,92,68.27
2025-11-06,9:30:06.838407294,T,KO,F I,3,68.27
2025-11-06,9:30:08.446938372,T,KO,F,100,68.28
2025-11-06,9:30:08.446977767,T,KO,F I,65,68.29
2025-11-06,9:30:08.446980578,T,KO,F I,25,68.29
2025-11-06,9:30:08.446983578,T,KO,F I,19,68.29
2025-11-06,9:30:08.447446947,T,KO,F I,81,68.29
2025-11-06,9:30:08.447449622,T,KO,F,100,68.29
2025-11-06,9:30:08.447449622,T,KO,F I,1,68.29
2025-11-06,9:30:08.447473665,T,KO,F I,65,68.3
2025-11-06,9:30:08.447473665,T,KO,F I,25,68.3
2025-11-06,9:30:08.447615858,T,KO,I,50,68.29
2025-11-06,9:30:08.447618398,T,KO,I,25,68.29
2025-11-06,9:30:08.447618398,T,KO,I,3,68.29
2025-11-06,9:30:08.447897626,T,KO,F,100,68.29
2025-11-06,9:30:08.545621439,T,KO,I,2,68.3
2025-11-06,9:30:08.545639594,T,KO,F I,98,68.3
2025-11-06,9:30:08.756165379,T,KO,F,100,68.32
2025-11-06,9:30:08.756165379,T,KO,F I,48,68.32
2025-11-06,9:30:08.756167830,T,KO,F I,52,68.32
2025-11-06,9:30:08.880228330,T,KO,F,100,68.33
2025-11-06,9:30:08.880249376,T,KO,F,100,68.33
2025-11-06,9:30:09.230295141,T,KO,F,100,68.35
2025-11-06,9:30:10.154375274,T,KO,,100,68.36
2025-11-06,9:30:10.154378870,T,KO,,100,68.36
2025-11-06,9:30:10.154468315,T,KO,I,50,68.36
2025-11-06,9:30:10.154471599,T,KO,,100,68.35
2025-11-06,9:30:10.154474372,T,KO,I,3,68.35
2025-11-06,9:30:10.154483351,T,KO,I,25,68.36
2025-11-06,9:30:10.154483351,T,KO,I,44,68.35
2025-11-06,9:30:10.154516420,T,KO,F I,3,68.36
2025-11-06,9:30:10.154600610,T,KO,F I,54,68.36
2025-11-06,9:30:10.154609928,T,KO,F I,46,68.36
2025-11-06,9:30:10.154642723,T,KO,I,25,68.35
2025-11-06,9:30:10.154642723,T,KO,I,67,68.35
2025-11-06,9:30:10.154699915,T,KO,F I,3,68.36
2025-11-06,9:30:10.154766031,T,KO,F I,6,68.36
2025-11-06,9:30:10.154769044,T,KO,F I,6,68.36
2025-11-06,9:30:10.154772306,T,KO,F I,19,68.36
2025-11-06,9:30:10.154775064,T,KO,F I,15,68.36
2025-11-06,9:30:10.154832164,T,KO,I,3,68.36
2025-11-06,9:30:10.154937440,T,KO,I,6,68.36
2025-11-06,9:30:10.154964440,T,KO,I,25,68.36
2025-11-06,9:30:10.154967465,T,KO,I,1,68.36
2025-11-06,9:30:10.155033760,T,KO,F I,19,68.36
2025-11-06,9:30:10.155046189,T,KO,F I,6,68.36
2025-11-06,9:30:10.155046189,T,KO,F I,9,68.36
2025-11-06,9:30:10.155063729,T,KO,I,1,68.36
2025-11-06,9:30:10.155069758,T,KO,I,90,68.36
2025-11-06,9:30:10.155259263,T,KO,I,3,68.36
2025-11-06,9:30:10.155481718,T,KO,F,100,68.36
2025-11-06,9:30:10.156411330,T,KO,F,100,68.37
2025-11-06,9:30:10.156474669,T,KO,F,100,68.37
2025-11-06,9:30:10.156919179,T,KO,F,100,68.37
2025-11-06,9:30:11.220973403,T,KO,F,100,68.38
2025-11-06,9:30:11.220976431,T,KO,F I,50,68.38
2025-11-06,9:30:11.220991802,T,KO,I,1,68.38
2025-11-06,9:30:11.221003553,T,KO,F I,49,68.38
2025-11-06,9:30:11.221003553,T,KO,F I,1,68.38
2025-11-06,9:30:11.221013390,T,KO,I,6,68.37
2025-11-06,9:30:11.221013390,T,KO,I,2,68.37
2025-11-06,9:30:11.221015759,T,KO,I,5,68.37
2025-11-06,9:30:11.221019267,T,KO,,300,68.37
2025-11-06,9:30:11.221025529,T,KO,I,99,68.38
2025-11-06,9:30:11.221292140,T,KO,I,25,68.37
2025-11-06,9:30:13.254359339,T,KO,,100,68.38
2025-11-06,9:30:13.255102112,T,KO,F,300,68.39
2025-11-06,9:30:13.398925742,T,KO,F,100,68.39
2025-11-06,9:30:13.398946792,T,KO,I,1,68.39
2025-11-06,9:30:13.875542917,T,KO,I,25,68.38
2025-11-06,9:30:13.875545941,T,KO,,100,68.38
2025-11-06,9:30:13.884612500,T,KO,I,1,68.38
2025-11-06,9:30:15.620966029,T,KO,F,100,68.39
2025-11-06,9:30:18.406825159,T,KO,F,100,68.39
2025-11-06,9:30:18.406861148,T,KO,F,100,68.39
2025-11-06,9:30:18.406948440,T,KO,F,100,68.39
2025-11-06,9:30:18.406970032,T,KO,F,299,68.39
2025-11-06,9:30:18.406972507,T,KO,F,100,68.4
2025-11-06,9:30:18.544195346,T,KO,I,25,68.39
2025-11-06,9:30:18.552089166,T,KO,F I,13,68.4
2025-11-06,9:30:18.552089166,T,KO,F I,87,68.4
2025-11-06,9:30:18.552110103,T,KO,I,1,68.4
2025-11-06,9:30:18.552116152,T,KO,I,12,68.4
2025-11-06,9:30:18.566688810,T,KO,I,13,68.4
2025-11-06,9:30:18.566691907,T,KO,I,13,68.4
2025-11-06,9:30:18.567811002,T,KO,F I,25,68.39
2025-11-06,9:30:19.311999090,T,KO,F,100,68.41
2025-11-06,9:30:19.437942067,T,KO,F,100,68.42
2025-11-06,9:30:19.438137651,T,KO,I,13,68.41
2025-11-06,9:30:19.438140412,T,KO,I,25,68.41
2025-11-06,9:30:19.438254666,T,KO,,100,68.41
2025-11-06,9:30:19.438257734,T,KO,I,13,68.41
2025-11-06,9:30:19.438260672,T,KO,F I,62,68.41
2025-11-06,9:30:19.438380975,T,KO,I,50,68.42
2025-11-06,9:30:19.438441108,T,KO,I,25,68.41
2025-11-06,9:30:19.438799130,T,KO,F,100,68.41
2025-11-06,9:30:19.438799130,T,KO,F I,25,68.41
2025-11-06,9:30:19.438853149,T,KO,F I,39,68.42
2025-11-06,9:30:19.439051962,T,KO,F,100,68.41
2025-11-06,9:30:19.439051962,T,KO,F I,25,68.41
2025-11-06,9:30:19.579555529,T,KO,F I,13,68.42
2025-11-06,9:30:19.579558299,T,KO,F I,25,68.42
2025-11-06,9:30:19.579558299,T,KO,F,100,68.42
2025-11-06,9:30:19.661413932,T,KO,F I,10,68.43
2025-11-06,9:30:19.661413932,T,KO,F I,25,68.43
2025-11-06,9:30:19.661419324,T,KO,F I,65,68.43
2025-11-06,9:30:19.661437382,T,KO,I,1,68.43
2025-11-06,9:30:19.662102300,T,KO,F I,25,68.41
2025-11-06,9:30:19.662348426,T,KO,F,100,68.41
2025-11-06,9:30:19.662472103,T,KO,F,100,68.4
2025-11-06,9:30:19.662472103,T,KO,F I,25,68.4
2025-11-06,9:30:19.708403158,T,KO,F,100,68.41
2025-11-06,9:30:19.708406490,T,KO,F I,25,68.41
2025-11-06,9:30:19.708406490,T,KO,F I,96,68.41
2025-11-06,9:30:19.708409202,T,KO,F I,79,68.41
2025-11-06,9:30:19.730361499,T,KO,F I,25,68.39
2025-11-06,9:30:19.730365049,T,KO,F,100,68.39
2025-11-06,9:30:19.730635111,T,KO,F,100,68.38
2025-11-06,9:30:19.730638102,T,KO,F I,25,68.38
2025-11-06,9:30:19.750978675,T,KO,F,100,68.39
2025-11-06,9:30:19.750981667,T,KO,F I,25,68.39
2025-11-06,9:30:19.750984732,T,KO,F,100,68.39
2025-11-06,9:30:21.508087458,T,KO,F,100,68.39
2025-11-06,9:30:24.787331706,T,KO,F I,1,68.42
2025-11-06,9:30:24.814378132,T,KO,F I,50,68.42
2025-11-06,9:30:25.959048465,T,KO,I,25,68.4
2025-11-06,9:30:31.473366026,T,KO,,116,68.405
2025-11-06,9:30:31.473414139,T,KO,F I,50,68.42
2025-11-06,9:30:31.473459355,T,KO,F I,60,68.41
2025-11-06,9:30:31.473498370,T,KO,,130,68.41
2025-11-06,9:30:31.473498370,T,KO,,184,68.405
2025-11-06,9:30:31.473504420,T,KO,I,60,68.4
2025-11-06,9:30:31.473504420,T,KO,I,10,68.4
2025-11-06,9:30:31.473765999,T,KO,F I,60,68.41
2025-11-06,9:30:31.473808169,T,KO,F,100,68.41
2025-11-06,9:30:31.473826125,T,KO,I,1,68.41
2025-11-06,9:30:31.473994654,T,KO,F,100,68.4
2025-11-06,9:30:31.473997619,T,KO,F I,25,68.4
2025-11-06,9:30:31.474078738,T,KO,I,25,68.4
2025-11-06,9:30:31.474144902,T,KO,F I,1,68.4
2025-11-06,9:30:31.474187106,T,KO,F I,1,68.4
2025-11-06,9:30:31.474397709,T,KO,I,24,68.4
2025-11-06,9:30:31.474397709,T,KO,,100,68.4
2025-11-06,9:30:31.474400613,T,KO,I,1,68.4
2025-11-06,9:30:31.474403666,T,KO,I,25,68.4
2025-11-06,9:30:31.474403666,T,KO,I,26,68.4
2025-11-06,9:30:31.474608157,T,KO,F I,25,68.39
2025-11-06,9:30:31.474608157,T,KO,F,100,68.39
2025-11-06,9:30:31.475588352,T,KO,F,125,68.39
2025-11-06,9:30:31.709972582,T,KO,I,25,68.39
2025-11-06,9:30:31.709981704,T,KO,F I,25,68.38
2025-11-06,9:30:32.185744668,T,KO,,100,68.38
2025-11-06,9:30:32.185771816,T,KO,,100,68.37
2025-11-06,9:30:32.185771816,T,KO,I,33,68.37
2025-11-06,9:30:32.185816968,T,KO,F,100,68.37
2025-11-06,9:30:32.185819880,T,KO,F I,67,68.37
2025-11-06,9:30:32.185907066,T,KO,F,100,68.36
2025-11-06,9:30:32.185910167,T,KO,F I,25,68.36
2025-11-06,9:30:32.186580865,T,KO,I,1,68.37
2025-11-06,9:30:32.186584440,T,KO,,100,68.37
2025-11-06,9:30:32.186845357,T,KO,F I,64,68.37
2025-11-06,9:30:32.186851990,T,KO,F,100,68.37
2025-11-06,9:30:32.186851990,T,KO,F,234,68.37
2025-11-06,9:30:32.186855436,T,KO,F,100,68.37
2025-11-06,9:30:32.186855436,T,KO,F,302,68.37
2025-11-06,9:30:32.186858153,T,KO,F I,10,68.37
2025-11-06,9:30:32.186860790,T,KO,F I,90,68.37
2025-11-06,9:30:32.186860790,T,KO,F I,10,68.37
2025-11-06,9:30:32.186863353,T,KO,F I,90,68.37
2025-11-06,9:30:32.190294499,T,KO,,100,68.35
2025-11-06,9:30:32.197818510,T,KO,F,300,68.36
2025-11-06,9:30:36.949546766,T,KO,F,100,68.37
2025-11-06,9:30:36.949606906,T,KO,,100,68.37
2025-11-06,9:30:38.009391023,T,KO,I,1,68.375
2025-11-06,9:30:38.031794339,T,KO,F,110,68.37
2025-11-06,9:30:43.761280539,T,KO,,100,68.35
2025-11-06,9:30:45.410272850,T,KO,I,50,68.37
2025-11-06,9:30:45.410275804,T,KO,,300,68.37
2025-11-06,9:30:45.410543436,T,KO,I,24,68.38
2025-11-06,9:30:45.795517431,T,KO,F,100,68.38
2025-11-06,9:30:45.795520393,T,KO,F I,1,68.39
2025-11-06,9:30:45.795553530,T,KO,I,25,68.39
2025-11-06,9:30:45.795553530,T,KO,I,50,68.38
2025-11-06,9:30:45.795556454,T,KO,I,24,68.38
2025-11-06,9:30:45.795556454,T,KO,I,58,68.38
2025-11-06,9:30:45.795559437,T,KO,I,71,68.38
2025-11-06,9:30:45.795688801,T,KO,I,25,68.39
2025-11-06,9:30:46.029258136,T,KO,,100,68.4
2025-11-06,9:30:46.029258136,T,KO,I,25,68.4
2025-11-06,9:30:46.029276256,T,KO,I,1,68.4
2025-11-06,9:30:46.029973779,T,KO,I,50,68.39
2025-11-06,9:30:46.029976767,T,KO,,100,68.39
2025-11-06,9:30:46.029976767,T,KO,,150,68.39
2025-11-06,9:30:46.029991834,T,KO,I,1,68.39
2025-11-06,9:30:46.838250866,T,KO,,122,68.38
2025-11-06,9:30:46.838268945,T,KO,F,100,68.39
2025-11-06,9:30:46.838350103,T,KO,F,1000,68.39
2025-11-06,9:30:46.838728974,T,KO,F I,50,68.38
2025-11-06,9:30:46.838728974,T,KO,F,100,68.38
2025-11-06,9:30:46.839417637,T,KO,F,200,68.38
2025-11-06,9:30:46.839447785,T,KO,I,1,68.38
2025-11-06,9:30:46.839471762,T,KO,I,59,68.38
2025-11-06,9:30:46.839862768,T,KO,F I,40,68.38
2025-11-06,9:30:51.499045653,T,KO,F,100,68.4
2025-11-06,9:30:55.217705359,T,KO,,140,68.42
2025-11-06,9:30:58.151513866,T,KO,I,50,68.44
2025-11-06,9:30:58.151516989,T,KO,I,29,68.43
2025-11-06,9:30:58.151516989,T,KO,I,21,68.43
2025-11-06,9:30:58.151553063,T,KO,I,99,68.44
2025-11-06,9:30:58.151721365,T,KO,F I,1,68.44
2025-11-06,9:30:58.180088140,T,KO,F,100,68.45
2025-11-06,9:30:58.180109019,T,KO,I,1,68.45
2025-11-06,9:30:58.180266146,T,KO,,100,68.46
2025-11-06,9:30:58.180268716,T,KO,,100,68.46
2025-11-06,9:30:58.180268716,T,KO,I,25,68.46
2025-11-06,9:30:58.202094913,T,KO,F I,50,68.46
2025-11-06,9:30:58.202891278,T,KO,F I,1,68.44
2025-11-06,9:30:58.203588989,T,KO,,100,68.43
2025-11-06,9:30:58.203592028,T,KO,I,21,68.43
2025-11-06,9:30:58.203592028,T,KO,I,50,68.43
2025-11-06,9:30:58.204247559,T,KO,F,100,68.43
2025-11-06,9:30:58.205333102,T,KO,F,100,68.43
2025-11-06,9:30:58.205336308,T,KO,F,100,68.43
2025-11-06,9:30:58.213488553,T,KO,F I,50,68.42
2025-11-06,9:30:58.213488553,T,KO,F,100,68.42
2025-11-06,9:30:59.131370644,T,KO,I,39,68.41
2025-11-06,9:30:59.131376709,T,KO,I,11,68.41
2025-11-06,9:30:59.132408209,T,KO,,100,68.4
2025-11-06,9:30:59.132411177,T,KO,I,50,68.4
2025-11-06,9:31:02.511634488,T,KO,F I,45,68.4
2025-11-06,9:31:02.511643481,T,KO,F I,59,68.4
2025-11-06,9:31:02.511658628,T,KO,F I,52,68.4
2025-11-06,9:31:02.513135611,T,KO,F,100,68.39
2025-11-06,9:31:02.513135611,T,KO,F I,2,68.39
2025-11-06,9:31:02.513138066,T,KO,F I,50,68.39
2025-11-06,9:31:02.513141055,T,KO,F,150,68.39
2025-11-06,9:31:02.514951398,T,KO,,100,68.39
2025-11-06,9:31:03.016314388,T,KO,F I,18,68.38
2025-11-06,9:31:03.016317389,T,KO,F I,3,68.38
2025-11-06,9:31:03.016320478,T,KO,F I,50,68.38
2025-11-06,9:31:03.016320478,T,KO,F I,2,68.38
2025-11-06,9:31:03.016356617,T,KO,,100,68.37
2025-11-06,9:31:03.016380656,T,KO,I,1,68.37
2025-11-06,9:31:03.016404667,T,KO,I,49,68.37
2025-11-06,9:31:03.020786062,T,KO,F I,50,68.36
2025-11-06,9:31:04.414539527,T,KO,F I,1,68.35
2025-11-06,9:31:05.171505885,T,KO,F I,77,68.37
2025-11-06,9:31:05.171906028,T,KO,I,50,68.37
2025-11-06,9:31:05.171909407,T,KO,I,29,68.36
2025-11-06,9:31:05.171909407,T,KO,I,50,68.36
2025-11-06,9:31:05.171911489,T,KO,,100,68.36
2025-11-06,9:31:05.171914585,T,KO,I,2,68.36
2025-11-06,9:31:05.172185052,T,KO,F,100,68.36
2025-11-06,9:31:05.172188031,T,KO,F I,50,68.36
2025-11-06,9:31:05.172233472,T,KO,I,6,68.36
2025-11-06,9:31:05.172236158,T,KO,I,24,68.36
2025-11-06,9:31:05.172236158,T,KO,I,29,68.36
2025-11-06,9:31:05.172293431,T,KO,I,1,68.36
2025-11-06,9:31:05.172296421,T,KO,,100,68.36
2025-11-06,9:31:05.172296421,T,KO,I,49,68.36
2025-11-06,9:31:05.206632239,T,KO,F,100,68.38
2025-11-06,9:31:05.222338456,T,KO,F I,25,68.4
2025-11-06,9:31:05.238075040,T,KO,F I,78,68.41
2025-11-06,9:31:05.251345644,T,KO,I,50,68.4
2025-11-06,9:31:05.251345644,T,KO,I,30,68.4
2025-11-06,9:31:05.251348607,T,KO,,100,68.4
2025-11-06,9:31:05.251352168,T,KO,I,2,68.4
2025-11-06,9:31:05.252918452,T,KO,F,100,68.41
2025-11-06,9:31:05.252936380,T,KO,F I,26,68.41
2025-11-06,9:31:05.252936380,T,KO,F I,25,68.41
2025-11-06,9:31:05.252939363,T,KO,I,1,68.41
2025-11-06,9:31:05.252945775,T,KO,I,1,68.41
2025-11-06,9:31:05.253173962,T,KO,I,3,68.4
2025-11-06,9:31:05.253177896,T,KO,I,50,68.4
2025-11-06,9:31:05.253177896,T,KO,,100,68.4
2025-11-06,9:31:05.253180274,T,KO,I,2,68.4
2025-11-06,9:31:05.253182979,T,KO,I,14,68.4
2025-11-06,9:31:05.253604461,T,KO,F I,2,68.39
2025-11-06,9:31:05.253604461,T,KO,F,100,68.39
2025-11-06,9:31:05.253607479,T,KO,F I,14,68.39
2025-11-06,9:31:05.269163068,T,KO,F,100,68.4
2025-11-06,9:31:05.269890722,T,KO,I,50,68.4
2025-11-06,9:31:05.269890722,T,KO,I,2,68.4
2025-11-06,9:31:05.318447713,T,KO,I,50,68.4
2025-11-06,9:31:05.318450476,T,KO,,100,68.4
2025-11-06,9:31:05.352714166,T,KO,F,100,68.41
2025-11-06,9:31:05.353228209,T,KO,F I,50,68.41
2025-11-06,9:31:05.353273340,T,KO,F I,2,68.41
2025-11-06,9:31:05.466414844,T,KO,F I,25,68.42
2025-11-06,9:31:05.466616524,T,KO,F I,50,68.41
2025-11-06,9:31:05.466619419,T,KO,F I,29,68.41
2025-11-06,9:31:05.466623344,T,KO,F I,11,68.41
2025-11-06,9:31:05.466623344,T,KO,F I,2,68.41
2025-11-06,9:31:05.466766683,T,KO,F I,50,68.41
2025-11-06,9:31:06.471943637,T,KO,F I,29,68.42
2025-11-06,9:31:06.510576667,T,KO,F I,25,68.43
2025-11-06,9:31:06.510579615,T,KO,F,100,68.43
2025-11-06,9:31:06.510582668,T,KO,F,175,68.43
2025-11-06,9:31:06.510591677,T,KO,F I,25,68.43
2025-11-06,9:31:06.511075914,T,KO,F I,50,68.43
2025-11-06,9:31:06.511099954,T,KO,I,2,68.43
2025-11-06,9:31:06.511430758,T,KO,,100,68.42
2025-11-06,9:31:06.511430758,T,KO,I,9,68.42
2025-11-06,9:31:06.511451791,T,KO,I,1,68.42
2025-11-06,9:31:06.511457762,T,KO,F I,15,68.42
2025-11-06,9:31:06.511457762,T,KO,F I,2,68.42
2025-11-06,9:31:06.528640633,T,KO,F,100,68.42
2025-11-06,9:31:06.528652661,T,KO,F I,25,68.43
2025-11-06,9:31:06.528701593,T,KO,F I,29,68.42
2025-11-06,9:31:06.528724862,T,KO,F I,50,68.42
2025-11-06,9:31:06.528732155,T,KO,I,25,68.42
2025-11-06,9:31:06.528732155,T,KO,I,25,68.42
2025-11-06,9:31:06.528734002,T,KO,F I,2,68.42
2025-11-06,9:31:06.529013605,T,KO,F I,2,68.41
2025-11-06,9:31:06.529013605,T,KO,F,100,68.41
2025-11-06,9:31:06.529016629,T,KO,F I,25,68.41
2025-11-06,9:31:06.546563374,T,KO,I,2,68.4
2025-11-06,9:31:06.546566914,T,KO,,100,68.4
2025-11-06,9:31:06.546566914,T,KO,I,25,68.4
2025-11-06,9:31:06.546569417,T,KO,I,50,68.4
2025-11-06,9:31:06.925757485,T,KO,F I,12,68.41
2025-11-06,9:31:07.235263619,T,KO,I,2,68.41
2025-11-06,9:31:09.047331545,T,KO,,245,68.41
2025-11-06,9:31:09.047346527,T,KO,I,1,68.41
2025-11-06,9:31:09.047349622,T,KO,F I,21,68.41
2025-11-06,9:31:09.047352493,T,KO,F I,50,68.41
2025-11-06,9:31:09.101974559,T,KO,,100,68.39
2025-11-06,9:31:09.101977659,T,KO,I,2,68.39
2025-11-06,9:31:10.111097026,T,KO,F I,4,68.38
2025-11-06,9:31:12.553983342,T,KO,F,463,68.36
2025-11-06,9:31:12.553983342,T,KO,F I,21,68.36
2025-11-06,9:31:12.554001300,T,KO,F I,21,68.36
2025-11-06,9:31:12.554001300,T,KO,I,1,68.36
2025-11-06,9:31:12.554010331,T,KO,F I,21,68.36
2025-11-06,9:31:12.554016383,T,KO,F I,21,68.36
2025-11-06,9:31:12.554022414,T,KO,F I,94,68.36
2025-11-06,9:31:12.554025528,T,KO,F,600,68.36
2025-11-06,9:31:12.554028731,T,KO,,141,68.36
2025-11-06,9:31:12.554031380,T,KO,I,80,68.35
2025-11-06,9:31:12.554139755,T,KO,I,2,68.35
2025-11-06,9:31:12.555011753,T,KO,F I,31,68.33
2025-11-06,9:31:12.555021387,T,KO,F I,31,68.33
2025-11-06,9:31:13.072601461,T,KO,F I,69,68.33
2025-11-06,9:31:15.408586422,T,KO,F I,90,68.32
2025-11-06,9:31:15.408586422,T,KO,F I,29,68.32
2025-11-06,9:31:15.408589099,T,KO,F,116,68.32
2025-11-06,9:31:15.408601750,T,KO,I,1,68.32
2025-11-06,9:31:15.408604098,T,KO,F,100,68.32
2025-11-06,9:31:15.408667278,T,KO,I,38,68.31
2025-11-06,9:31:15.408667278,T,KO,I,26,68.31
2025-11-06,9:31:16.322189067,T,KO,F I,28,68.29
2025-11-06,9:31:16.407258967,T,KO,,100,68.26
2025-11-06,9:31:16.407258967,T,KO,I,25,68.26
2025-11-06,9:31:16.407261839,T,KO,I,32,68.26
2025-11-06,9:31:16.420436024,T,KO,,100,68.255
2025-11-06,9:31:16.420436024,T,KO,I,76,68.26
2025-11-06,9:31:16.420451102,T,KO,F,176,68.27
2025-11-06,9:31:16.420472217,T,KO,I,44,68.26
2025-11-06,9:31:16.420544317,T,KO,I,2,68.26
2025-11-06,9:31:16.420685874,T,KO,F,100,68.25
2025-11-06,9:31:16.420691604,T,KO,F,100,68.25
2025-11-06,9:31:16.421046572,T,KO,,487,68.25
2025-11-06,9:31:16.445633074,T,KO,F I,50,68.24
2025-11-06,9:31:16.445636024,T,KO,F I,44,68.24
2025-11-06,9:31:16.458714258,T,KO,F,100,68.25
2025-11-06,9:31:16.539330287,T,KO,,100,68.23
2025-11-06,9:31:16.539330287,T,KO,,100,68.23
2025-11-06,9:31:16.539345330,T,KO,I,1,68.23
2025-11-06,9:31:16.655887788,T,KO,,100,68.22
2025-11-06,9:31:16.655890893,T,KO,I,25,68.22
2025-11-06,9:31:16.655924141,T,KO,I,95,68.22
2025-11-06,9:31:16.655926873,T,KO,I,25,68.21
2025-11-06,9:31:16.655929948,T,KO,,100,68.21
2025-11-06,9:31:16.656017143,T,KO,F,100,68.23
2025-11-06,9:31:16.656017143,T,KO,F,100,68.23
2025-11-06,9:31:16.656023094,T,KO,F I,82,68.23
2025-11-06,9:31:16.656023094,T,KO,F I,34,68.23
2025-11-06,9:31:16.656543379,T,KO,F I,32,68.24
2025-11-06,9:31:16.668298785,T,KO,F I,32,68.26
2025-11-06,9:31:16.668298785,T,KO,F I,25,68.26
2025-11-06,9:31:17.236805378,T,KO,I,1,68.275
2025-11-06,9:31:19.243304663,T,KO,F,461,68.27
2025-11-06,9:31:19.243307495,T,KO,F I,68,68.27
2025-11-06,9:31:19.243310832,T,KO,F I,82,68.27
2025-11-06,9:31:19.243310832,T,KO,F I,40,68.27
2025-11-06,9:31:19.243314137,T,KO,F,100,68.27
2025-11-06,9:31:19.243314137,T,KO,F I,2,68.27
2025-11-06,9:31:19.243352516,T,KO,F I,40,68.27
2025-11-06,9:31:19.243355438,T,KO,F I,2,68.27
2025-11-06,9:31:19.243968887,T,KO,,100,68.26
2025-11-06,9:31:19.244149391,T,KO,F,100,68.26
2025-11-06,9:31:19.244164529,T,KO,F I,20,68.26
2025-11-06,9:31:20.939937066,T,KO,F I,42,68.23
2025-11-06,9:31:20.939937066,T,KO,F I,1,68.23
2025-11-06,9:31:20.939939299,T,KO,F,420,68.23
2025-11-06,9:31:22.526223526,T,KO,F I,25,68.23
2025-11-06,9:31:22.526226370,T,KO,F,100,68.23
2025-11-06,9:31:23.601701875,T,KO,I,50,68.24
2025-11-06,9:31:23.601915321,T,KO,F,100,68.26
2025-11-06,9:31:31.342802095,T,KO,I,1,68.23
2025-11-06,9:31:32.878469641,T,KO,F I,50,68.26
2025-11-06,9:31:32.878800509,T,KO,F,109,68.27
2025-11-06,9:31:32.879429009,T,KO,F I,50,68.265
2025-11-06,9:31:32.906463294,T,KO,F I,50,68.265
2025-11-06,9:31:32.920636182,T,KO,F I,50,68.27
2025-11-06,9:31:33.295496903,T,KO,F I,50,68.29
2025-11-06,9:31:33.324059001,T,KO,I,50,68.28
2025-11-06,9:31:33.357775184,T,KO,I,50,68.28
2025-11-06,9:31:33.369689646,T,KO,I,50,68.28
2025-11-06,9:31:33.384127876,T,KO,I,50,68.28
2025-11-06,9:31:33.398050211,T,KO,I,50,68.28
2025-11-06,9:31:33.411032039,T,KO,I,50,68.28
2025-11-06,9:31:33.644571352,T,KO,F,100,68.27
2025-11-06,9:31:33.644574328,T,KO,F I,50,68.27
2025-11-06,9:31:33.644829931,T,KO,F I,50,68.27
2025-11-06,9:31:36.529703034,T,KO,F,184,68.24
2025-11-06,9:31:39.498605047,T,KO,,100,68.23
2025-11-06,9:31:39.879465173,T,KO,F I,50,68.23
2025-11-06,9:31:39.879492201,T,KO,F I,50,68.23
2025-11-06,9:31:39.879492201,T,KO,F I,50,68.24
2025-11-06,9:31:39.879540330,T,KO,F I,40,68.25
2025-11-06,9:31:39.879564306,T,KO,F I,50,68.25
2025-11-06,9:31:39.879588357,T,KO,F I,50,68.25
2025-11-06,9:31:39.901396482,T,KO,F I,50,68.25
2025-11-06,9:31:39.901492606,T,KO,F I,50,68.25
2025-11-06,9:31:40.387648445,T,KO,F,230,68.24
2025-11-06,9:31:40.387738662,T,KO,,100,68.23
2025-11-06,9:31:40.388240911,T,KO,F,102,68.23
2025-11-06,9:31:40.388246871,T,KO,I,98,68.23
2025-11-06,9:31:40.388246871,T,KO,,100,68.23
2025-11-06,9:31:40.388250181,T,KO,I,95,68.23
2025-11-06,9:31:40.388250181,T,KO,,105,68.23
2025-11-06,9:31:41.169158811,T,KO,,120,68.22
2025-11-06,9:31:41.693271173,T,KO,F,100,68.21
2025-11-06,9:31:41.693271173,T,KO,F,454,68.21
2025-11-06,9:31:41.693277166,T,KO,I,98,68.21
2025-11-06,9:31:41.693277166,T,KO,,130,68.21
2025-11-06,9:31:42.124687627,T,KO,,100,68.21
2025-11-06,9:31:42.128214987,T,KO,I,33,68.21
2025-11-06,9:31:42.436286758,T,KO,F I,50,68.22
2025-11-06,9:31:42.436356642,T,KO,F I,50,68.22
2025-11-06,9:31:42.436578446,T,KO,I,46,68.21
2025-11-06,9:31:51.316072880,T,KO,I,23,68.25
2025-11-06,9:31:51.317005175,T,KO,I,46,68.25
2025-11-06,9:31:51.317008182,T,KO,I,31,68.25
2025-11-06,9:31:51.317035112,T,KO,I,1,68.25
2025-11-06,9:31:51.317047246,T,KO,F I,5,68.25
2025-11-06,9:31:52.370495261,T,KO,F,100,68.24
2025-11-06,9:31:52.370495261,T,KO,F I,92,68.24
2025-11-06,9:31:56.521311316,T,KO,F I,28,68.25
2025-11-06,9:31:56.564259568,T,KO,,190,68.27
2025-11-06,9:31:56.600790657,T,KO,I,71,68.25
2025-11-06,9:31:56.601659635,T,KO,,100,68.25
2025-11-06,9:31:57.151245665,T,KO,,100,68.26
2025-11-06,9:31:57.152559838,T,KO,,200,68.26
2025-11-06,9:32:05.285471957,T,KO,F I,2,68.25
2025-11-06,9:32:05.286079401,T,KO,,100,68.23
2025-11-06,9:32:05.286100536,T,KO,I,1,68.23
2025-11-06,9:32:05.286383151,T,KO,F I,99,68.23
2025-11-06,9:32:07.245678615,T,KO,I,3,68.24
2025-11-06,9:32:09.952377232,T,KO,F,100,68.23
2025-11-06,9:32:09.953002686,T,KO,,100,68.22
2025-11-06,9:32:09.953528994,T,KO,I,26,68.21
2025-11-06,9:32:09.953528994,T,KO,,124,68.21
2025-11-06,9:32:09.953881603,T,KO,,100,68.2
2025-11-06,9:32:09.953881603,T,KO,I,1,68.2
2025-11-06,9:32:09.954461122,T,KO,F I,1,68.19
2025-11-06,9:32:10.555448512,T,KO,,100,68.185
2025-11-06,9:32:11.534481349,T,KO,I,16,68.18
2025-11-06,9:32:11.534484428,T,KO,,100,68.18
2025-11-06,9:32:11.535323961,T,KO,I,69,68.17
2025-11-06,9:32:11.535326500,T,KO,I,31,68.17
2025-11-06,9:32:18.170314040,T,KO,F I,50,68.19
2025-11-06,9:32:18.883086679,T,KO,F I,50,68.19
2025-11-06,9:32:25.184056868,T,KO,,300,68.185
2025-11-06,9:32:25.191984028,T,KO,F I,11,68.17
2025-11-06,9:32:25.191984028,T,KO,F I,62,68.17
2025-11-06,9:32:26.631175621,T,KO,I,38,68.185
2025-11-06,9:32:28.007201841,T,KO,F I,50,68.2
2025-11-06,9:32:28.007204919,T,KO,F I,8,68.2
2025-11-06,9:32:28.007225980,T,KO,,100,68.2
2025-11-06,9:32:28.007229028,T,KO,F I,50,68.2
2025-11-06,9:32:28.007240937,T,KO,I,1,68.2
2025-11-06,9:32:28.007271015,T,KO,I,50,68.2
2025-11-06,9:32:28.007274064,T,KO,F I,50,68.2
2025-11-06,9:32:28.007679987,T,KO,I,2,68.2
2025-11-06,9:32:28.007686030,T,KO,,139,68.2
2025-11-06,9:32:28.007719039,T,KO,F I,50,68.2
2025-11-06,9:32:28.986093318,T,KO,,300,68.195
2025-11-06,9:32:28.986097339,T,KO,,100,68.19
2025-11-06,9:32:28.986097339,T,KO,I,52,68.18
2025-11-06,9:32:28.986099596,T,KO,I,25,68.18
2025-11-06,9:32:28.986099596,T,KO,I,23,68.18
2025-11-06,9:32:28.993936023,T,KO,I,1,68.19
2025-11-06,9:32:28.993936023,T,KO,,102,68.19
2025-11-06,9:32:28.993951067,T,KO,,197,68.19
2025-11-06,9:32:28.993954001,T,KO,I,3,68.18
2025-11-06,9:32:28.993960658,T,KO,F,100,68.19
2025-11-06,9:32:28.994143526,T,KO,,100,68.19
2025-11-06,9:32:28.994143526,T,KO,,197,68.19
2025-11-06,9:32:28.994191574,T,KO,I,2,68.19
2025-11-06,9:32:28.994197631,T,KO,,100,68.19
2025-11-06,9:32:29.000672083,T,KO,F,200,68.17
2025-11-06,9:32:29.000675010,T,KO,F,100,68.17
2025-11-06,9:32:29.000684025,T,KO,F,100,68.17
2025-11-06,9:32:29.000696956,T,KO,I,1,68.17
2025-11-06,9:32:29.001454803,T,KO,F,100,68.175
2025-11-06,9:32:29.001454803,T,KO,F,100,68.17
2025-11-06,9:32:29.001456955,T,KO,F,100,68.17
2025-11-06,9:32:30.805321630,T,KO,F,200,68.17
2025-11-06,9:32:30.805321630,T,KO,F I,40,68.17
2025-11-06,9:32:30.805327249,T,KO,F I,60,68.17
2025-11-06,9:32:30.805327249,T,KO,F I,40,68.17
2025-11-06,9:32:30.805330350,T,KO,F,251,68.17
2025-11-06,9:32:30.805333304,T,KO,F I,9,68.17
2025-11-06,9:32:30.805345324,T,KO,F I,40,68.17
2025-11-06,9:32:30.805348878,T,KO,F,100,68.17
2025-11-06,9:32:30.805348878,T,KO,F,185,68.17
2025-11-06,9:32:30.805369410,T,KO,F,120,68.17
2025-11-06,9:32:30.805940781,T,KO,I,27,68.16
2025-11-06,9:32:30.805940781,T,KO,I,10,68.16
2025-11-06,9:32:30.843232611,T,KO,I,7,68.15
2025-11-06,9:32:30.843235522,T,KO,I,9,68.15
2025-11-06,9:32:31.351440049,T,KO,F,190,68.15
2025-11-06,9:32:31.364175307,T,KO,I,34,68.15
2025-11-06,9:32:31.527740798,T,KO,F I,6,68.16
2025-11-06,9:32:33.592584757,T,KO,I,51,68.16
2025-11-06,9:32:33.592602763,T,KO,F I,49,68.16
2025-11-06,9:32:33.592602763,T,KO,F I,2,68.16
2025-11-06,9:32:33.592620844,T,KO,I,10,68.16
2025-11-06,9:32:33.619544224,T,KO,F I,2,68.16
2025-11-06,9:32:33.619544224,T,KO,F I,41,68.16
2025-11-06,9:32:34.071505390,T,KO,F I,1,68.18
2025-11-06,9:32:34.074001287,T,KO,I,31,68.185
2025-11-06,9:32:34.074855332,T,KO,F,100,68.18
2025-11-06,9:32:34.074858357,T,KO,F I,2,68.18
2025-11-06,9:32:34.074876409,T,KO,I,1,68.18
2025-11-06,9:32:38.595850127,T,KO,F I,48,68.2
2025-11-06,9:32:38.595871257,T,KO,F I,2,68.2
2025-11-06,9:32:38.595874364,T,KO,F I,25,68.21
2025-11-06,9:32:38.595880165,T,KO,F I,25,68.21
2025-11-06,9:32:38.595883488,T,KO,F,100,68.21
2025-11-06,9:32:38.595883488,T,KO,F I,52,68.21
2025-11-06,9:32:38.596355288,T,KO,F,100,68.22
2025-11-06,9:32:38.596355288,T,KO,F I,41,68.22
2025-11-06,9:32:42.030068459,T,KO,I,28,68.15
2025-11-06,9:32:42.031039808,T,KO,F I,1,68.14
2025-11-06,9:32:42.031325496,T,KO,I,25,68.15
2025-11-06,9:32:42.032263697,T,KO,F I,1,68.14
2025-11-06,9:32:42.032263697,T,KO,F I,1,68.14
2025-11-06,9:32:42.032308956,T,KO,F,100,68.14
2025-11-06,9:32:42.032329836,T,KO,I,1,68.14
2025-11-06,9:32:42.032973569,T,KO,F I,25,68.15
2025-11-06,9:32:42.082516408,T,KO,I,37,68.15
2025-11-06,9:32:48.802961620,T,KO,F I,34,68.14
2025-11-06,9:32:48.977067351,T,KO,F I,50,68.14
2025-11-06,9:32:51.143637475,T,KO,F I,50,68.15
2025-11-06,9:32:51.352632193,T,KO,F,100,68.16
2025-11-06,9:32:51.352635488,T,KO,F I,1,68.16
2025-11-06,9:32:51.353249186,T,KO,F,100,68.17
2025-11-06,9:32:51.353414562,T,KO,F I,25,68.16
2025-11-06,9:32:51.353471284,T,KO,,100,68.16
2025-11-06,9:32:51.353492566,T,KO,I,1,68.16
2025-11-06,9:32:51.353498478,T,KO,I,22,68.16
2025-11-06,9:32:51.353507437,T,KO,I,3,68.16
2025-11-06,9:32:51.353507437,T,KO,I,2,68.16
2025-11-06,9:32:51.353555373,T,KO,I,2,68.15
2025-11-06,9:32:51.353555373,T,KO,I,25,68.15
2025-11-06,9:32:51.353603570,T,KO,I,3,68.15
2025-11-06,9:32:51.353630878,T,KO,F I,25,68.16
2025-11-06,9:32:51.353651590,T,KO,F I,75,68.16
2025-11-06,9:32:51.353666635,T,KO,F I,25,68.16
2025-11-06,9:32:51.354021565,T,KO,I,7,68.16
2025-11-06,9:32:51.354421505,T,KO,F I,2,68.16
2025-11-06,9:32:51.368699976,T,KO,F I,25,68.17
2025-11-06,9:32:51.368702554,T,KO,F,100,68.17
2025-11-06,9:32:51.368702554,T,KO,F I,75,68.17
2025-11-06,9:32:51.368714469,T,KO,F I,25,68.17
2025-11-06,9:32:51.369348998,T,KO,F I,2,68.17
2025-11-06,9:32:51.369688839,T,KO,F I,25,68.17
2025-11-06,9:32:51.371971702,T,KO,I,25,68.17
2025-11-06,9:32:51.372951566,T,KO,F I,2,68.17
2025-11-06,9:32:53.560804087,T,KO,I,19,68.15
2025-11-06,9:32:53.560806459,T,KO,I,25,68.15
2025-11-06,9:32:53.560962804,T,KO,F I,20,68.15
2025-11-06,9:32:53.667290085,T,KO,F I,50,68.15
2025-11-06,9:32:56.648136545,T,KO,,100,68.12
2025-11-06,9:32:57.545906833,T,KO,,100,68.115
2025-11-06,9:32:58.658394356,T,KO,,300,68.115
2025-11-06,9:32:58.970703212,T,KO,F I,2,68.12
2025-11-06,9:32:58.970706432,T,KO,F I,50,68.12
2025-11-06,9:32:58.970706432,T,KO,F I,50,68.12
2025-11-06,9:32:58.970709303,T,KO,F,190,68.12
2025-11-06,9:32:58.971713701,T,KO,F,100,68.13
2025-11-06,9:32:59.245497664,T,KO,F I,2,68.13
2025-11-06,9:33:07.629255569,T,KO,I,50,68.115
2025-11-06,9:33:08.313708023,T,KO,F I,16,68.13
2025-11-06,9:33:08.313727929,T,KO,F I,84,68.13
2025-11-06,9:33:08.313727929,T,KO,F,100,68.13
2025-11-06,9:33:08.313730694,T,KO,F I,1,68.13
2025-11-06,9:33:08.313745692,T,KO,I,1,68.13
2025-11-06,9:33:08.313755062,T,KO,F I,1,68.13
2025-11-06,9:33:08.314118667,T,KO,F I,98,68.13
2025-11-06,9:33:08.727459488,T,KO,,190,68.12
2025-11-06,9:33:09.169364623,T,KO,F I,25,68.11
2025-11-06,9:33:12.904834532,T,KO,I,1,68.1
2025-11-06,9:33:12.904834532,T,KO,I,12,68.1
2025-11-06,9:33:12.905847888,T,KO,F I,3,68.1
2025-11-06,9:33:12.907408610,T,KO,F I,1,68.09
2025-11-06,9:33:12.908352863,T,KO,F,100,68.09
2025-11-06,9:33:12.908356372,T,KO,F,100,68.09
2025-11-06,9:33:12.908359389,T,KO,F,100,68.09
2025-11-06,9:33:13.015410769,T,KO,I,13,68.08
2025-11-06,9:33:13.015413887,T,KO,,100,68.08
2025-11-06,9:33:13.015753562,T,KO,I,14,68.07
2025-11-06,9:33:13.128422979,T,KO,I,7,68.08
2025-11-06,9:33:13.128453877,T,KO,F I,93,68.08
2025-11-06,9:33:13.128457351,T,KO,F I,14,68.08
2025-11-06,9:33:13.128457351,T,KO,F I,26,68.08
2025-11-06,9:33:13.128462287,T,KO,F,100,68.08
2025-11-06,9:33:13.128462287,T,KO,F I,21,68.08
2025-11-06,9:33:13.128462287,T,KO,F I,46,68.08
2025-11-06,9:33:13.128465248,T,KO,F,125,68.08
2025-11-06,9:33:13.651539908,T,KO,F I,1,68.08
2025-11-06,9:33:19.289608344,T,KO,I,18,68.08
2025-11-06,9:33:19.291824639,T,KO,F I,35,68.07
2025-11-06,9:33:19.291824639,T,KO,F I,25,68.07
2025-11-06,9:33:19.291908879,T,KO,F,100,68.08
2025-11-06,9:33:19.292233616,T,KO,,100,68.07
2025-11-06,9:33:19.292237586,T,KO,,334,68.07
2025-11-06,9:33:19.292240057,T,KO,I,25,68.07
2025-11-06,9:33:19.292240057,T,KO,I,41,68.07
2025-11-06,9:33:19.292255123,T,KO,I,1,68.07
2025-11-06,9:33:19.292405083,T,KO,F,100,68.08
2025-11-06,9:33:19.292465235,T,KO,F I,25,68.09
2025-11-06,9:33:19.294098586,T,KO,F I,57,68.08
2025-11-06,9:33:19.294101811,T,KO,F,100,68.08
2025-11-06,9:33:19.294104916,T,KO,F I,31,68.08
2025-11-06,9:33:19.294107364,T,KO,F I,7,68.08
2025-11-06,9:33:19.294107364,T,KO,F,100,68.08
2025-11-06,9:33:20.811791718,T,KO,F I,31,68.09
2025-11-06,9:33:20.811791718,T,KO,F I,50,68.09
2025-11-06,9:33:21.093812429,T,KO,F,161,68.12
2025-11-06,9:33:21.099586318,T,KO,F I,75,68.14
2025-11-06,9:33:21.099607283,T,KO,F I,25,68.14
2025-11-06,9:33:21.099607283,T,KO,F,100,68.14
2025-11-06,9:33:21.099667392,T,KO,F I,32,68.13
2025-11-06,9:33:21.099926018,T,KO,F I,32,68.13
2025-11-06,9:33:21.100650873,T,KO,F I,25,68.13
2025-11-06,9:33:21.171858039,T,KO,I,32,68.13
2025-11-06,9:33:21.171860379,T,KO,I,2,68.13
2025-11-06,9:33:21.171863346,T,KO,I,32,68.13
2025-11-06,9:33:21.171923546,T,KO,F I,2,68.13
2025-11-06,9:33:21.172185138,T,KO,F I,2,68.13
2025-11-06,9:33:21.172212237,T,KO,I,1,68.13
2025-11-06,9:33:21.714129912,T,KO,I,50,68.12
2025-11-06,9:33:21.714178108,T,KO,I,50,68.125
2025-11-06,9:33:23.618992723,T,KO,,200,68.125
2025-11-06,9:33:24.107954402,T,KO,F,100,68.13
2025-11-06,9:33:24.108083602,T,KO,I,10,68.13
2025-11-06,9:33:24.108083602,T,KO,,100,68.13
2025-11-06,9:33:24.108173823,T,KO,F,100,68.12
2025-11-06,9:33:24.108194869,T,KO,I,1,68.12
2025-11-06,9:33:24.108342787,T,KO,,100,68.13
2025-11-06,9:33:24.108346774,T,KO,I,31,68.13
2025-11-06,9:33:24.108351202,T,KO,,100,68.13
2025-11-06,9:33:24.108351202,T,KO,I,33,68.13
2025-11-06,9:33:24.108354230,T,KO,I,59,68.13
2025-11-06,9:33:25.041693284,T,KO,F I,3,68.14
2025-11-06,9:33:25.041786573,T,KO,F I,50,68.15
2025-11-06,9:33:29.009376251,T,KO,F I,1,68.18
2025-11-06,9:33:29.009616629,T,KO,F I,59,68.19
2025-11-06,9:33:29.009866577,T,KO,F I,11,68.19
2025-11-06,9:33:29.009866577,T,KO,F,270,68.19
2025-11-06,9:33:29.010584993,T,KO,I,31,68.19
2025-11-06,9:33:29.010588109,T,KO,,166,68.19
2025-11-06,9:33:29.010590986,T,KO,,100,68.19
2025-11-06,9:33:29.010590986,T,KO,I,52,68.19
2025-11-06,9:33:29.010609047,T,KO,I,1,68.19
2025-11-06,9:33:29.010627079,T,KO,F I,99,68.19
2025-11-06,9:33:35.365467605,T,KO,F I,1,68.16
2025-11-06,9:33:35.499201999,T,KO,,252,68.17
2025-11-06,9:33:52.964592689,T,KO,F I,1,68.17
2025-11-06,9:33:53.708699956,T,KO,F,100,68.19
2025-11-06,9:33:54.126620271,T,KO,,487,68.2
2025-11-06,9:33:54.126671394,T,KO,,100,68.19
2025-11-06,9:33:54.126695588,T,KO,I,1,68.19
2025-11-06,9:33:54.126773670,T,KO,I,1,68.2
2025-11-06,9:33:54.126776714,T,KO,,100,68.2
2025-11-06,9:33:54.968694855,T,KO,,200,68.2
2025-11-06,9:33:57.336528402,T,KO,F I,79,68.21
2025-11-06,9:33:57.336573523,T,KO,F I,83,68.22
2025-11-06,9:33:57.336576482,T,KO,F I,26,68.22
2025-11-06,9:33:57.336579486,T,KO,F,219,68.22
2025-11-06,9:33:57.336600583,T,KO,I,1,68.22
2025-11-06,9:33:57.336606635,T,KO,F,267,68.22
2025-11-06,9:33:58.150137221,T,KO,F I,8,68.25
2025-11-06,9:33:58.150161173,T,KO,I,26,68.25
2025-11-06,9:34:00.124853482,T,KO,,300,68.245
2025-11-06,9:34:00.124856436,T,KO,,187,68.26
2025-11-06,9:34:00.124874483,T,KO,I,1,68.26
2025-11-06,9:34:00.124877433,T,KO,F,299,68.26
2025-11-06,9:34:00.124949567,T,KO,F I,61,68.25
2025-11-06,9:34:00.124949567,T,KO,F,100,68.25
2025-11-06,9:34:00.125003717,T,KO,I,40,68.26
2025-11-06,9:34:00.125015791,T,KO,,100,68.26
2025-11-06,9:34:00.125018836,T,KO,I,61,68.26
2025-11-06,9:34:00.125030790,T,KO,,100,68.26
2025-11-06,9:34:00.125030790,T,KO,I,49,68.26
2025-11-06,9:34:00.125039894,T,KO,,100,68.26
2025-11-06,9:34:00.125042812,T,KO,I,1,68.26
2025-11-06,9:34:00.125346965,T,KO,I,37,68.25
2025-11-06,9:34:00.125346965,T,KO,,100,68.25
2025-11-06,9:34:00.125350062,T,KO,,100,68.25
2025-11-06,9:34:00.125352558,T,KO,I,59,68.25
2025-11-06,9:34:00.125424777,T,KO,I,88,68.25
2025-11-06,9:34:00.125644370,T,KO,F I,2,68.25
2025-11-06,9:34:00.125732663,T,KO,F,100,68.25
2025-11-06,9:34:00.125737477,T,KO,F I,2,68.25
2025-11-06,9:34:00.125737477,T,KO,F I,25,68.25
2025-11-06,9:34:00.125737477,T,KO,F I,4,68.25
2025-11-06,9:34:00.125740450,T,KO,F,100,68.25
2025-11-06,9:34:00.126017983,T,KO,I,9,68.25
2025-11-06,9:34:00.126101503,T,KO,I,35,68.25
2025-11-06,9:34:00.126104686,T,KO,I,2,68.25
2025-11-06,9:34:00.126104686,T,KO,I,63,68.25
2025-11-06,9:34:00.173987450,T,KO,F I,2,68.25
2025-11-06,9:34:00.173987450,T,KO,F I,15,68.25
2025-11-06,9:34:00.174009084,T,KO,F,100,68.26
2025-11-06,9:34:00.174009084,T,KO,F I,25,68.26
2025-11-06,9:34:00.174032505,T,KO,F,100,68.26
2025-11-06,9:34:00.247049474,T,KO,F I,25,68.28
2025-11-06,9:34:00.247049474,T,KO,F I,43,68.28
2025-11-06,9:34:00.247052489,T,KO,F I,32,68.28
2025-11-06,9:34:00.247139712,T,KO,F I,25,68.28
2025-11-06,9:34:00.247365156,T,KO,,100,68.28
2025-11-06,9:34:00.247515574,T,KO,F I,4,68.28
2025-11-06,9:34:00.247515574,T,KO,F I,21,68.28
2025-11-06,9:34:00.619426345,T,KO,F I,49,68.26
2025-11-06,9:34:00.619429359,T,KO,F I,1,68.26
2025-11-06,9:34:00.629025337,T,KO,F,300,68.26
2025-11-06,9:34:02.598406846,T,KO,F,200,68.25
2025-11-06,9:34:02.598409665,T,KO,F I,39,68.25
2025-11-06,9:34:02.598542008,T,KO,,100,68.255
2025-11-06,9:34:02.598548343,T,KO,I,40,68.26
2025-11-06,9:34:02.598551698,T,KO,,100,68.26
2025-11-06,9:34:02.598551698,T,KO,,100,68.26
2025-11-06,9:34:02.598554088,T,KO,,100,68.26
2025-11-06,9:34:02.598554088,T,KO,,109,68.26
2025-11-06,9:34:02.598557081,T,KO,I,34,68.26
2025-11-06,9:34:02.598566446,T,KO,I,1,68.26
2025-11-06,9:34:02.598654337,T,KO,,100,68.255
2025-11-06,9:34:02.598654337,T,KO,I,10,68.26
2025-11-06,9:34:02.598657795,T,KO,I,39,68.26
2025-11-06,9:34:02.598659552,T,KO,I,24,68.26
2025-11-06,9:34:02.598677958,T,KO,F,100,68.26
2025-11-06,9:34:02.598698520,T,KO,F,100,68.26
2025-11-06,9:34:02.598719490,T,KO,I,59,68.26
2025-11-06,9:34:02.598722499,T,KO,I,41,68.26
2025-11-06,9:34:02.598788591,T,KO,,100,68.26
2025-11-06,9:34:02.598869825,T,KO,,100,68.26
2025-11-06,9:34:02.598869825,T,KO,I,37,68.26
2025-11-06,9:34:02.598873240,T,KO,I,25,68.26
2025-11-06,9:34:02.598948012,T,KO,,100,68.26
2025-11-06,9:34:02.598951384,T,KO,I,25,68.26
2025-11-06,9:34:02.599060094,T,KO,I,27,68.25
2025-11-06,9:34:02.599062593,T,KO,I,27,68.25
2025-11-06,9:34:02.599065691,T,KO,I,25,68.25
2025-11-06,9:34:02.599068950,T,KO,I,21,68.25
2025-11-06,9:34:02.599113388,T,KO,I,34,68.26
2025-11-06,9:34:02.637743339,T,KO,F,300,68.26
2025-11-06,9:34:02.637743339,T,KO,F,100,68.27
2025-11-06,9:34:02.637755525,T,KO,F I,2,68.27
2025-11-06,9:34:02.658856692,T,KO,F,284,68.26
2025-11-06,9:34:03.130036912,T,KO,F I,19,68.26
2025-11-06,9:34:04.943993182,T,KO,F I,1,68.27
2025-11-06,9:34:04.944014318,T,KO,I,1,68.27
2025-11-06,9:34:05.864762261,T,KO,F I,32,68.27
2025-11-06,9:34:05.869760058,T,KO,F I,2,68.28
2025-11-06,9:34:05.869766180,T,KO,F I,1,68.28
2025-11-06,9:34:05.869781238,T,KO,F I,97,68.28
2025-11-06,9:34:05.906345281,T,KO,F I,1,68.285
2025-11-06,9:34:07.265534493,T,KO,I,2,68.285
2025-11-06,9:34:08.494817323,T,KO,I,1,68.29
2025-11-06,9:34:08.513675148,T,KO,F I,10,68.29
2025-11-06,9:34:09.272713056,T,KO,F I,22,68.28
2025-11-06,9:34:09.272731029,T,KO,F I,29,68.28
2025-11-06,9:34:09.272731029,T,KO,F I,41,68.28
2025-11-06,9:34:09.272746504,T,KO,F I,22,68.28
2025-11-06,9:34:09.272776769,T,KO,F I,28,68.28
2025-11-06,9:34:09.272779881,T,KO,I,1,68.28
2025-11-06,9:34:09.272782199,T,KO,,200,68.27
2025-11-06,9:34:09.272785674,T,KO,I,27,68.27
2025-11-06,9:34:09.273040801,T,KO,F,173,68.27
2025-11-06,9:34:10.513303117,T,KO,I,2,68.27
2025-11-06,9:34:10.513323867,T,KO,F I,1,68.27
2025-11-06,9:34:10.513323867,T,KO,F I,24,68.27
2025-11-06,9:34:10.514051610,T,KO,I,3,68.27
2025-11-06,9:34:10.514428725,T,KO,F I,40,68.26
2025-11-06,9:34:10.514428725,T,KO,F I,38,68.26
2025-11-06,9:34:10.514433441,T,KO,F I,41,68.26
2025-11-06,9:34:10.514433441,T,KO,F I,25,68.26
2025-11-06,9:34:10.515191211,T,KO,F I,36,68.25
2025-11-06,9:34:11.864998155,T,KO,,100,68.24
2025-11-06,9:34:11.865001121,T,KO,,186,68.24
2025-11-06,9:34:11.865016113,T,KO,I,1,68.24
2025-11-06,9:34:11.865049311,T,KO,I,99,68.24
2025-11-06,9:34:11.865049311,T,KO,I,14,68.24
2025-11-06,9:34:11.865052278,T,KO,,100,68.24
2025-11-06,9:34:11.865073248,T,KO,,120,68.24
2025-11-06,9:34:11.865091366,T,KO,I,1,68.24
2025-11-06,9:34:11.865119055,T,KO,F,262,68.24
2025-11-06,9:34:11.865121383,T,KO,F I,4,68.24
2025-11-06,9:34:12.165687232,T,KO,F I,53,68.25
2025-11-06,9:34:18.140118778,T,KO,F,100,68.23
2025-11-06,9:34:18.140140166,T,KO,I,1,68.23
2025-11-06,9:34:18.140154751,T,KO,F I,99,68.23
2025-11-06,9:34:18.140158337,T,KO,F I,1,68.23
2025-11-06,9:34:18.140169820,T,KO,F I,99,68.23
2025-11-06,9:34:18.140169820,T,KO,F,100,68.23
2025-11-06,9:34:20.325255194,T,KO,F,300,68.23
2025-11-06,9:34:23.005827990,T,KO,I,40,68.24
2025-11-06,9:34:23.005827990,T,KO,I,6,68.24
2025-11-06,9:34:23.028185849,T,KO,F I,1,68.25
2025-11-06,9:34:31.438371397,T,KO,F I,48,68.27
2025-11-06,9:34:31.438389327,T,KO,F I,26,68.27
2025-11-06,9:34:31.438394734,T,KO,F I,26,68.27
2025-11-06,9:34:31.438394734,T,KO,F I,25,68.27
2025-11-06,9:34:31.438397644,T,KO,F,100,68.27
2025-11-06,9:34:31.458482542,T,KO,I,45,68.29
2025-11-06,9:34:31.459035901,T,KO,F I,72,68.28
2025-11-06,9:34:31.462340769,T,KO,,100,68.27
2025-11-06,9:34:31.462343746,T,KO,I,32,68.28
2025-11-06,9:34:35.608703308,T,KO,F I,72,68.29
2025-11-06,9:34:35.608706344,T,KO,F I,2,68.29
2025-11-06,9:34:35.609067088,T,KO,F,100,68.3
2025-11-06,9:34:35.609070015,T,KO,F,100,68.3
2025-11-06,9:34:35.609073052,T,KO,F I,10,68.3
2025-11-06,9:34:35.609226387,T,KO,I,85,68.3
2025-11-06,9:34:35.609244594,T,KO,F I,15,68.3
2025-11-06,9:34:35.609635455,T,KO,F,100,68.3
2025-11-06,9:34:35.609915030,T,KO,F I,99,68.31
2025-11-06,9:34:35.609939152,T,KO,I,1,68.31
2025-11-06,9:34:35.652448297,T,KO,F,100,68.32
2025-11-06,9:34:35.652469380,T,KO,I,1,68.32
2025-11-06,9:34:35.652710024,T,KO,,100,68.32
2025-11-06,9:34:35.652710024,T,KO,I,3,68.32
2025-11-06,9:34:39.405001922,T,KO,F,100,68.3
2025-11-06,9:34:39.405191797,T,KO,F I,32,68.3
2025-11-06,9:34:39.405197429,T,KO,I,3,68.3
2025-11-06,9:34:39.405197429,T,KO,I,29,68.3
2025-11-06,9:34:39.405206380,T,KO,F I,32,68.3
2025-11-06,9:34:39.405248439,T,KO,F,100,68.3
2025-11-06,9:34:39.405269497,T,KO,F I,2,68.3
2025-11-06,9:34:39.529591705,T,KO,I,6,68.32
2025-11-06,9:34:47.371374568,T,KO,F,200,68.31
2025-11-06,9:34:47.505782735,T,KO,I,6,68.31
2025-11-06,9:34:47.505785708,T,KO,I,2,68.31
2025-11-06,9:34:47.505788715,T,KO,,132,68.31
2025-11-06,9:34:47.505800770,T,KO,I,1,68.31
2025-11-06,9:34:47.505809787,T,KO,I,1,68.31
2025-11-06,9:34:47.523500943,T,KO,F I,19,68.31
2025-11-06,9:34:47.523801609,T,KO,F I,3,68.31
2025-11-06,9:34:48.251180017,T,KO,F I,24,68.31
2025-11-06,9:34:48.251204657,T,KO,F I,3,68.31
2025-11-06,9:34:48.251204657,T,KO,F I,1,68.31
2025-11-06,9:34:48.276259810,T,KO,F I,1,68.31
2025-11-06,9:34:48.869951820,T,KO,F I,3,68.31
2025-11-06,9:34:48.896751580,T,KO,F I,1,68.31
2025-11-06,9:34:49.005998908,T,KO,I,8,68.31
2025-11-06,9:34:51.784743431,T,KO,F I,47,68.3
2025-11-06,9:34:51.809028963,T,KO,F I,41,68.295
2025-11-06,9:34:51.819304421,T,KO,F I,2,68.3
2025-11-06,9:34:51.966090768,T,KO,F,200,68.29
2025-11-06,9:34:51.966093780,T,KO,F,100,68.29
2025-11-06,9:34:51.966095978,T,KO,F I,61,68.29
2025-11-06,9:34:51.966099302,T,KO,F I,2,68.29
2025-11-06,9:34:51.966099302,T,KO,F I,25,68.29
2025-11-06,9:34:52.053598331,T,KO,,300,68.28
2025-11-06,9:34:54.836138173,T,KO,,100,68.27
2025-11-06,9:34:56.318392054,T,KO,F I,40,68.26
2025-11-06,9:34:56.318650706,T,KO,I,2,68.26
2025-11-06,9:34:56.318695550,T,KO,F I,2,68.26
2025-11-06,9:34:57.894611156,T,KO,I,2,68.26
2025-11-06,9:35:01.284684818,T,KO,F,100,68.24
2025-11-06,9:35:01.284708444,T,KO,I,1,68.24
2025-11-06,9:35:01.285938231,T,KO,F I,1,68.245
2025-11-06,9:35:02.344239886,T,KO,F I,54,68.27
2025-11-06,9:35:02.364282536,T,KO,I,7,68.28
2025-11-06,9:35:05.531900871,T,KO,,190,68.27
2025-11-06,9:35:05.532030127,T,KO,,264,68.27
2025-11-06,9:35:05.532415008,T,KO,F I,25,68.26
2025-11-06,9:35:05.532433250,T,KO,F I,75,68.26
2025-11-06,9:35:06.853058327,T,KO,F I,25,68.25
2025-11-06,9:35:07.127380625,T,KO,F I,99,68.24
2025-11-06,9:35:07.127437890,T,KO,I,1,68.24
2025-11-06,9:35:07.130207353,T,KO,I,99,68.24
2025-11-06,9:35:07.131590744,T,KO,I,6,68.24
2025-11-06,9:35:07.131710939,T,KO,I,44,68.24
2025-11-06,9:35:07.131885341,T,KO,I,57,68.24
2025-11-06,9:35:07.131885341,T,KO,I,43,68.24
2025-11-06,9:35:07.132047774,T,KO,F I,50,68.24
2025-11-06,9:35:07.132065927,T,KO,F,107,68.24
2025-11-06,9:35:11.193466925,T,KO,F I,3,68.26
2025-11-06,9:35:15.791018337,T,KO,F I,90,68.28
2025-11-06,9:35:15.791035935,T,KO,I,1,68.28
2025-11-06,9:35:15.791048057,T,KO,F,109,68.28
2025-11-06,9:35:15.791048057,T,KO,F,200,68.28
2025-11-06,9:35:15.791050994,T,KO,F I,29,68.28
2025-11-06,9:35:15.791628406,T,KO,I,57,68.28
2025-11-06,9:35:15.791631414,T,KO,,100,68.28
2025-11-06,9:35:15.791649400,T,KO,I,1,68.28
2025-11-06,9:35:15.791658479,T,KO,I,1,68.28
2025-11-06,9:35:15.817267446,T,KO,F I,19,68.285
2025-11-06,9:35:15.832628108,T,KO,F I,1,68.285
2025-11-06,9:35:15.994521635,T,KO,F I,25,68.27
2025-11-06,9:35:17.276342585,T,KO,I,2,68.27
2025-11-06,9:35:17.521760697,T,KO,F,100,68.26
2025-11-06,9:35:18.908416803,T,KO,I,5,68.27
2025-11-06,9:35:20.669498125,T,KO,F I,50,68.28
2025-11-06,9:35:20.669501654,T,KO,F,100,68.28
2025-11-06,9:35:20.669504358,T,KO,F,200,68.29
2025-11-06,9:35:20.669504358,T,KO,F I,29,68.29
2025-11-06,9:35:20.669507223,T,KO,F I,1,68.29
2025-11-06,9:35:20.679376712,T,KO,F,100,68.29
2025-11-06,9:35:20.699332305,T,KO,F,100,68.29
2025-11-06,9:35:20.739844720,T,KO,F I,8,68.295
2025-11-06,9:35:21.439424996,T,KO,I,10,68.29
2025-11-06,9:35:21.454376715,T,KO,F,290,68.29
2025-11-06,9:35:21.796594719,T,KO,F,100,68.29
2025-11-06,9:35:22.288906219,T,KO,F I,25,68.31
2025-11-06,9:35:22.780250174,T,KO,F,112,68.31
2025-11-06,9:35:27.279565679,T,KO,I,2,68.285
2025-11-06,9:35:35.070482667,T,KO,F,100,68.27
2025-11-06,9:35:35.070485670,T,KO,F I,50,68.27
2025-11-06,9:35:38.673826893,T,KO,F I,55,68.28
2025-11-06,9:35:45.543929321,T,KO,,300,68.285
2025-11-06,9:35:47.583967086,T,KO,F I,31,68.3
2025-11-06,9:35:47.583985235,T,KO,F I,69,68.3
2025-11-06,9:35:48.320920387,T,KO,,100,68.295
2025-11-06,9:35:50.676959636,T,KO,,100,68.295
2025-11-06,9:35:52.506751695,T,KO,F I,8,68.32
2025-11-06,9:35:52.510396463,T,KO,,100,68.32
2025-11-06,9:35:52.510417525,T,KO,I,1,68.32
2025-11-06,9:35:52.510432483,T,KO,F I,3,68.32
2025-11-06,9:35:52.510435545,T,KO,F,297,68.32
2025-11-06,9:35:52.519339759,T,KO,F I,35,68.33
2025-11-06,9:35:52.534086870,T,KO,I,41,68.31
2025-11-06,9:35:52.534116959,T,KO,I,1,68.31
2025-11-06,9:35:52.572575595,T,KO,F I,23,68.32
2025-11-06,9:35:52.572578701,T,KO,F,100,68.32
2025-11-06,9:35:52.572581902,T,KO,F I,20,68.32
2025-11-06,9:35:52.572581902,T,KO,F,100,68.32
2025-11-06,9:35:52.572584527,T,KO,F I,25,68.32
2025-11-06,9:35:52.572584527,T,KO,F I,1,68.32
2025-11-06,9:35:56.863922897,T,KO,F I,25,68.28
2025-11-06,9:35:56.863925485,T,KO,F I,25,68.28
2025-11-06,9:35:56.863928905,T,KO,F I,1,68.28
2025-11-06,9:35:56.863928905,T,KO,F I,25,68.28
2025-11-06,9:35:57.106179263,T,KO,F I,25,68.25
2025-11-06,9:35:57.865758453,T,KO,F I,15,68.23
2025-11-06,9:36:01.307921700,T,KO,I,9,68.22
2025-11-06,9:36:07.285026538,T,KO,I,1,68.24
2025-11-06,9:36:07.293672185,T,KO,I,4,68.245
2025-11-06,9:36:07.398116990,T,KO,I,11,68.245
2025-11-06,9:36:07.633866430,T,KO,I,10,68.245
2025-11-06,9:36:09.328083638,T,KO,,100,68.25
2025-11-06,9:36:09.470872712,T,KO,F I,44,68.25
2025-11-06,9:36:09.470950931,T,KO,I,62,68.25
2025-11-06,9:36:10.591825583,T,KO,I,17,68.24
2025-11-06,9:36:10.593852440,T,KO,F,100,68.24
2025-11-06,9:36:10.727896634,T,KO,,216,68.24
2025-11-06,9:36:10.727918289,T,KO,I,84,68.24
2025-11-06,9:36:10.727980760,T,KO,I,36,68.25
2025-11-06,9:36:10.727984006,T,KO,I,25,68.25
2025-11-06,9:36:10.727986849,T,KO,I,55,68.25
2025-11-06,9:36:10.728164210,T,KO,,100,68.25
2025-11-06,9:36:10.728167917,T,KO,I,3,68.25
2025-11-06,9:36:10.728488988,T,KO,F,100,68.24
2025-11-06,9:36:13.014954777,T,KO,I,10,68.23
2025-11-06,9:36:13.016208763,T,KO,F,880,68.23
2025-11-06,9:36:13.016226816,T,KO,I,1,68.23
2025-11-06,9:36:13.016235846,T,KO,F I,15,68.23
2025-11-06,9:36:13.019982786,T,KO,I,25,68.23
2025-11-06,9:36:13.019985801,T,KO,I,67,68.23
2025-11-06,9:36:14.493877226,T,KO,F I,67,68.23
2025-11-06,9:36:14.493931215,T,KO,F I,3,68.24
2025-11-06,9:36:14.513799583,T,KO,F,100,68.24
2025-11-06,9:36:14.514486890,T,KO,F,100,68.24
2025-11-06,9:36:14.514491203,T,KO,F,100,68.24
2025-11-06,9:36:14.514491203,T,KO,F I,3,68.24
2025-11-06,9:36:14.514495196,T,KO,F I,36,68.24
2025-11-06,9:36:14.514495196,T,KO,F,100,68.24
2025-11-06,9:36:14.612852515,T,KO,F I,10,68.23
2025-11-06,9:36:14.613150899,T,KO,I,11,68.23
2025-11-06,9:36:14.613343627,T,KO,F,113,68.23
2025-11-06,9:36:14.613345664,T,KO,F I,89,68.23
2025-11-06,9:36:14.613349096,T,KO,F I,3,68.23
2025-11-06,9:36:14.613349096,T,KO,F I,8,68.23
2025-11-06,9:36:14.613412059,T,KO,F,100,68.23
2025-11-06,9:36:14.613412059,T,KO,F,100,68.23
2025-11-06,9:36:14.613444868,T,KO,,100,68.24
2025-11-06,9:36:14.613598229,T,KO,F,100,68.24
2025-11-06,9:36:15.743777306,T,KO,F,200,68.25
2025-11-06,9:36:15.743780141,T,KO,F I,90,68.25
2025-11-06,9:36:15.743783146,T,KO,F,100,68.25
2025-11-06,9:36:15.743798044,T,KO,I,1,68.25
2025-11-06,9:36:18.073025655,T,KO,F,100,68.23
2025-11-06,9:36:21.133144056,T,KO,,100,68.25
2025-11-06,9:36:21.133607119,T,KO,I,28,68.25
2025-11-06,9:36:21.133628191,T,KO,F I,72,68.25
2025-11-06,9:36:21.182025580,T,KO,F,100,68.26
2025-11-06,9:36:21.182025580,T,KO,F I,1,68.26
2025-11-06,9:36:21.244421629,T,KO,F I,42,68.25
2025-11-06,9:36:21.244424181,T,KO,F,100,68.25
2025-11-06,9:36:21.244427033,T,KO,F I,56,68.25
2025-11-06,9:36:21.244430279,T,KO,,120,68.25
2025-11-06,9:36:24.427090243,T,KO,I,3,68.24
2025-11-06,9:36:24.977409911,T,KO,F I,1,68.23
2025-11-06,9:36:24.977419036,T,KO,F,100,68.23
2025-11-06,9:36:25.927186034,T,KO,I,97,68.23
2025-11-06,9:36:27.126066494,T,KO,,100,68.23
2025-11-06,9:36:30.206774960,T,KO,I,2,68.23
2025-11-06,9:36:30.207613901,T,KO,F,150,68.22
2025-11-06,9:36:37.899420571,T,KO,F,100,68.21
2025-11-06,9:36:37.907236369,T,KO,F,300,68.21
2025-11-06,9:36:38.047180586,T,KO,,100,68.21
2025-11-06,9:36:40.271710804,T,KO,I,42,68.22
2025-11-06,9:36:40.271710804,T,KO,I,1,68.22
2025-11-06,9:36:41.719578176,T,KO,F,100,68.21
2025-11-06,9:36:45.814442986,T,KO,F I,25,68.23
2025-11-06,9:36:45.814442986,T,KO,F,100,68.23
2025-11-06,9:36:46.380135233,T,KO,F I,10,68.23
2025-11-06,9:36:49.613679535,T,KO,F I,50,68.22
2025-11-06,9:36:49.613787893,T,KO,,100,68.23
2025-11-06,9:36:49.618644366,T,KO,I,5,68.24
2025-11-06,9:36:50.993380585,T,KO,I,25,68.25
2025-11-06,9:36:50.993383585,T,KO,I,2,68.25
2025-11-06,9:36:50.993410719,T,KO,I,1,68.25
2025-11-06,9:36:50.993597039,T,KO,F I,81,68.24
2025-11-06,9:36:50.993687743,T,KO,F I,37,68.24
2025-11-06,9:36:50.993687743,T,KO,I,63,68.24
2025-11-06,9:36:50.993690652,T,KO,I,47,68.24
2025-11-06,9:36:50.993696321,T,KO,I,34,68.24
2025-11-06,9:36:50.993828698,T,KO,,100,68.24
2025-11-06,9:36:50.993831803,T,KO,I,34,68.24
2025-11-06,9:36:50.993831803,T,KO,I,5,68.24
2025-11-06,9:36:51.256356930,T,KO,,800,68.24
2025-11-06,9:36:51.256356930,T,KO,,100,68.24
2025-11-06,9:36:51.256474409,T,KO,F,100,68.24
2025-11-06,9:36:51.256477155,T,KO,F,100,68.24
2025-11-06,9:36:51.256492239,T,KO,I,1,68.24
2025-11-06,9:36:51.256522558,T,KO,I,2,68.24
2025-11-06,9:36:51.256708763,T,KO,F I,9,68.24
2025-11-06,9:36:51.256708763,T,KO,F I,6,68.24
2025-11-06,9:36:51.257027430,T,KO,F I,9,68.24
2025-11-06,9:36:52.379757515,T,KO,F I,1,68.23
2025-11-06,9:36:55.142503407,T,KO,,100,68.23
2025-11-06,9:36:55.142518598,T,KO,I,1,68.23
2025-11-06,9:36:55.142522127,T,KO,F I,9,68.23
2025-11-06,9:36:58.739072590,T,KO,I,36,68.24
2025-11-06,9:36:58.739075435,T,KO,,100,68.24
2025-11-06,9:36:58.739090446,T,KO,I,1,68.24
2025-11-06,9:36:58.739120707,T,KO,F I,5,68.24
2025-11-06,9:36:58.739129567,T,KO,I,90,68.24
2025-11-06,9:36:58.739237774,T,KO,F,100,68.24
2025-11-06,9:36:58.739237774,T,KO,F,100,68.24
2025-11-06,9:36:58.739240790,T,KO,F I,3,68.24
2025-11-06,9:36:58.739379189,T,KO,,100,68.24
2025-11-06,9:36:58.739379189,T,KO,I,3,68.24
2025-11-06,9:36:58.739382152,T,KO,I,5,68.24
2025-11-06,9:36:58.739382152,T,KO,,100,68.24
2025-11-06,9:36:58.739764017,T,KO,F,100,68.24
2025-11-06,9:36:58.739908675,T,KO,,100,68.24
2025-11-06,9:36:58.739911412,T,KO,,100,68.24
2025-11-06,9:36:58.739915071,T,KO,I,3,68.24
2025-11-06,9:36:58.740895715,T,KO,F,100,68.24
2025-11-06,9:36:58.740895715,T,KO,F I,3,68.24
2025-11-06,9:36:58.740900786,T,KO,F I,25,68.24
2025-11-06,9:36:58.740900786,T,KO,F,100,68.24
2025-11-06,9:37:00.177163684,T,KO,F I,4,68.24
2025-11-06,9:37:03.290547933,T,KO,F,200,68.25
2025-11-06,9:37:03.290550895,T,KO,F,100,68.25
2025-11-06,9:37:03.669017315,T,KO,,100,68.25
2025-11-06,9:37:06.920992502,T,KO,I,4,68.25
2025-11-06,9:37:12.857197642,T,KO,F I,1,68.26
2025-11-06,9:37:14.151386767,T,KO,F,100,68.27
2025-11-06,9:37:14.151386767,T,KO,F I,56,68.27
2025-11-06,9:37:19.260867939,T,KO,,100,68.28
2025-11-06,9:37:19.260870855,T,KO,,100,68.28
2025-11-06,9:37:19.261282758,T,KO,,100,68.28
2025-11-06,9:37:23.198259663,T,KO,I,26,68.29
2025-11-06,9:37:23.254923541,T,KO,I,6,68.31
2025-11-06,9:37:23.255473834,T,KO,,100,68.31
2025-11-06,9:37:23.807639919,T,KO,,100,68.31
2025-11-06,9:37:23.807658003,T,KO,I,1,68.31
2025-11-06,9:37:23.808041170,T,KO,F,100,68.3
2025-11-06,9:37:23.808042896,T,KO,F I,36,68.3
2025-11-06,9:37:23.808049386,T,KO,F I,51,68.3
2025-11-06,9:37:23.808049386,T,KO,F I,84,68.3
2025-11-06,9:37:25.136459913,T,KO,,100,68.29
2025-11-06,9:37:25.136463607,T,KO,,100,68.29
2025-11-06,9:37:25.136463607,T,KO,,100,68.3
2025-11-06,9:37:25.136463607,T,KO,I,88,68.3
2025-11-06,9:37:25.136466663,T,KO,I,12,68.3
2025-11-06,9:37:25.193247171,T,KO,,100,68.29
2025-11-06,9:37:25.193247171,T,KO,,300,68.29
2025-11-06,9:37:27.437323873,T,KO,F I,90,68.3
2025-11-06,9:37:27.437326793,T,KO,F I,36,68.3
2025-11-06,9:37:27.437330418,T,KO,F,100,68.3
2025-11-06,9:37:27.437330418,T,KO,F I,18,68.3
2025-11-06,9:37:27.748502042,T,KO,I,2,68.31
2025-11-06,9:37:28.345017670,T,KO,,225,68.3
2025-11-06,9:37:28.345072059,T,KO,F I,14,68.3
2025-11-06,9:37:28.345102091,T,KO,I,75,68.3
2025-11-06,9:37:28.345104912,T,KO,,100,68.3
2025-11-06,9:37:28.345110887,T,KO,I,50,68.3
2025-11-06,9:37:28.345249333,T,KO,I,3,68.3
2025-11-06,9:37:28.345255365,T,KO,I,40,68.3
2025-11-06,9:37:28.345255365,T,KO,I,25,68.31
2025-11-06,9:37:28.345261334,T,KO,,100,68.31
2025-11-06,9:37:28.345261334,T,KO,I,51,68.31
2025-11-06,9:37:29.052341925,T,KO,F,100,68.29
2025-11-06,9:37:29.052344481,T,KO,F I,25,68.29
2025-11-06,9:37:29.052344481,T,KO,F I,13,68.29
2025-11-06,9:37:33.066716451,T,KO,F I,6,68.28
2025-11-06,9:37:33.066719548,T,KO,F,100,68.28
2025-11-06,9:37:33.066734915,T,KO,F,100,68.28
2025-11-06,9:37:33.066738200,T,KO,I,1,68.28
2025-11-06,9:37:33.066752516,T,KO,F,100,68.28
2025-11-06,9:37:33.066785572,T,KO,F,100,68.28
2025-11-06,9:37:33.066789196,T,KO,F,100,68.28
2025-11-06,9:37:33.066803695,T,KO,F I,74,68.28
2025-11-06,9:37:33.066818790,T,KO,F I,26,68.28
2025-11-06,9:37:33.066822087,T,KO,F I,74,68.28
2025-11-06,9:37:33.066824662,T,KO,F I,25,68.28
2025-11-06,9:37:33.066824662,T,KO,F I,75,68.28
2025-11-06,9:37:33.066854858,T,KO,I,25,68.28
2025-11-06,9:37:33.067919261,T,KO,I,37,68.28
2025-11-06,9:37:33.067919261,T,KO,I,2,68.28
2025-11-06,9:37:33.078372314,T,KO,I,37,68.28
2025-11-06,9:37:34.628236567,T,KO,F I,1,68.28
2025-11-06,9:37:34.628263651,T,KO,I,1,68.28
2025-11-06,9:37:37.310177290,T,KO,I,1,68.275
2025-11-06,9:37:38.917560134,T,KO,F I,22,68.27
2025-11-06,9:37:38.917560134,T,KO,F I,32,68.27
2025-11-06,9:37:38.917566370,T,KO,F I,25,68.27
2025-11-06,9:37:38.917566370,T,KO,F I,70,68.27
2025-11-06,9:37:38.917583586,T,KO,F,100,68.27
2025-11-06,9:37:50.181817858,T,KO,F I,98,68.28
2025-11-06,9:37:50.181820874,T,KO,F I,6,68.28
2025-11-06,9:37:50.181911111,T,KO,F I,3,68.28
2025-11-06,9:37:51.158315635,T,KO,I,1,68.28
2025-11-06,9:37:51.488550169,T,KO,F,100,68.27
2025-11-06,9:37:51.488886894,T,KO,I,18,68.27
2025-11-06,9:37:51.623367912,T,KO,F I,18,68.26
2025-11-06,9:37:55.861562465,T,KO,I,9,68.26
2025-11-06,9:37:56.360222213,T,KO,F I,2,68.25
2025-11-06,9:37:56.360222213,T,KO,F I,21,68.25
2025-11-06,9:37:56.360529183,T,KO,,100,68.25
2025-11-06,9:37:56.360531949,T,KO,I,37,68.25
2025-11-06,9:37:56.360531949,T,KO,I,63,68.25
2025-11-06,9:37:56.360549869,T,KO,I,1,68.25
2025-11-06,9:38:03.436306280,T,KO,,100,68.25
2025-11-06,9:38:03.870606805,T,KO,F I,21,68.25
2025-11-06,9:38:03.870613343,T,KO,F I,21,68.25
2025-11-06,9:38:03.870618779,T,KO,I,8,68.25
2025-11-06,9:38:03.870693889,T,KO,F I,3,68.25
2025-11-06,9:38:03.870699870,T,KO,I,21,68.25
2025-11-06,9:38:03.870705870,T,KO,F I,34,68.25
2025-11-06,9:38:03.870778130,T,KO,I,12,68.25
2025-11-06,9:38:03.871487869,T,KO,F I,2,68.26
2025-11-06,9:38:03.871487869,T,KO,F I,25,68.26
2025-11-06,9:38:03.871490751,T,KO,F,100,68.26
2025-11-06,9:38:03.871508842,T,KO,I,1,68.26
2025-11-06,9:38:07.934308258,T,KO,I,10,68.26
2025-11-06,9:38:09.139711306,T,KO,F I,99,68.26
2025-11-06,9:38:14.857890159,T,KO,F I,50,68.27
2025-11-06,9:38:17.118166455,T,KO,I,3,68.275
2025-11-06,9:38:17.131746937,T,KO,,400,68.27
2025-11-06,9:38:17.131746937,T,KO,I,57,68.27
2025-11-06,9:38:17.132053676,T,KO,F I,3,68.26
2025-11-06,9:38:17.900882744,T,KO,,100,68.275
2025-11-06,9:38:18.080533537,T,KO,I,78,68.28
2025-11-06,9:38:18.080552039,T,KO,F,122,68.28
2025-11-06,9:38:18.190980635,T,KO,,300,68.285
2025-11-06,9:38:18.191005512,T,KO,,100,68.29
2025-11-06,9:38:20.024633985,T,KO,I,2,68.28
2025-11-06,9:38:20.434946253,T,KO,I,54,68.28
2025-11-06,9:38:20.434946253,T,KO,,100,68.28
2025-11-06,9:38:20.434967338,T,KO,I,1,68.28
2025-11-06,9:38:20.434979749,T,KO,F I,99,68.28
2025-11-06,9:38:24.572581819,T,KO,F,100,68.26
2025-11-06,9:38:25.560356365,T,KO,F,100,68.26
2025-11-06,9:38:29.457593664,T,KO,F I,2,68.26
2025-11-06,9:38:29.457593664,T,KO,F,100,68.26
2025-11-06,9:38:33.312973980,T,KO,,100,68.25
2025-11-06,9:38:33.735624588,T,KO,F I,3,68.24
2025-11-06,9:38:33.735627655,T,KO,F,100,68.24
2025-11-06,9:38:33.735642959,T,KO,I,1,68.24
2025-11-06,9:38:33.735973521,T,KO,I,99,68.24
2025-11-06,9:38:33.735973521,T,KO,I,4,68.24
2025-11-06,9:38:33.737074671,T,KO,I,96,68.24
2025-11-06,9:38:35.315939530,T,KO,,100,68.235
2025-11-06,9:38:36.324238068,T,KO,F,100,68.23
2025-11-06,9:38:36.324262089,T,KO,I,1,68.23
2025-11-06,9:38:36.324653006,T,KO,F I,99,68.23
2025-11-06,9:38:36.324854576,T,KO,I,77,68.23
2025-11-06,9:38:36.324863479,T,KO,F I,2,68.23
2025-11-06,9:38:36.325428954,T,KO,F I,21,68.23
2025-11-06,9:38:36.325428954,T,KO,F I,79,68.23
2025-11-06,9:38:36.325467931,T,KO,F I,21,68.23
2025-11-06,9:38:36.327416633,T,KO,,100,68.23
2025-11-06,9:38:36.327419718,T,KO,I,90,68.23
2025-11-06,9:38:36.328123248,T,KO,F,100,68.23
2025-11-06,9:38:36.983907185,T,KO,F,100,68.23
2025-11-06,9:38:40.083683974,T,KO,I,1,68.23
2025-11-06,9:38:41.144689200,T,KO,F I,27,68.22
2025-11-06,9:38:41.144689200,T,KO,F,100,68.22
2025-11-06,9:38:41.144713025,T,KO,I,1,68.22
2025-11-06,9:38:41.145155159,T,KO,I,99,68.22
2025-11-06,9:38:41.153157174,T,KO,F I,39,68.22
2025-11-06,9:38:41.482619515,T,KO,F I,4,68.22
2025-11-06,9:38:41.482619515,T,KO,F I,39,68.22
2025-11-06,9:38:41.482621985,T,KO,F I,70,68.22
2025-11-06,9:38:44.062246949,T,KO,,100,68.18
2025-11-06,9:38:44.062264943,T,KO,I,1,68.18
2025-11-06,9:38:45.148692839,T,KO,I,4,68.18
2025-11-06,9:38:45.148692839,T,KO,I,50,68.18
2025-11-06,9:38:45.148695558,T,KO,I,46,68.18
2025-11-06,9:38:45.148707577,T,KO,I,1,68.18
2025-11-06,9:38:45.148722588,T,KO,I,1,68.18
2025-11-06,9:38:45.149038367,T,KO,I,9,68.18
2025-11-06,9:38:45.309214898,T,KO,I,99,68.18
2025-11-06,9:38:45.574870547,T,KO,F I,25,68.17
2025-11-06,9:38:45.574873602,T,KO,F I,50,68.17
2025-11-06,9:38:45.575045133,T,KO,I,4,68.17
2025-11-06,9:38:45.575048526,T,KO,I,36,68.17
2025-11-06,9:38:47.786451932,T,KO,I,5,68.18
2025-11-06,9:38:47.786469971,T,KO,F I,45,68.18
2025-11-06,9:38:48.056010961,T,KO,I,4,68.18
2025-11-06,9:38:48.056014037,T,KO,,182,68.18
2025-11-06,9:38:49.769200732,T,KO,F I,50,68.18
2025-11-06,9:38:49.769200732,T,KO,F I,87,68.18
2025-11-06,9:38:49.769204085,T,KO,F I,5,68.18
2025-11-06,9:38:49.769204085,T,KO,F I,13,68.18
2025-11-06,9:38:49.769206371,T,KO,F I,25,68.18
2025-11-06,9:38:49.794920586,T,KO,I,1,68.185
2025-11-06,9:38:54.122684112,T,KO,I,40,68.18
2025-11-06,9:38:54.122705178,T,KO,F I,23,68.18
2025-11-06,9:38:55.147236402,T,KO,,200,68.19
2025-11-06,9:38:55.147254487,T,KO,I,1,68.19
2025-11-06,9:38:55.147263439,T,KO,I,99,68.19
2025-11-06,9:38:55.147934033,T,KO,F,100,68.19
2025-11-06,9:38:55.147934033,T,KO,F I,39,68.19
2025-11-06,9:38:57.685178978,T,KO,I,22,68.19
2025-11-06,9:38:57.685182579,T,KO,I,39,68.19
2025-11-06,9:38:57.685185307,T,KO,I,6,68.19
2025-11-06,9:38:57.685188289,T,KO,I,18,68.19
2025-11-06,9:38:57.685188289,T,KO,I,39,68.19
2025-11-06,9:38:57.685191200,T,KO,I,21,68.19
2025-11-06,9:38:57.685191200,T,KO,I,50,68.19
2025-11-06,9:39:00.059477926,T,KO,,100,68.195
2025-11-06,9:39:01.901037106,T,KO,,100,68.205
2025-11-06,9:39:01.901040274,T,KO,I,1,68.21
2025-11-06,9:39:01.901070416,T,KO,I,1,68.21
2025-11-06,9:39:01.901497211,T,KO,F I,93,68.21
2025-11-06,9:39:01.901497211,T,KO,I,5,68.21
2025-11-06,9:39:01.901500102,T,KO,I,1,68.21
2025-11-06,9:39:02.150616389,T,KO,F,100,68.21
2025-11-06,9:39:02.150619428,T,KO,F I,3,68.21
2025-11-06,9:39:02.150634500,T,KO,I,1,68.21
2025-11-06,9:39:02.150673587,T,KO,F I,6,68.21
2025-11-06,9:39:13.419154355,T,KO,F,100,68.22
2025-11-06,9:39:13.419157000,T,KO,F I,20,68.22
2025-11-06,9:39:13.419160366,T,KO,F,100,68.22
2025-11-06,9:39:13.419164282,T,KO,F I,1,68.22
2025-11-06,9:39:13.419164282,T,KO,F,100,68.22
2025-11-06,9:39:13.419166181,T,KO,F,100,68.22
2025-11-06,9:39:13.419169002,T,KO,F I,13,68.22
2025-11-06,9:39:13.433931204,T,KO,I,2,68.22
2025-11-06,9:39:22.615296657,T,KO,I,1,68.22
2025-11-06,9:39:24.410575497,T,KO,I,1,68.22
2025-11-06,9:39:24.410620656,T,KO,I,80,68.22
2025-11-06,9:39:24.410623573,T,KO,I,45,68.22
2025-11-06,9:39:24.410657295,T,KO,I,17,68.22
2025-11-06,9:39:24.410680783,T,KO,F I,83,68.22
2025-11-06,9:39:24.410683925,T,KO,F I,43,68.22
2025-11-06,9:39:24.410683925,T,KO,F I,4,68.22
2025-11-06,9:39:26.886889389,T,KO,F,300,68.23
2025-11-06,9:39:31.371638835,T,KO,F I,33,68.24
2025-11-06,9:39:31.371654289,T,KO,F I,67,68.24
2025-11-06,9:39:31.371657014,T,KO,F I,67,68.24
2025-11-06,9:39:31.371659822,T,KO,F I,21,68.24
2025-11-06,9:39:31.371675506,T,KO,F I,12,68.24
2025-11-06,9:39:31.408413371,T,KO,I,2,68.245
2025-11-06,9:39:32.854590802,T,KO,I,1,68.25
2025-11-06,9:39:33.538942677,T,KO,F I,99,68.245
2025-11-06,9:39:34.146837634,T,KO,I,33,68.265
2025-11-06,9:39:35.282624882,T,KO,F,700,68.25
2025-11-06,9:39:35.282628288,T,KO,F I,9,68.25
2025-11-06,9:39:35.282628288,T,KO,F I,10,68.25
2025-11-06,9:39:35.282630911,T,KO,F I,43,68.25
2025-11-06,9:39:35.282633772,T,KO,F I,35,68.25
2025-11-06,9:39:35.282633772,T,KO,F I,17,68.25
2025-11-06,9:39:35.282642843,T,KO,F I,2,68.25
2025-11-06,9:39:35.283439730,T,KO,F I,13,68.25
2025-11-06,9:39:36.106668366,T,KO,F I,28,68.24
2025-11-06,9:39:43.116724273,T,KO,I,89,68.25
2025-11-06,9:39:44.061021267,T,KO,F,100,68.26
2025-11-06,9:39:44.124177696,T,KO,,100,68.27
2025-11-06,9:39:47.640539815,T,KO,,100,68.275
2025-11-06,9:39:47.641018405,T,KO,F,100,68.28
2025-11-06,9:39:47.841839208,T,KO,F I,12,68.28
2025-11-06,9:39:56.025307822,T,KO,I,2,68.29
2025-11-06,9:39:56.025322843,T,KO,F I,26,68.29
2025-11-06,9:39:56.981964438,T,KO,I,3,68.285
2025-11-06,9:40:01.064836536,T,KO,F I,11,68.27
2025-11-06,9:40:01.064848655,T,KO,F I,89,68.27
2025-11-06,9:40:01.064852569,T,KO,F,200,68.27
2025-11-06,9:40:01.064852569,T,KO,F I,24,68.27
2025-11-06,9:40:01.064852569,T,KO,F I,11,68.27
2025-11-06,9:40:01.064857617,T,KO,F,189,68.27
2025-11-06,9:40:01.064857617,T,KO,F,100,68.27
2025-11-06,9:40:01.064857617,T,KO,F,100,68.27
2025-11-06,9:40:01.810252498,T,KO,F,100,68.26
2025-11-06,9:40:01.810255210,T,KO,F,100,68.26
2025-11-06,9:40:01.810258728,T,KO,F,100,68.26
2025-11-06,9:40:01.810261613,T,KO,F,200,68.26
2025-11-06,9:40:01.810261613,T,KO,F,100,68.26
2025-11-06,9:40:01.810264047,T,KO,F,300,68.26
2025-11-06,9:40:01.810267025,T,KO,F,100,68.26
2025-11-06,9:40:03.002119591,T,KO,F,196,68.25
2025-11-06,9:40:03.002137762,T,KO,I,1,68.25
2025-11-06,9:40:04.837908105,T,KO,F I,4,68.26
2025-11-06,9:40:04.837911414,T,KO,F I,25,68.26
2025-11-06,9:40:04.837911414,T,KO,F I,1,68.26
2025-11-06,9:40:04.837914001,T,KO,F I,6,68.26
2025-11-06,9:40:04.837917380,T,KO,I,36,68.26
2025-11-06,9:40:04.837983245,T,KO,F I,15,68.26
2025-11-06,9:40:04.838479327,T,KO,F I,6,68.26
2025-11-06,9:40:05.030390557,T,KO,F I,42,68.26
2025-11-06,9:40:05.030393432,T,KO,F I,2,68.26
2025-11-06,9:40:05.030393432,T,KO,F I,6,68.26
2025-11-06,9:40:05.030396439,T,KO,F I,14,68.26
2025-11-06,9:40:05.030992471,T,KO,I,48,68.26
2025-11-06,9:40:05.030995283,T,KO,,100,68.26
2025-11-06,9:40:05.030995283,T,KO,I,27,68.26
2025-11-06,9:40:05.030998001,T,KO,I,25,68.26
2025-11-06,9:40:06.382344409,T,KO,F I,15,68.26
2025-11-06,9:40:10.231881894,T,KO,F I,41,68.25
2025-11-06,9:40:10.231884978,T,KO,F I,22,68.25
2025-11-06,9:40:12.128700539,T,KO,,100,68.245
2025-11-06,9:40:14.657865604,T,KO,,100,68.25
2025-11-06,9:40:14.657869028,T,KO,,200,68.25
2025-11-06,9:40:14.657871996,T,KO,F,100,68.25
2025-11-06,9:40:16.106592728,T,KO,I,1,68.25
2025-11-06,9:40:21.223823533,T,KO,F I,17,68.26
2025-11-06,9:40:21.223823533,T,KO,F I,2,68.26
2025-11-06,9:40:21.224088158,T,KO,F I,51,68.26
2025-11-06,9:40:24.655380657,T,KO,F I,37,68.255
2025-11-06,9:40:25.005937633,T,KO,F I,51,68.26
2025-11-06,9:40:25.005937633,T,KO,F I,2,68.26
2025-11-06,9:40:25.005940475,T,KO,F I,16,68.26
2025-11-06,9:40:26.785356428,T,KO,F I,50,68.25
2025-11-06,9:40:27.699584936,T,KO,I,1,68.25
2025-11-06,9:40:28.530244396,T,KO,,100,68.24
2025-11-06,9:40:28.530247370,T,KO,,100,68.24
2025-11-06,9:40:28.530247370,T,KO,I,10,68.24
2025-11-06,9:40:28.530265359,T,KO,I,1,68.24
2025-11-06,9:40:28.530301565,T,KO,I,1,68.24
2025-11-06,9:40:28.530319539,T,KO,F I,98,68.24
2025-11-06,9:40:28.530822263,T,KO,I,50,68.24
2025-11-06,9:40:28.530825270,T,KO,,100,68.24
2025-11-06,9:40:28.530827778,T,KO,,100,68.24
2025-11-06,9:40:28.530830747,T,KO,I,2,68.24
2025-11-06,9:40:28.535964386,T,KO,I,50,68.24
2025-11-06,9:40:28.535964386,T,KO,I,23,68.24
2025-11-06,9:40:28.535967512,T,KO,I,19,68.24
2025-11-06,9:40:28.535967512,T,KO,I,23,68.24
2025-11-06,9:40:28.535969991,T,KO,I,50,68.24
2025-11-06,9:40:28.588680158,T,KO,F I,50,68.24
2025-11-06,9:40:28.588683006,T,KO,F,100,68.24
2025-11-06,9:40:28.588683006,T,KO,F I,23,68.24
2025-11-06,9:40:28.588686392,T,KO,F I,50,68.24
2025-11-06,9:40:28.588689360,T,KO,F I,2,68.24
2025-11-06,9:40:28.588689360,T,KO,F,100,68.24
2025-11-06,9:40:29.514873396,T,KO,I,50,68.24
2025-11-06,9:40:29.514873396,T,KO,,100,68.24
2025-11-06,9:40:29.515258373,T,KO,I,50,68.24
2025-11-06,9:40:29.515261509,T,KO,,100,68.24
2025-11-06,9:40:29.515261509,T,KO,,100,68.24
2025-11-06,9:40:29.515277074,T,KO,I,1,68.24
2025-11-06,9:40:29.515279664,T,KO,F I,3,68.24
2025-11-06,9:40:29.515283382,T,KO,F I,2,68.24
2025-11-06,9:40:29.515718382,T,KO,I,50,68.24
2025-11-06,9:40:29.515718382,T,KO,I,4,68.24
2025-11-06,9:40:29.515721420,T,KO,I,46,68.24
2025-11-06,9:40:29.828998525,T,KO,F I,13,68.25
2025-11-06,9:40:30.894045369,T,KO,F I,6,68.24
2025-11-06,9:40:30.894315987,T,KO,,300,68.235
2025-11-06,9:40:30.894319124,T,KO,I,25,68.23
2025-11-06,9:40:30.894319124,T,KO,I,6,68.23
2025-11-06,9:40:30.894352054,T,KO,I,1,68.235
2025-11-06,9:40:30.894695752,T,KO,I,11,68.23
2025-11-06,9:40:30.894695752,T,KO,I,12,68.23
2025-11-06,9:40:30.894697842,T,KO,I,82,68.23
2025-11-06,9:40:30.897618192,T,KO,I,50,68.23
2025-11-06,9:40:30.897618192,T,KO,I,60,68.23
2025-11-06,9:40:30.899987472,T,KO,I,40,68.23
2025-11-06,9:40:31.121814282,T,KO,F,100,68.24
2025-11-06,9:40:31.121816973,T,KO,F I,2,68.24
2025-11-06,9:40:31.121820858,T,KO,F I,25,68.24
2025-11-06,9:40:31.121820858,T,KO,F,111,68.24
2025-11-06,9:40:31.121820858,T,KO,F I,74,68.24
2025-11-06,9:40:31.121825844,T,KO,F I,26,68.24
2025-11-06,9:40:31.121825844,T,KO,F I,8,68.24
2025-11-06,9:40:31.121888981,T,KO,F I,7,68.24
2025-11-06,9:40:31.132847983,T,KO,F I,87,68.25
2025-11-06,9:40:31.132850179,T,KO,F I,2,68.25
2025-11-06,9:40:31.132853055,T,KO,F I,7,68.25
2025-11-06,9:40:31.132868163,T,KO,F I,93,68.25
2025-11-06,9:40:31.181963063,T,KO,F I,2,68.26
2025-11-06,9:40:32.955130156,T,KO,F I,25,68.27
2025-11-06,9:40:32.955133090,T,KO,F,299,68.27
2025-11-06,9:40:32.955136131,T,KO,F I,64,68.27
2025-11-06,9:40:32.955148214,T,KO,F,136,68.27
2025-11-06,9:40:33.042588089,T,KO,I,50,68.27
2025-11-06,9:40:33.042590609,T,KO,I,4,68.27
2025-11-06,9:40:33.042594287,T,KO,I,1,68.27
2025-11-06,9:40:33.042596621,T,KO,I,25,68.27
2025-11-06,9:40:33.042596621,T,KO,I,20,68.27
2025-11-06,9:40:33.326559795,T,KO,,100,68.27
2025-11-06,9:40:33.328605211,T,KO,F,100,68.26
2025-11-06,9:40:33.328605211,T,KO,F I,50,68.26
2025-11-06,9:40:33.328610600,T,KO,F I,2,68.26
2025-11-06,9:40:33.332965341,T,KO,I,15,68.26
2025-11-06,9:40:33.332965341,T,KO,I,85,68.26
2025-11-06,9:40:33.332986011,T,KO,I,1,68.26
2025-11-06,9:40:33.955709329,T,KO,F I,2,68.26
2025-11-06,9:40:34.075018527,T,KO,I,2,68.27
2025-11-06,9:40:34.075018527,T,KO,I,17,68.27
2025-11-06,9:40:35.397559318,T,KO,,300,68.275
2025-11-06,9:40:37.540655856,T,KO,F I,58,68.29
2025-11-06,9:40:37.540655856,T,KO,F,100,68.29
2025-11-06,9:40:37.540658550,T,KO,F I,2,68.29
2025-11-06,9:40:37.540661473,T,KO,F,115,68.29
2025-11-06,9:40:39.530636377,T,KO,F I,30,68.3
2025-11-06,9:40:39.530636377,T,KO,F I,1,68.3
2025-11-06,9:40:39.530639229,T,KO,F,123,68.3
2025-11-06,9:40:39.602212586,T,KO,F I,1,68.305
2025-11-06,9:40:40.238928270,T,KO,I,55,68.31
2025-11-06,9:40:40.238928270,T,KO,I,2,68.31
2025-11-06,9:40:41.327646954,T,KO,I,39,68.33
2025-11-06,9:40:41.327893654,T,KO,F,145,68.33
2025-11-06,9:40:41.334488249,T,KO,I,52,68.33
2025-11-06,9:40:43.563851026,T,KO,I,52,68.33
2025-11-06,9:40:43.563851026,T,KO,I,2,68.33
2025-11-06,9:40:47.358210356,T,KO,I,64,68.34
2025-11-06,9:40:47.358216206,T,KO,I,36,68.34
2025-11-06,9:40:47.358232092,T,KO,F,148,68.34
2025-11-06,9:40:47.358234397,T,KO,F I,2,68.34
2025-11-06,9:40:47.478875609,T,KO,I,3,68.36
2025-11-06,9:40:47.985934317,T,KO,I,1,68.36
2025-11-06,9:40:49.124512140,T,KO,,100,68.355
2025-11-06,9:40:49.900318235,T,KO,F,100,68.36
2025-11-06,9:40:49.900318235,T,KO,F I,2,68.36
2025-11-06,9:40:49.900321116,T,KO,F,181,68.36
2025-11-06,9:40:49.900321116,T,KO,F I,17,68.36
2025-11-06,9:40:49.900335882,T,KO,I,1,68.36
2025-11-06,9:40:49.900344896,T,KO,F I,19,68.36
2025-11-06,9:40:52.721878110,T,KO,F I,58,68.36
2025-11-06,9:40:52.721881092,T,KO,F I,10,68.36
2025-11-06,9:41:00.280052479,T,KO,,100,68.35
2025-11-06,9:41:00.280052479,T,KO,,100,68.35
2025-11-06,9:41:00.280055563,T,KO,,100,68.35
2025-11-06,9:41:00.280575775,T,KO,,100,68.35
2025-11-06,9:41:00.298850219,T,KO,F I,5,68.35
2025-11-06,9:41:00.298850219,T,KO,F I,9,68.35
2025-11-06,9:41:00.298853350,T,KO,F I,12,68.35
2025-11-06,9:41:00.298853350,T,KO,F I,18,68.35
2025-11-06,9:41:00.302730187,T,KO,I,4,68.35
2025-11-06,9:41:00.302732726,T,KO,,100,68.35
2025-11-06,9:41:00.302735508,T,KO,I,34,68.35
2025-11-06,9:41:00.302754234,T,KO,I,1,68.35
2025-11-06,9:41:01.175101765,T,KO,F I,58,68.34
2025-11-06,9:41:01.175107338,T,KO,F,200,68.34
2025-11-06,9:41:01.175107338,T,KO,F,400,68.34
2025-11-06,9:41:01.175110288,T,KO,F,400,68.34
2025-11-06,9:41:01.175113427,T,KO,F I,4,68.34
2025-11-06,9:41:01.175113427,T,KO,F I,34,68.34
2025-11-06,9:41:01.175116325,T,KO,F I,25,68.34
2025-11-06,9:41:01.175116325,T,KO,F I,1,68.34
2025-11-06,9:41:01.175120718,T,KO,F I,5,68.34
2025-11-06,9:41:01.175125327,T,KO,F,100,68.34
2025-11-06,9:41:01.375778423,T,KO,F,200,68.33
2025-11-06,9:41:01.375778423,T,KO,F I,4,68.33
2025-11-06,9:41:01.375784402,T,KO,F I,4,68.33
2025-11-06,9:41:01.375784402,T,KO,F I,38,68.33
2025-11-06,9:41:01.375787190,T,KO,F I,1,68.33
2025-11-06,9:41:04.743977168,T,KO,I,1,68.33
2025-11-06,9:41:04.744280889,T,KO,I,1,68.33
2025-11-06,9:41:05.460256924,T,KO,F I,27,68.32
2025-11-06,9:41:05.460259851,T,KO,F I,5,68.32
2025-11-06,9:41:05.460265193,T,KO,F,100,68.32
2025-11-06,9:41:05.460265193,T,KO,F,100,68.32
2025-11-06,9:41:05.460268228,T,KO,F I,16,68.32
2025-11-06,9:41:08.384456814,T,KO,F I,32,68.31
2025-11-06,9:41:08.384499044,T,KO,I,8,68.3
2025-11-06,9:41:08.387987240,T,KO,I,3,68.3
2025-11-06,9:41:14.451575176,T,KO,,100,68.29
2025-11-06,9:41:14.451575176,T,KO,I,2,68.29
2025-11-06,9:41:14.451577889,T,KO,I,82,68.29
2025-11-06,9:41:14.451590032,T,KO,I,1,68.29
2025-11-06,9:41:14.451611057,T,KO,F I,17,68.29
2025-11-06,9:41:14.451614046,T,KO,F I,1,68.29
2025-11-06,9:41:14.452940344,T,KO,F I,54,68.29
2025-11-06,9:41:14.453216885,T,KO,F I,2,68.29
2025-11-06,9:41:14.453219853,T,KO,F I,20,68.29
2025-11-06,9:41:14.461432478,T,KO,I,4,68.29
2025-11-06,9:41:18.251674684,T,KO,F I,1,68.28
2025-11-06,9:41:21.347891644,T,KO,F I,34,68.28
2025-11-06,9:41:21.347894310,T,KO,F I,7,68.28
2025-11-06,9:41:21.347897110,T,KO,F I,2,68.28
2025-11-06,9:41:22.463427960,T,KO,F I,2,68.29
2025-11-06,9:41:22.463431158,T,KO,F I,7,68.29
2025-11-06,9:41:22.463431158,T,KO,F I,1,68.29
2025-11-06,9:41:24.867852680,T,KO,,100,68.29
2025-11-06,9:41:30.446192822,T,KO,I,31,68.29
2025-11-06,9:41:30.451837269,T,KO,F I,50,68.29
2025-11-06,9:41:31.721807088,T,KO,I,50,68.29
2025-11-06,9:41:31.721807088,T,KO,I,1,68.29
2025-11-06,9:41:31.721810050,T,KO,I,99,68.29
2025-11-06,9:41:31.722456598,T,KO,,100,68.3
2025-11-06,9:41:31.722456598,T,KO,I,5,68.3
2025-11-06,9:41:31.750600590,T,KO,F I,50,68.3
2025-11-06,9:41:37.147999859,T,KO,F I,1,68.29
2025-11-06,9:41:37.148018033,T,KO,F I,99,68.29
2025-11-06,9:41:37.517589047,T,KO,I,50,68.29
2025-11-06,9:41:37.517592051,T,KO,I,5,68.29
2025-11-06,9:41:37.781819448,T,KO,,100,68.285
2025-11-06,9:41:38.789050637,T,KO,F,100,68.28
2025-11-06,9:41:38.789053537,T,KO,F I,59,68.28
2025-11-06,9:41:38.789056505,T,KO,F I,25,68.28
2025-11-06,9:41:38.789056505,T,KO,F I,25,68.28
2025-11-06,9:41:44.685960104,T,KO,F,203,68.27
2025-11-06,9:41:44.685990094,T,KO,F,100,68.27
2025-11-06,9:41:44.686011149,T,KO,I,1,68.27
2025-11-06,9:41:48.777992043,T,KO,I,31,68.29
2025-11-06,9:41:48.778013105,T,KO,F I,69,68.29
2025-11-06,9:41:48.778013105,T,KO,F I,15,68.29
2025-11-06,9:41:50.427919692,T,KO,I,9,68.29
2025-11-06,9:41:50.427922682,T,KO,I,32,68.29
2025-11-06,9:41:50.956771332,T,KO,F I,25,68.3
2025-11-06,9:41:50.956832358,T,KO,F I,25,68.3
2025-11-06,9:41:53.994594434,T,KO,F I,19,68.31
2025-11-06,9:41:53.994594434,T,KO,F I,1,68.31
2025-11-06,9:41:53.994615631,T,KO,I,9,68.31
2025-11-06,9:41:53.994663564,T,KO,F I,48,68.31
2025-11-06,9:41:53.995286077,T,KO,I,40,68.31
2025-11-06,9:41:54.001769583,T,KO,,100,68.305
2025-11-06,9:41:58.037573740,T,KO,I,21,68.31
2025-11-06,9:41:58.556245987,T,KO,I,4,68.31
2025-11-06,9:41:59.037864083,T,KO,F I,3,68.3
2025-11-06,9:41:59.037867761,T,KO,F I,10,68.3
2025-11-06,9:42:03.927516755,T,KO,F I,27,68.3
2025-11-06,9:42:06.689774756,T,KO,F I,11,68.31
2025-11-06,9:42:06.689774756,T,KO,F I,15,68.31
2025-11-06,9:42:06.690418284,T,KO,F I,5,68.3
2025-11-06,9:42:07.197979141,T,KO,F I,51,68.29
2025-11-06,9:42:11.370515961,T,KO,F I,25,68.32
2025-11-06,9:42:11.392320924,T,KO,I,36,68.32
2025-11-06,9:42:11.392347974,T,KO,I,1,68.32
2025-11-06,9:42:11.783991919,T,KO,F I,36,68.33
2025-11-06,9:42:11.783994742,T,KO,F I,1,68.33
2025-11-06,9:42:15.121523960,T,KO,I,1,68.34
2025-11-06,9:42:15.121523960,T,KO,I,25,68.34
2025-11-06,9:42:15.121990055,T,KO,I,5,68.35
2025-11-06,9:42:15.121993046,T,KO,I,29,68.35
2025-11-06,9:42:15.122564329,T,KO,F,100,68.35
2025-11-06,9:42:15.125697854,T,KO,F I,43,68.35
2025-11-06,9:42:15.125700825,T,KO,F,200,68.35
2025-11-06,9:42:15.125719160,T,KO,I,1,68.35
2025-11-06,9:42:15.125721862,T,KO,I,30,68.35
2025-11-06,9:42:15.126435367,T,KO,F,100,68.35
2025-11-06,9:42:15.126440846,T,KO,F I,43,68.35
2025-11-06,9:42:15.126440846,T,KO,F,100,68.35
2025-11-06,9:42:15.126440846,T,KO,F,100,68.35
2025-11-06,9:42:15.126440846,T,KO,F I,2,68.35
2025-11-06,9:42:15.126443955,T,KO,F I,43,68.35
2025-11-06,9:42:16.030829555,T,KO,I,43,68.35
2025-11-06,9:42:28.579043928,T,KO,F I,5,68.36
2025-11-06,9:42:28.582120484,T,KO,F I,52,68.35
2025-11-06,9:42:28.582120484,T,KO,F I,88,68.35
2025-11-06,9:42:28.582138705,T,KO,I,1,68.35
2025-11-06,9:42:28.582165375,T,KO,F I,12,68.35
2025-11-06,9:42:28.640826174,T,KO,F,100,68.34
2025-11-06,9:42:28.640826174,T,KO,F I,2,68.34
2025-11-06,9:42:28.640832150,T,KO,F,100,68.34
2025-11-06,9:42:28.640832150,T,KO,F I,69,68.34
2025-11-06,9:42:28.640835132,T,KO,F I,1,68.34
2025-11-06,9:42:37.222560308,T,KO,F I,52,68.34
2025-11-06,9:42:37.223074592,T,KO,I,25,68.34
2025-11-06,9:42:42.687094365,T,KO,F I,76,68.33
2025-11-06,9:42:42.687094365,T,KO,F,100,68.33
2025-11-06,9:42:43.892244616,T,KO,,100,68.325
2025-11-06,9:42:47.832757896,T,KO,F,100,68.34
2025-11-06,9:42:47.832763790,T,KO,F,100,68.34
2025-11-06,9:42:47.832763790,T,KO,F I,1,68.34
2025-11-06,9:42:47.832766967,T,KO,F I,1,68.34
2025-11-06,9:42:47.832766967,T,KO,F,100,68.34
2025-11-06,9:42:47.842807843,T,KO,F I,11,68.34
2025-11-06,9:42:57.361805216,T,KO,I,3,68.335
2025-11-06,9:42:58.407440674,T,KO,I,1,68.335
2025-11-06,9:43:00.742156929,T,KO,F I,5,68.33
2025-11-06,9:43:00.742156929,T,KO,F I,23,68.33
2025-11-06,9:43:00.742162311,T,KO,F,100,68.33
2025-11-06,9:43:00.742162311,T,KO,F,100,68.33
2025-11-06,9:43:00.742165279,T,KO,F I,9,68.33
2025-11-06,9:43:00.742180307,T,KO,I,1,68.33
2025-11-06,9:43:00.742186352,T,KO,F I,3,68.33
2025-11-06,9:43:00.742189338,T,KO,F,100,68.33
2025-11-06,9:43:02.190504902,T,KO,F I,1,68.32
2025-11-06,9:43:02.190504902,T,KO,F,200,68.32
2025-11-06,9:43:02.190508230,T,KO,F I,1,68.32
2025-11-06,9:43:02.190541088,T,KO,F,200,68.32
2025-11-06,9:43:02.190546987,T,KO,F,200,68.32
2025-11-06,9:43:05.179353536,T,KO,F I,1,68.31
2025-11-06,9:43:05.181425341,T,KO,I,15,68.31
2025-11-06,9:43:05.181630010,T,KO,F I,10,68.31
2025-11-06,9:43:11.648469115,T,KO,,300,68.325
2025-11-06,9:43:14.807189206,T,KO,I,3,68.325
2025-11-06,9:43:20.931362347,T,KO,F I,55,68.33
2025-11-06,9:43:32.950968569,T,KO,F,100,68.335
2025-11-06,9:43:32.950971562,T,KO,F,200,68.34
2025-11-06,9:43:32.950977527,T,KO,F,100,68.34
2025-11-06,9:43:32.951455980,T,KO,,100,68.34
2025-11-06,9:43:32.951459071,T,KO,I,46,68.34
2025-11-06,9:43:32.951459071,T,KO,,100,68.34
2025-11-06,9:43:32.951461719,T,KO,I,54,68.335
2025-11-06,9:43:32.951488896,T,KO,F I,6,68.335
2025-11-06,9:43:32.951492498,T,KO,F,100,68.33
2025-11-06,9:43:32.951494783,T,KO,F I,67,68.33
2025-11-06,9:43:32.951497837,T,KO,F I,25,68.33
2025-11-06,9:43:32.958303554,T,KO,F,100,68.33
2025-11-06,9:43:32.958306739,T,KO,F I,46,68.33
2025-11-06,9:43:32.958312517,T,KO,F I,46,68.33
2025-11-06,9:43:32.958312517,T,KO,F I,37,68.33
2025-11-06,9:43:32.958315915,T,KO,F,100,68.33
2025-11-06,9:43:32.958315915,T,KO,F,100,68.33
2025-11-06,9:43:32.958318418,T,KO,F I,10,68.33
2025-11-06,9:43:32.958318418,T,KO,F I,91,68.33
2025-11-06,9:43:32.958321127,T,KO,F I,25,68.33
2025-11-06,9:43:33.009725485,T,KO,I,37,68.33
2025-11-06,9:43:36.516632958,T,KO,F I,1,68.33
2025-11-06,9:43:38.525270096,T,KO,,190,68.33
2025-11-06,9:43:38.532800027,T,KO,I,10,68.34
2025-11-06,9:43:43.063417634,T,KO,I,2,68.345
2025-11-06,9:43:43.893749274,T,KO,I,19,68.345
2025-11-06,9:43:50.044776361,T,KO,F I,3,68.34
2025-11-06,9:43:50.044779249,T,KO,F I,46,68.34
2025-11-06,9:43:50.044782910,T,KO,F,100,68.34
2025-11-06,9:43:50.044782910,T,KO,F I,13,68.34
2025-11-06,9:43:50.044785881,T,KO,F I,15,68.34
2025-11-06,9:43:50.044785881,T,KO,F I,3,68.34
2025-11-06,9:43:50.745502151,T,KO,,100,68.335
2025-11-06,9:43:50.746936618,T,KO,,200,68.335
2025-11-06,9:43:50.747231285,T,KO,I,89,68.335
2025-11-06,9:43:51.218925770,T,KO,,100,68.33
2025-11-06,9:43:51.218928719,T,KO,,100,68.33
2025-11-06,9:43:51.218947033,T,KO,F I,19,68.33
2025-11-06,9:43:51.218947033,T,KO,F I,1,68.33
2025-11-06,9:43:51.218952864,T,KO,F I,29,68.33
2025-11-06,9:43:52.859242591,T,KO,F I,55,68.33
2025-11-06,9:44:04.616795591,T,KO,I,1,68.33
2025-11-06,9:44:04.616795591,T,KO,I,74,68.33
2025-11-06,9:44:04.617379042,T,KO,F I,48,68.33
2025-11-06,9:44:04.617382739,T,KO,F,100,68.33
2025-11-06,9:44:05.101718654,T,KO,F,132,68.34
2025-11-06,9:44:05.101721747,T,KO,F I,68,68.34
2025-11-06,9:44:05.101727599,T,KO,F I,80,68.34
2025-11-06,9:44:09.517709205,T,KO,F I,2,68.34
2025-11-06,9:44:09.517716139,T,KO,F I,48,68.34
2025-11-06,9:44:09.517716139,T,KO,F I,31,68.34
2025-11-06,9:44:09.517721769,T,KO,F I,2,68.34
2025-11-06,9:44:09.517721769,T,KO,F I,14,68.34
2025-11-06,9:44:10.869512818,T,KO,I,21,68.35
2025-11-06,9:44:10.869515823,T,KO,,100,68.35
2025-11-06,9:44:10.869518906,T,KO,I,10,68.35
2025-11-06,9:44:10.869525028,T,KO,I,13,68.35
2025-11-06,9:44:10.869528730,T,KO,I,25,68.35
2025-11-06,9:44:13.823860355,T,KO,F I,13,68.36
2025-11-06,9:44:13.823881410,T,KO,F,155,68.36
2025-11-06,9:44:13.911756721,T,KO,F,100,68.37
2025-11-06,9:44:16.505230194,T,KO,F,100,68.38
2025-11-06,9:44:16.505232567,T,KO,F,100,68.38
2025-11-06,9:44:16.958048299,T,KO,F I,16,68.38
2025-11-06,9:44:16.958050962,T,KO,F I,1,68.38
2025-11-06,9:44:16.967932542,T,KO,I,10,68.375
2025-11-06,9:44:26.127129409,T,KO,I,1,68.385
2025-11-06,9:44:29.327131706,T,KO,F I,4,68.38
2025-11-06,9:44:29.327134789,T,KO,F I,61,68.38
2025-11-06,9:44:29.327137676,T,KO,F I,1,68.38
2025-11-06,9:44:29.327137676,T,KO,F I,17,68.38
2025-11-06,9:44:29.327709091,T,KO,,100,68.375
2025-11-06,9:44:29.327712321,T,KO,,100,68.38
2025-11-06,9:44:29.327712321,T,KO,I,42,68.38
2025-11-06,9:44:29.327715640,T,KO,,100,68.38
2025-11-06,9:44:29.327718357,T,KO,I,25,68.38
2025-11-06,9:44:29.327734063,T,KO,I,1,68.38
2025-11-06,9:44:30.121810451,T,KO,F I,5,68.39
2025-11-06,9:44:30.137072042,T,KO,F I,14,68.4
2025-11-06,9:44:30.137072042,T,KO,F I,45,68.4
2025-11-06,9:44:38.255865495,T,KO,F I,42,68.4
2025-11-06,9:44:38.255869437,T,KO,F I,25,68.4
2025-11-06,9:44:38.255869437,T,KO,F I,1,68.4
2025-11-06,9:44:38.255889493,T,KO,F I,99,68.4
2025-11-06,9:44:38.255889493,T,KO,F I,26,68.4
2025-11-06,9:44:38.255892610,T,KO,F I,74,68.4
2025-11-06,9:44:40.538954122,T,KO,F,135,68.38
2025-11-06,9:44:40.538972158,T,KO,I,1,68.38
2025-11-06,9:44:40.538978306,T,KO,I,64,68.38
2025-11-06,9:44:40.538981237,T,KO,I,36,68.38
2025-11-06,9:44:40.538984214,T,KO,I,1,68.38
2025-11-06,9:44:40.538996280,T,KO,I,22,68.38
2025-11-06,9:44:40.538999426,T,KO,I,14,68.38
2025-11-06,9:44:40.539002443,T,KO,,200,68.38
2025-11-06,9:44:40.539002443,T,KO,,100,68.38
2025-11-06,9:44:40.545130796,T,KO,I,39,68.38
2025-11-06,9:44:40.545130796,T,KO,I,61,68.38
2025-11-06,9:44:41.490486667,T,KO,F I,39,68.38
2025-11-06,9:44:41.490486667,T,KO,F,100,68.38
2025-11-06,9:44:48.277786911,T,KO,I,3,68.375
2025-11-06,9:44:50.036324293,T,KO,F I,20,68.37
2025-11-06,9:44:50.036327438,T,KO,F I,5,68.37
2025-11-06,9:44:50.036327438,T,KO,F,266,68.37
2025-11-06,9:44:50.549664846,T,KO,F I,12,68.36
2025-11-06,9:44:55.373571116,T,KO,I,6,68.335
2025-11-06,9:44:57.423775972,T,KO,I,10,68.34
2025-11-06,9:44:58.966967424,T,KO,,100,68.34
2025-11-06,9:44:58.966967424,T,KO,,100,68.34
2025-11-06,9:44:58.967382497,T,KO,F I,14,68.34
2025-11-06,9:45:00.863244840,T,KO,I,7,68.34
2025-11-06,9:45:09.584294604,T,KO,I,12,68.34
2025-11-06,9:45:09.584294604,T,KO,I,25,68.34
2025-11-06,9:45:09.584297637,T,KO,,100,68.34
2025-11-06,9:45:10.824595751,T,KO,I,1,68.345
2025-11-06,9:45:10.827864500,T,KO,I,99,68.345
2025-11-06,9:45:18.275583089,T,KO,F I,32,68.35
2025-11-06,9:45:18.275586265,T,KO,F I,58,68.35
2025-11-06,9:45:18.275588958,T,KO,F I,73,68.35
2025-11-06,9:45:18.275592278,T,KO,F I,1,68.35
2025-11-06,9:45:18.275592278,T,KO,F I,13,68.35
2025-11-06,9:45:18.275597925,T,KO,F I,50,68.35
2025-11-06,9:45:18.275602466,T,KO,F I,18,68.35
2025-11-06,9:45:18.275602466,T,KO,F I,25,68.35
2025-11-06,9:45:18.275606997,T,KO,F I,12,68.35
2025-11-06,9:45:18.275606997,T,KO,F,100,68.35
2025-11-06,9:45:18.275610070,T,KO,I,1,68.35
2025-11-06,9:45:18.275610070,T,KO,F,189,68.35
2025-11-06,9:45:18.292907384,T,KO,F I,11,68.35
2025-11-06,9:45:18.292910219,T,KO,F I,37,68.35
2025-11-06,9:45:18.292916302,T,KO,F,100,68.35
2025-11-06,9:45:18.292916302,T,KO,F I,25,68.35
2025-11-06,9:45:18.292916302,T,KO,F,198,68.35
2025-11-06,9:45:18.294648534,T,KO,I,25,68.35
2025-11-06,9:45:18.294651708,T,KO,I,38,68.35
2025-11-06,9:45:18.294654744,T,KO,,100,68.35
2025-11-06,9:45:18.294657732,T,KO,,100,68.35
2025-11-06,9:45:18.294660337,T,KO,I,11,68.35
2025-11-06,9:45:18.294664408,T,KO,I,37,68.35
2025-11-06,9:45:18.294664408,T,KO,I,28,68.35
2025-11-06,9:45:18.294664408,T,KO,I,15,68.35
2025-11-06,9:45:18.294669615,T,KO,I,15,68.35
2025-11-06,9:45:18.294669615,T,KO,,100,68.35
2025-11-06,9:45:18.294669615,T,KO,,100,68.35
2025-11-06,9:45:18.294669615,T,KO,,100,68.35
2025-11-06,9:45:18.704211880,T,KO,F I,47,68.35
2025-11-06,9:45:20.257257855,T,KO,I,47,68.345
2025-11-06,9:45:25.392748355,T,KO,F I,34,68.34
2025-11-06,9:45:25.392754554,T,KO,F I,12,68.34
2025-11-06,9:45:25.392754554,T,KO,F I,49,68.34
2025-11-06,9:45:25.392757230,T,KO,F I,63,68.34
2025-11-06,9:45:27.756969964,T,KO,F I,11,68.34
2025-11-06,9:45:27.767239523,T,KO,I,35,68.34
2025-11-06,9:45:27.767239523,T,KO,I,11,68.34
2025-11-06,9:45:27.836512380,T,KO,I,23,68.345
2025-11-06,9:45:30.483609092,T,KO,F I,34,68.35
2025-11-06,9:45:30.483609092,T,KO,F I,25,68.35
2025-11-06,9:45:34.003712031,T,KO,F I,17,68.35
2025-11-06,9:45:34.003715047,T,KO,F I,68,68.35
2025-11-06,9:45:34.003718006,T,KO,F I,25,68.35
2025-11-06,9:45:34.004115047,T,KO,I,25,68.35
2025-11-06,9:45:34.013085334,T,KO,I,47,68.345
2025-11-06,9:45:34.137768355,T,KO,F I,28,68.34
2025-11-06,9:45:34.137771311,T,KO,F I,12,68.34
2025-11-06,9:45:34.137774437,T,KO,F I,26,68.34
2025-11-06,9:45:34.137777507,T,KO,F I,47,68.34
2025-11-06,9:45:34.137777507,T,KO,F I,17,68.34
2025-11-06,9:45:34.137780275,T,KO,F I,43,68.34
2025-11-06,9:45:34.138243425,T,KO,F I,7,68.34
2025-11-06,9:45:34.138252530,T,KO,F I,16,68.34
2025-11-06,9:45:40.672490997,T,KO,I,3,68.34
2025-11-06,9:45:46.352331730,T,KO,,100,68.33
2025-11-06,9:45:46.352704641,T,KO,I,1,68.33
2025-11-06,9:45:46.352728686,T,KO,F,100,68.33
2025-11-06,9:46:02.903220197,T,KO,,100,68.32
2025-11-06,9:46:02.903224641,T,KO,,100,68.32
2025-11-06,9:46:02.903229326,T,KO,,200,68.32
2025-11-06,9:46:02.903229326,T,KO,I,14,68.32
2025-11-06,9:46:02.903229326,T,KO,I,1,68.32
2025-11-06,9:46:02.903238315,T,KO,F,100,68.32
2025-11-06,9:46:02.903238315,T,KO,F,115,68.32
2025-11-06,9:46:02.903241854,T,KO,I,1,68.32
2025-11-06,9:46:02.903245198,T,KO,F,100,68.32
2025-11-06,9:46:02.903247303,T,KO,F I,84,68.32
2025-11-06,9:46:02.911574148,T,KO,I,58,68.315
2025-11-06,9:46:13.854670923,T,KO,I,55,68.33
2025-11-06,9:46:13.854694945,T,KO,F I,45,68.33
2025-11-06,9:46:13.854694945,T,KO,F I,5,68.33
2025-11-06,9:46:16.129207244,T,KO,I,6,68.335
2025-11-06,9:46:18.005631663,T,KO,F I,1,68.33
2025-11-06,9:46:18.005634363,T,KO,F I,62,68.33
2025-11-06,9:46:18.005638134,T,KO,F I,47,68.33
2025-11-06,9:46:18.005638134,T,KO,F I,12,68.33
2025-11-06,9:46:18.005643762,T,KO,F I,15,68.33
2025-11-06,9:46:18.005643762,T,KO,I,90,68.33
2025-11-06,9:46:18.007414628,T,KO,F I,40,68.33
2025-11-06,9:46:20.190948208,T,KO,I,3,68.335
2025-11-06,9:46:26.185158463,T,KO,F I,28,68.33
2025-11-06,9:46:26.185158463,T,KO,F I,40,68.33
2025-11-06,9:46:26.185160600,T,KO,F I,16,68.33
2025-11-06,9:46:26.185163992,T,KO,F,100,68.33
2025-11-06,9:46:28.182099812,T,KO,I,2,68.325
2025-11-06,9:46:32.697642482,T,KO,F,100,68.32
2025-11-06,9:46:33.522867927,T,KO,F I,32,68.3
2025-11-06,9:46:33.919617870,T,KO,I,2,68.29
2025-11-06,9:46:36.109520491,T,KO,I,2,68.285
2025-11-06,9:46:36.672140111,T,KO,F I,10,68.28
2025-11-06,9:46:36.677580031,T,KO,F I,2,68.27
2025-11-06,9:46:36.677580031,T,KO,F I,2,68.27
2025-11-06,9:46:37.051664425,T,KO,F I,25,68.26
2025-11-06,9:46:37.061263705,T,KO,F I,40,68.25
2025-11-06,9:46:37.061263705,T,KO,F I,38,68.25
2025-11-06,9:46:37.061266789,T,KO,F I,50,68.25
2025-11-06,9:46:37.061269326,T,KO,F I,1,68.25
2025-11-06,9:46:37.061287391,T,KO,I,1,68.25
2025-11-06,9:46:37.138706776,T,KO,I,7,68.26
2025-11-06,9:46:37.138989398,T,KO,F I,31,68.26
2025-11-06,9:46:37.147102733,T,KO,I,38,68.26
2025-11-06,9:46:37.147102733,T,KO,I,7,68.26
2025-11-06,9:46:37.147105773,T,KO,I,24,68.26
2025-11-06,9:46:37.147105773,T,KO,I,7,68.26
2025-11-06,9:46:38.355293301,T,KO,I,10,68.24
2025-11-06,9:46:38.355293301,T,KO,I,40,68.24
2025-11-06,9:46:40.522918900,T,KO,I,13,68.245
2025-11-06,9:46:46.665628073,T,KO,F I,38,68.25
2025-11-06,9:46:46.665628073,T,KO,F I,1,68.25
2025-11-06,9:46:50.515589652,T,KO,F I,17,68.25
2025-11-06,9:46:50.516257306,T,KO,F I,60,68.24
2025-11-06,9:46:53.681391639,T,KO,F I,28,68.23
2025-11-06,9:46:55.470364811,T,KO,F I,4,68.22
2025-11-06,9:46:55.470364811,T,KO,F I,2,68.22
2025-11-06,9:46:55.470370417,T,KO,F I,16,68.22
2025-11-06,9:46:55.470373431,T,KO,F,100,68.22
2025-11-06,9:46:55.470373431,T,KO,F I,98,68.22
2025-11-06,9:46:56.575941757,T,KO,F,100,68.23
2025-11-06,9:46:56.575947846,T,KO,F I,8,68.23
2025-11-06,9:46:56.575947846,T,KO,F,100,68.23
2025-11-06,9:46:56.575947846,T,KO,F I,12,68.23
2025-11-06,9:46:56.731832861,T,KO,,100,68.235
2025-11-06,9:46:57.399446797,T,KO,I,2,68.235
2025-11-06,9:46:58.473584140,T,KO,F I,12,68.23
2025-11-06,9:46:58.473605202,T,KO,F I,10,68.23
2025-11-06,9:47:06.026715639,T,KO,F I,10,68.22
2025-11-06,9:47:06.026715639,T,KO,F I,24,68.22
2025-11-06,9:47:06.027395036,T,KO,F I,7,68.22
2025-11-06,9:47:06.027400983,T,KO,F I,12,68.22
2025-11-06,9:47:08.676509492,T,KO,F,200,68.21
2025-11-06,9:47:08.676527419,T,KO,F I,68,68.21
2025-11-06,9:47:08.678512326,T,KO,F,143,68.2
2025-11-06,9:47:09.686100015,T,KO,F I,7,68.19
2025-11-06,9:47:09.686104223,T,KO,F I,1,68.19
2025-11-06,9:47:09.686107233,T,KO,F I,10,68.19
2025-11-06,9:47:09.686109974,T,KO,F,100,68.19
2025-11-06,9:47:09.686109974,T,KO,F I,44,68.19
2025-11-06,9:47:09.715114041,T,KO,I,10,68.19
2025-11-06,9:47:11.145284451,T,KO,,315,68.17
2025-11-06,9:47:11.149545583,T,KO,I,26,68.17
2025-11-06,9:47:13.006371903,T,KO,I,1,68.175
2025-11-06,9:47:13.667376348,T,KO,F I,1,68.18
2025-11-06,9:47:13.679492141,T,KO,I,37,68.18
2025-11-06,9:47:13.686968011,T,KO,,100,68.175
2025-11-06,9:47:17.364835672,T,KO,F I,17,68.17
2025-11-06,9:47:17.364835672,T,KO,F I,66,68.17
2025-11-06,9:47:17.555315262,T,KO,F I,2,68.16
2025-11-06,9:47:17.555318931,T,KO,F I,15,68.16
2025-11-06,9:47:17.555321390,T,KO,F I,10,68.16
2025-11-06,9:47:17.654756165,T,KO,,162,68.145
2025-11-06,9:47:17.990797416,T,KO,F I,1,68.14
2025-11-06,9:47:17.990797416,T,KO,F I,99,68.14
2025-11-06,9:47:17.990815547,T,KO,I,1,68.14
2025-11-06,9:47:17.992631910,T,KO,,100,68.14
2025-11-06,9:47:18.006846753,T,KO,,100,68.135
2025-11-06,9:47:22.845692490,T,KO,I,1,68.14
2025-11-06,9:47:22.845713561,T,KO,F I,36,68.14
2025-11-06,9:47:22.845716511,T,KO,F,100,68.14
2025-11-06,9:47:22.845716511,T,KO,F I,50,68.14
2025-11-06,9:47:22.847235105,T,KO,F,100,68.14
2025-11-06,9:47:22.847238219,T,KO,F I,29,68.14
2025-11-06,9:47:22.847250168,T,KO,F I,11,68.14
2025-11-06,9:47:22.847253299,T,KO,F,100,68.14
2025-11-06,9:47:22.847256578,T,KO,F,100,68.14
2025-11-06,9:47:22.847260237,T,KO,F,100,68.14
2025-11-06,9:47:22.847260237,T,KO,F,234,68.14
2025-11-06,9:47:22.847260237,T,KO,I,1,68.14
2025-11-06,9:47:22.847262348,T,KO,I,1,68.14
2025-11-06,9:47:22.847283300,T,KO,F,236,68.14
2025-11-06,9:47:22.847283300,T,KO,F I,10,68.14
2025-11-06,9:47:22.860836984,T,KO,F,100,68.13
2025-11-06,9:47:22.860836984,T,KO,F,100,68.13
2025-11-06,9:47:22.860839698,T,KO,F I,82,68.13
2025-11-06,9:47:22.860857603,T,KO,F I,18,68.13
2025-11-06,9:47:22.978892253,T,KO,F I,5,68.12
2025-11-06,9:47:22.978894997,T,KO,F I,22,68.12
2025-11-06,9:47:22.978894997,T,KO,F,100,68.12
2025-11-06,9:47:25.325019654,T,KO,F,100,68.11
2025-11-06,9:47:25.325023157,T,KO,F I,11,68.11
2025-11-06,9:47:25.325025576,T,KO,F,486,68.11
2025-11-06,9:47:27.722019638,T,KO,F,480,68.1
2025-11-06,9:47:28.723351215,T,KO,I,40,68.09
2025-11-06,9:47:30.365059763,T,KO,I,25,68.11
2025-11-06,9:47:30.365062485,T,KO,I,3,68.11
2025-11-06,9:47:30.365086549,T,KO,I,1,68.11
2025-11-06,9:47:30.365426312,T,KO,I,13,68.11
2025-11-06,9:47:30.365429503,T,KO,I,5,68.11
2025-11-06,9:47:30.365432474,T,KO,I,9,68.11
2025-11-06,9:47:30.365432474,T,KO,I,91,68.11
2025-11-06,9:47:33.779944769,T,KO,F,184,68.1
2025-11-06,9:47:33.779944769,T,KO,F I,10,68.1
2025-11-06,9:47:33.790647285,T,KO,F I,10,68.08
2025-11-06,9:47:33.791874402,T,KO,F I,44,68.08
2025-11-06,9:47:33.791874402,T,KO,F I,50,68.08
2025-11-06,9:47:34.398289581,T,KO,F I,44,68.08
2025-11-06,9:47:34.398292608,T,KO,F I,23,68.075
2025-11-06,9:47:34.398295932,T,KO,,100,68.075
2025-11-06,9:47:34.414937848,T,KO,F I,3,68.08
2025-11-06,9:47:34.414958392,T,KO,F I,22,68.08
2025-11-06,9:47:35.135444320,T,KO,F,100,68.09
2025-11-06,9:47:37.642287083,T,KO,F I,25,68.12
2025-11-06,9:47:37.647774917,T,KO,I,46,68.12
2025-11-06,9:47:37.647777827,T,KO,I,54,68.12
2025-11-06,9:47:38.217905762,T,KO,F I,12,68.12
2025-11-06,9:47:38.217905762,T,KO,F I,46,68.12
2025-11-06,9:47:39.701065175,T,KO,F,100,68.13
2025-11-06,9:47:40.439395669,T,KO,I,14,68.13
2025-11-06,9:47:40.439398723,T,KO,I,11,68.13
2025-11-06,9:47:40.440267795,T,KO,,100,68.13
2025-11-06,9:47:42.783421471,T,KO,I,6,68.125
2025-11-06,9:47:43.073260807,T,KO,F I,12,68.12
2025-11-06,9:47:43.073260807,T,KO,F I,25,68.12
2025-11-06,9:47:43.077687346,T,KO,I,5,68.115
2025-11-06,9:47:54.705728030,T,KO,F I,48,68.13
2025-11-06,9:47:55.055406952,T,KO,I,43,68.12
2025-11-06,9:47:55.055409984,T,KO,I,21,68.12
2025-11-06,9:47:55.055412849,T,KO,I,11,68.12
2025-11-06,9:47:55.544293325,T,KO,I,1,68.115
2025-11-06,9:48:02.627537784,T,KO,F,100,68.11
2025-11-06,9:48:02.627537784,T,KO,F I,53,68.11
2025-11-06,9:48:02.627541692,T,KO,F I,18,68.11
2025-11-06,9:48:02.627541692,T,KO,F I,25,68.11
2025-11-06,9:48:02.627546588,T,KO,,196,68.11
2025-11-06,9:48:02.627559123,T,KO,I,1,68.11
2025-11-06,9:48:03.208725782,T,KO,F I,11,68.11
2025-11-06,9:48:03.212593003,T,KO,I,49,68.11
2025-11-06,9:48:05.723432106,T,KO,,100,68.11
2025-11-06,9:48:05.723435006,T,KO,,100,68.11
2025-11-06,9:48:06.028616940,T,KO,F,300,68.11
2025-11-06,9:48:06.029699430,T,KO,,100,68.11
2025-11-06,9:48:09.579386806,T,KO,,100,68.125
2025-11-06,9:48:10.006650481,T,KO,I,5,68.125
2025-11-06,9:48:12.527380451,T,KO,F,300,68.125
2025-11-06,9:48:12.527383076,T,KO,F I,49,68.12
2025-11-06,9:48:12.527383076,T,KO,F I,51,68.12
2025-11-06,9:48:12.527395069,T,KO,I,1,68.12
2025-11-06,9:48:12.599825600,T,KO,F I,40,68.13
2025-11-06,9:48:12.600213609,T,KO,I,18,68.13
2025-11-06,9:48:12.600213609,T,KO,,100,68.13
2025-11-06,9:48:13.190612735,T,KO,F I,1,68.13
2025-11-06,9:48:13.190616622,T,KO,F I,25,68.13
2025-11-06,9:48:13.235828498,T,KO,,100,68.125
2025-11-06,9:48:14.522999093,T,KO,I,48,68.12
2025-11-06,9:48:14.523002314,T,KO,,100,68.12
2025-11-06,9:48:14.523002314,T,KO,,100,68.12
2025-11-06,9:48:14.523005836,T,KO,I,12,68.12
2025-11-06,9:48:14.523005836,T,KO,I,14,68.12
2025-11-06,9:48:14.523008884,T,KO,I,13,68.12
2025-11-06,9:48:14.523011108,T,KO,I,25,68.12
2025-11-06,9:48:14.523011108,T,KO,I,65,68.12
2025-11-06,9:48:19.202263819,T,KO,F,100,68.115
2025-11-06,9:48:19.202263819,T,KO,F,291,68.11
2025-11-06,9:48:19.206645184,T,KO,I,42,68.11
2025-11-06,9:48:19.206648584,T,KO,I,52,68.11
2025-11-06,9:48:19.206654281,T,KO,,100,68.11
2025-11-06,9:48:19.206654281,T,KO,I,65,68.11
2025-11-06,9:48:21.644525031,T,KO,I,62,68.12
2025-11-06,9:48:21.644525031,T,KO,I,26,68.12
2025-11-06,9:48:21.644584772,T,KO,I,33,68.12
2025-11-06,9:48:21.644605846,T,KO,F I,29,68.12
2025-11-06,9:48:21.644656891,T,KO,I,28,68.12
2025-11-06,9:48:21.645438809,T,KO,I,47,68.12
2025-11-06,9:48:21.645468939,T,KO,I,1,68.12
2025-11-06,9:48:23.099140128,T,KO,F I,89,68.115
2025-11-06,9:48:23.100256280,T,KO,F I,47,68.11
2025-11-06,9:48:23.100256280,T,KO,F I,1,68.11
2025-11-06,9:48:23.100258958,T,KO,F I,25,68.11
2025-11-06,9:48:23.100261752,T,KO,F I,2,68.11
2025-11-06,9:48:25.039469391,T,KO,F,190,68.11
2025-11-06,9:48:25.740417880,T,KO,,100,68.105
2025-11-06,9:48:26.143077391,T,KO,I,35,68.1
2025-11-06,9:48:26.143098315,T,KO,F I,65,68.1
2025-11-06,9:48:26.143098315,T,KO,F,100,68.1
2025-11-06,9:48:26.143101146,T,KO,F I,10,68.1
2025-11-06,9:48:26.143119657,T,KO,I,1,68.1
2025-11-06,9:48:26.143128159,T,KO,F I,10,68.1
2025-11-06,9:48:26.144328014,T,KO,I,49,68.1
2025-11-06,9:48:26.144718947,T,KO,,100,68.1
2025-11-06,9:48:26.145609305,T,KO,F I,7,68.1
2025-11-06,9:48:26.233878258,T,KO,I,49,68.1
2025-11-06,9:48:26.233878258,T,KO,I,49,68.1
2025-11-06,9:48:29.995672826,T,KO,,100,68.085
2025-11-06,9:48:30.909606521,T,KO,F,100,68.08
2025-11-06,9:48:33.256315118,T,KO,I,1,68.075
2025-11-06,9:48:33.256315118,T,KO,I,2,68.075
2025-11-06,9:48:34.685901814,T,KO,F,100,68.08
2025-11-06,9:48:34.685904845,T,KO,F I,49,68.08
2025-11-06,9:48:34.685907726,T,KO,F,100,68.08
2025-11-06,9:48:34.685907726,T,KO,F I,56,68.08
2025-11-06,9:48:36.169094191,T,KO,F I,16,68.1
2025-11-06,9:48:36.422847829,T,KO,F I,10,68.09
2025-11-06,9:48:36.422850715,T,KO,F I,13,68.09
2025-11-06,9:48:36.422853691,T,KO,F I,25,68.09
2025-11-06,9:48:36.838046619,T,KO,,190,68.09
2025-11-06,9:48:39.671933114,T,KO,F,100,68.09
2025-11-06,9:48:40.526277663,T,KO,F I,20,68.08
2025-11-06,9:48:40.526277663,T,KO,F,100,68.08
2025-11-06,9:48:40.526280029,T,KO,I,1,68.08
2025-11-06,9:48:40.526598670,T,KO,I,46,68.08
2025-11-06,9:48:40.526598670,T,KO,I,31,68.08
2025-11-06,9:48:43.811722283,T,KO,,100,68.08
2025-11-06,9:48:43.811722283,T,KO,I,46,68.08
2025-11-06,9:48:43.811724897,T,KO,I,31,68.08
2025-11-06,9:48:43.814079546,T,KO,F I,10,68.08
2025-11-06,9:48:46.045342991,T,KO,F I,10,68.07
2025-11-06,9:48:46.245610713,T,KO,F I,25,68.07
2025-11-06,9:48:46.250594396,T,KO,,100,68.075
2025-11-06,9:48:46.250594396,T,KO,I,47,68.07
2025-11-06,9:48:46.250599568,T,KO,,100,68.07
2025-11-06,9:48:46.250599568,T,KO,I,25,68.07
2025-11-06,9:48:46.250614578,T,KO,I,1,68.07
2025-11-06,9:48:46.250731870,T,KO,I,74,68.07
2025-11-06,9:48:46.250735540,T,KO,,140,68.07
2025-11-06,9:48:46.250782980,T,KO,,100,68.07
2025-11-06,9:48:46.250782980,T,KO,I,40,68.07
2025-11-06,9:48:46.250812993,T,KO,I,7,68.07
2025-11-06,9:48:46.250816414,T,KO,I,47,68.07
2025-11-06,9:48:47.230862330,T,KO,,100,68.085
2025-11-06,9:48:48.206247272,T,KO,I,10,68.085
2025-11-06,9:48:50.641140509,T,KO,I,3,68.085
2025-11-06,9:48:50.661968203,T,KO,F I,6,68.08
2025-11-06,9:48:50.661971252,T,KO,F I,47,68.08
2025-11-06,9:48:50.661971252,T,KO,F I,46,68.08
