DATE,TIME_M,EX,SYM_ROOT,TR_SCOND,SIZE,PRICE
2025-12-03,9:30:01.304812781,T,KO,F,502,70.9
2025-12-03,9:30:01.304818070,T,KO,Q,502,70.9
2025-12-03,9:30:01.713731982,T,KO,I,49,70.92
2025-12-03,9:30:01.713807225,T,KO,I,50,70.9
2025-12-03,9:30:01.714044698,T,KO,F,200,70.9
2025-12-03,9:30:02.060042968,T,KO,F I,50,70.91
2025-12-03,9:30:02.258669654,T,KO,I,50,70.88
2025-12-03,9:30:02.259125952,T,KO,I,32,70.87
2025-12-03,9:30:03.372720218,T,KO,F I,50,70.82
2025-12-03,9:30:03.372882536,T,KO,I,7,70.82
2025-12-03,9:30:03.785459166,T,KO,,100,70.85
2025-12-03,9:30:04.192268018,T,KO,I,28,70.86
2025-12-03,9:30:04.192271161,T,KO,I,7,70.86
2025-12-03,9:30:04.192274027,T,KO,I,65,70.88
2025-12-03,9:30:04.192286092,T,KO,F,300,70.86
2025-12-03,9:30:04.192337165,T,KO,F I,4,70.86
2025-12-03,9:30:04.192340244,T,KO,F I,4,70.86
2025-12-03,9:30:04.192370238,T,KO,I,13,70.87
2025-12-03,9:30:04.192419046,T,KO,F I,40,70.86
2025-12-03,9:30:04.192448464,T,KO,I,10,70.86
2025-12-03,9:30:04.192511616,T,KO,I,40,70.85
2025-12-03,9:30:04.192680075,T,KO,F I,50,70.85
2025-12-03,9:30:04.192821497,T,KO,,100,70.85
2025-12-03,9:30:04.192920565,T,KO,,200,70.86
2025-12-03,9:30:04.193278719,T,KO,F,100,70.84
2025-12-03,9:30:04.198101945,T,KO,F I,3,70.85
2025-12-03,9:30:04.198129054,T,KO,F,100,70.85
2025-12-03,9:30:04.198132689,T,KO,F,100,70.85
2025-12-03,9:30:04.198156104,T,KO,I,22,70.85
2025-12-03,9:30:04.198168106,T,KO,F,400,70.855
2025-12-03,9:30:04.198177769,T,KO,F I,2,70.85
2025-12-03,9:30:04.198180159,T,KO,F,378,70.855
2025-12-03,9:30:04.198192291,T,KO,,100,70.86
2025-12-03,9:30:04.200236984,T,KO,F,422,70.86
2025-12-03,9:30:04.200240305,T,KO,F I,50,70.85
2025-12-03,9:30:04.200240305,T,KO,F I,64,70.85
2025-12-03,9:30:04.200246637,T,KO,,312,70.85
2025-12-03,9:30:04.200249242,T,KO,I,10,70.85
2025-12-03,9:30:04.200249242,T,KO,,100,70.85
2025-12-03,9:30:04.211264260,T,KO,,100,70.86
2025-12-03,9:30:04.211264260,T,KO,I,13,70.86
2025-12-03,9:30:04.211267276,T,KO,,180,70.86
2025-12-03,9:30:04.211439888,T,KO,I,50,70.85
2025-12-03,9:30:04.211441705,T,KO,I,13,70.85
2025-12-03,9:30:04.211709646,T,KO,,100,70.84
2025-12-03,9:30:04.211712652,T,KO,,100,70.84
2025-12-03,9:30:04.211712652,T,KO,I,50,70.84
2025-12-03,9:30:04.211736377,T,KO,F,100,70.84
2025-12-03,9:30:04.212205654,T,KO,,100,70.84
2025-12-03,9:30:04.212208542,T,KO,,100,70.84
2025-12-03,9:30:04.212208542,T,KO,,100,70.84
2025-12-03,9:30:04.212849339,T,KO,,100,70.83
2025-12-03,9:30:04.212852120,T,KO,I,50,70.83
2025-12-03,9:30:04.212855068,T,KO,,100,70.83
2025-12-03,9:30:04.213537675,T,KO,I,50,70.84
2025-12-03,9:30:04.213618909,T,KO,,100,70.83
2025-12-03,9:30:04.234723204,T,KO,,100,70.82
2025-12-03,9:30:04.234726528,T,KO,I,50,70.82
2025-12-03,9:30:04.234726528,T,KO,,100,70.82
2025-12-03,9:30:04.234996854,T,KO,,100,70.83
2025-12-03,9:30:04.235060045,T,KO,,100,70.83
2025-12-03,9:30:04.235123552,T,KO,F,100,70.83
2025-12-03,9:30:04.235177192,T,KO,,100,70.83
2025-12-03,9:30:04.235219370,T,KO,I,32,70.83
2025-12-03,9:30:04.235288526,T,KO,I,50,70.82
2025-12-03,9:30:04.235291666,T,KO,,100,70.82
2025-12-03,9:30:04.235291666,T,KO,I,13,70.82
2025-12-03,9:30:04.235345636,T,KO,,268,70.82
2025-12-03,9:30:04.235502030,T,KO,,100,70.82
2025-12-03,9:30:04.235505394,T,KO,,100,70.82
2025-12-03,9:30:04.235784932,T,KO,F,100,70.83
2025-12-03,9:30:04.235934996,T,KO,,100,70.82
2025-12-03,9:30:04.235989154,T,KO,I,50,70.83
2025-12-03,9:30:04.236040411,T,KO,,100,70.82
2025-12-03,9:30:04.236064300,T,KO,F I,13,70.83
2025-12-03,9:30:04.236064300,T,KO,F I,87,70.84
2025-12-03,9:30:04.236091502,T,KO,I,50,70.82
2025-12-03,9:30:04.236322998,T,KO,,100,70.82
2025-12-03,9:30:04.236470321,T,KO,I,50,70.82
2025-12-03,9:30:04.236518409,T,KO,I,13,70.82
2025-12-03,9:30:04.236518409,T,KO,I,87,70.82
2025-12-03,9:30:04.236870302,T,KO,F,100,70.83
2025-12-03,9:30:04.236882285,T,KO,I,50,70.82
2025-12-03,9:30:04.237044702,T,KO,,100,70.82
2025-12-03,9:30:04.237068773,T,KO,F,100,70.83
2025-12-03,9:30:04.237098864,T,KO,I,50,70.82
2025-12-03,9:30:04.237104778,T,KO,I,50,70.82
2025-12-03,9:30:04.237179993,T,KO,I,50,70.82
2025-12-03,9:30:04.237291278,T,KO,I,50,70.82
2025-12-03,9:30:04.237294304,T,KO,,100,70.82
2025-12-03,9:30:04.237685252,T,KO,F,100,70.83
2025-12-03,9:30:04.237688279,T,KO,I,50,70.82
2025-12-03,9:30:04.237715361,T,KO,F,100,70.83
2025-12-03,9:30:04.237748386,T,KO,,100,70.81
2025-12-03,9:30:04.237748386,T,KO,,100,70.81
2025-12-03,9:30:04.237955902,T,KO,,100,70.82
2025-12-03,9:30:04.237960623,T,KO,I,50,70.81
2025-12-03,9:30:04.237960623,T,KO,,100,70.81
2025-12-03,9:30:04.237964914,T,KO,,200,70.81
2025-12-03,9:30:04.237964914,T,KO,,200,70.81
2025-12-03,9:30:04.237967855,T,KO,,200,70.81
2025-12-03,9:30:04.237970843,T,KO,,400,70.81
2025-12-03,9:30:04.237970843,T,KO,,300,70.81
2025-12-03,9:30:04.238091164,T,KO,,100,70.81
2025-12-03,9:30:04.238148374,T,KO,,300,70.81
2025-12-03,9:30:04.238154287,T,KO,,100,70.82
2025-12-03,9:30:04.238194409,T,KO,F,100,70.82
2025-12-03,9:30:04.238271587,T,KO,I,50,70.82
2025-12-03,9:30:04.238386174,T,KO,F I,13,70.82
2025-12-03,9:30:04.238409970,T,KO,,100,70.81
2025-12-03,9:30:04.238554331,T,KO,,100,70.81
2025-12-03,9:30:04.238882120,T,KO,F,100,70.82
2025-12-03,9:30:04.238960289,T,KO,I,13,70.81
2025-12-03,9:30:04.238960289,T,KO,I,50,70.81
2025-12-03,9:30:04.238963302,T,KO,,100,70.81
2025-12-03,9:30:04.239035405,T,KO,I,50,70.81
2025-12-03,9:30:04.239285507,T,KO,I,31,70.8
2025-12-03,9:30:04.239288321,T,KO,I,5,70.8
2025-12-03,9:30:04.239291076,T,KO,I,12,70.8
2025-12-03,9:30:04.239537588,T,KO,F I,7,70.81
2025-12-03,9:30:04.239540634,T,KO,F,100,70.81
2025-12-03,9:30:04.239679065,T,KO,,119,70.81
2025-12-03,9:30:04.239679065,T,KO,,100,70.81
2025-12-03,9:30:04.239913670,T,KO,,100,70.8
2025-12-03,9:30:04.239916478,T,KO,I,50,70.8
2025-12-03,9:30:04.240157784,T,KO,I,50,70.8
2025-12-03,9:30:04.240322500,T,KO,,100,70.81
2025-12-03,9:30:04.240388685,T,KO,,100,70.8
2025-12-03,9:30:04.240638235,T,KO,F,100,70.81
2025-12-03,9:30:04.240689321,T,KO,I,50,70.8
2025-12-03,9:30:04.240860740,T,KO,F,100,70.81
2025-12-03,9:30:04.240944971,T,KO,I,50,70.81
2025-12-03,9:30:04.240947960,T,KO,I,13,70.8
2025-12-03,9:30:04.240951191,T,KO,I,50,70.8
2025-12-03,9:30:04.240951191,T,KO,,100,70.8
2025-12-03,9:30:04.241008176,T,KO,,100,70.8
2025-12-03,9:30:04.241143477,T,KO,,100,70.8
2025-12-03,9:30:04.241155590,T,KO,F,100,70.81
2025-12-03,9:30:04.241182535,T,KO,I,50,70.8
2025-12-03,9:30:04.241465268,T,KO,F,100,70.81
2025-12-03,9:30:04.241507357,T,KO,,100,70.8
2025-12-03,9:30:04.241666659,T,KO,F,100,70.81
2025-12-03,9:30:04.241694629,T,KO,I,50,70.8
2025-12-03,9:30:04.241751041,T,KO,,100,70.8
2025-12-03,9:30:04.241811194,T,KO,I,50,70.8
2025-12-03,9:30:04.241814013,T,KO,,100,70.8
2025-12-03,9:30:04.242006470,T,KO,F I,50,70.8
2025-12-03,9:30:04.242009533,T,KO,I,50,70.8
2025-12-03,9:30:04.242066618,T,KO,,100,70.79
2025-12-03,9:30:04.242301155,T,KO,I,7,70.8
2025-12-03,9:30:04.243233453,T,KO,F,100,70.81
2025-12-03,9:30:04.243687493,T,KO,F I,22,70.81
2025-12-03,9:30:04.243708542,T,KO,I,39,70.81
2025-12-03,9:30:04.244003208,T,KO,,100,70.82
2025-12-03,9:30:04.244006290,T,KO,,100,70.82
2025-12-03,9:30:04.244604640,T,KO,F I,9,70.83
2025-12-03,9:30:04.244607932,T,KO,F,100,70.83
2025-12-03,9:30:04.244610714,T,KO,F,100,70.83
2025-12-03,9:30:04.245107192,T,KO,F,139,70.83
2025-12-03,9:30:04.245107192,T,KO,F I,50,70.83
2025-12-03,9:30:04.245142959,T,KO,F,200,70.83
2025-12-03,9:30:04.245248358,T,KO,F I,13,70.84
2025-12-03,9:30:04.245248358,T,KO,F I,38,70.84
2025-12-03,9:30:04.245251210,T,KO,F,100,70.84
2025-12-03,9:30:04.245485744,T,KO,F I,59,70.83
2025-12-03,9:30:04.245810537,T,KO,F I,50,70.84
2025-12-03,9:30:04.245964371,T,KO,F I,59,70.84
2025-12-03,9:30:04.245964371,T,KO,F,100,70.85
2025-12-03,9:30:04.246279662,T,KO,,100,70.85
2025-12-03,9:30:04.246448140,T,KO,F I,11,70.84
2025-12-03,9:30:04.246448140,T,KO,F,100,70.84
2025-12-03,9:30:04.246454050,T,KO,F I,13,70.84
2025-12-03,9:30:04.246601476,T,KO,F,100,70.85
2025-12-03,9:30:04.260323159,T,KO,I,69,70.83
2025-12-03,9:30:04.260323159,T,KO,,100,70.83
2025-12-03,9:30:05.219842679,T,KO,I,4,70.83
2025-12-03,9:30:05.219869573,T,KO,I,96,70.83
2025-12-03,9:30:05.219869573,T,KO,I,11,70.83
2025-12-03,9:30:05.219873299,T,KO,I,1,70.83
2025-12-03,9:30:05.219875442,T,KO,,100,70.83
2025-12-03,9:30:05.518552778,T,KO,I,80,70.84
2025-12-03,9:30:05.764535736,T,KO,F I,50,70.83
2025-12-03,9:30:06.188834193,T,KO,,152,70.81
2025-12-03,9:30:07.414532477,T,KO,F I,50,70.81
2025-12-03,9:30:07.414544576,T,KO,F I,50,70.81
2025-12-03,9:30:07.626020263,T,KO,F I,50,70.8
2025-12-03,9:30:08.345423662,T,KO,I,59,70.84
2025-12-03,9:30:08.345516813,T,KO,,100,70.84
2025-12-03,9:30:08.345516813,T,KO,I,50,70.84
2025-12-03,9:30:09.018763365,T,KO,I,10,70.8
2025-12-03,9:30:09.352615408,T,KO,I,9,70.87
2025-12-03,9:30:09.440704240,T,KO,F I,59,70.87
2025-12-03,9:30:09.440725265,T,KO,F I,41,70.87
2025-12-03,9:30:09.440731376,T,KO,F,492,70.87
2025-12-03,9:30:09.440731376,T,KO,F,100,70.87
2025-12-03,9:30:09.574023763,T,KO,,100,70.89
2025-12-03,9:30:09.574023763,T,KO,I,5,70.9
2025-12-03,9:30:09.574050881,T,KO,F,100,70.9
2025-12-03,9:30:09.574496100,T,KO,I,50,70.89
2025-12-03,9:30:09.574974091,T,KO,F,100,70.88
2025-12-03,9:30:09.592409532,T,KO,,100,70.88
2025-12-03,9:30:09.592427569,T,KO,I,13,70.88
2025-12-03,9:30:10.802479582,T,KO,I,50,70.89
2025-12-03,9:30:10.802479582,T,KO,I,2,70.89
2025-12-03,9:30:11.169160859,T,KO,F I,8,70.9
2025-12-03,9:30:11.391366098,T,KO,F I,50,70.89
2025-12-03,9:30:11.391552559,T,KO,,100,70.89
2025-12-03,9:30:11.391573606,T,KO,I,1,70.89
2025-12-03,9:30:11.391612682,T,KO,F,100,70.88
2025-12-03,9:30:11.391627807,T,KO,F I,25,70.88
2025-12-03,9:30:11.391745036,T,KO,F I,50,70.88
2025-12-03,9:30:11.392545033,T,KO,F I,59,70.89
2025-12-03,9:30:11.392547924,T,KO,F I,26,70.89
2025-12-03,9:30:11.392716321,T,KO,F,100,70.89
2025-12-03,9:30:11.392821656,T,KO,F,100,70.88
2025-12-03,9:30:11.393134384,T,KO,,100,70.89
2025-12-03,9:30:11.393137304,T,KO,I,99,70.89
2025-12-03,9:30:13.614422819,T,KO,I,79,70.9
2025-12-03,9:30:13.614425833,T,KO,,155,70.91
2025-12-03,9:30:13.614440861,T,KO,I,1,70.91
2025-12-03,9:30:13.615622646,T,KO,I,50,70.9
2025-12-03,9:30:17.591915011,T,KO,F I,50,70.89
2025-12-03,9:30:17.591966203,T,KO,F,350,70.89
2025-12-03,9:30:17.634204718,T,KO,F I,50,70.88
2025-12-03,9:30:19.543091210,T,KO,F I,24,70.86
2025-12-03,9:30:21.056319273,T,KO,F I,26,70.86
2025-12-03,9:30:21.056322576,T,KO,F I,4,70.86
2025-12-03,9:30:21.056322576,T,KO,I,26,70.86
2025-12-03,9:30:21.056334320,T,KO,F I,26,70.86
2025-12-03,9:30:21.056370518,T,KO,I,44,70.86
2025-12-03,9:30:21.056370518,T,KO,I,50,70.85
2025-12-03,9:30:21.379664357,T,KO,,100,70.85
2025-12-03,9:30:21.533501782,T,KO,F I,12,70.84
2025-12-03,9:30:21.533718335,T,KO,F I,38,70.84
2025-12-03,9:30:22.367766751,T,KO,F I,50,70.83
2025-12-03,9:30:24.609960966,T,KO,F,100,70.86
2025-12-03,9:30:24.610030100,T,KO,F I,94,70.86
2025-12-03,9:30:24.880617568,T,KO,,100,70.87
2025-12-03,9:30:26.988075970,T,KO,F,100,70.83
2025-12-03,9:30:27.011982877,T,KO,,100,70.81
2025-12-03,9:30:32.415272920,T,KO,I,2,70.8
2025-12-03,9:30:32.415315090,T,KO,,100,70.8
2025-12-03,9:30:32.416262333,T,KO,I,3,70.8
2025-12-03,9:30:32.416289387,T,KO,F,200,70.8
2025-12-03,9:30:32.417341911,T,KO,I,7,70.795
2025-12-03,9:30:32.575223858,T,KO,,100,70.8
2025-12-03,9:30:32.599939743,T,KO,,100,70.8
2025-12-03,9:30:32.606284861,T,KO,F I,7,70.79
2025-12-03,9:30:32.787523521,T,KO,F,100,70.79
2025-12-03,9:30:32.787541634,T,KO,F I,3,70.78
2025-12-03,9:30:32.787935687,T,KO,,200,70.795
2025-12-03,9:30:32.834573647,T,KO,,200,70.79
2025-12-03,9:30:32.857010086,T,KO,,100,70.79
2025-12-03,9:30:33.787919240,T,KO,F,200,70.8
2025-12-03,9:30:33.787967533,T,KO,I,1,70.8
2025-12-03,9:30:33.787970642,T,KO,,100,70.79
2025-12-03,9:30:33.787973262,T,KO,,100,70.79
2025-12-03,9:30:33.787976293,T,KO,,100,70.79
2025-12-03,9:30:33.787979500,T,KO,,120,70.78
2025-12-03,9:30:33.788018759,T,KO,I,99,70.8
2025-12-03,9:30:33.788027637,T,KO,,300,70.8
2025-12-03,9:30:33.788033414,T,KO,,100,70.8
2025-12-03,9:30:33.788051655,T,KO,I,1,70.8
2025-12-03,9:30:33.788054498,T,KO,,100,70.79
2025-12-03,9:30:33.788057929,T,KO,,120,70.79
2025-12-03,9:30:33.788195860,T,KO,F,100,70.8
2025-12-03,9:30:33.788198876,T,KO,F,100,70.8
2025-12-03,9:30:33.788258996,T,KO,,100,70.79
2025-12-03,9:30:33.788261962,T,KO,I,34,70.79
2025-12-03,9:30:33.788382338,T,KO,,263,70.78
2025-12-03,9:30:33.788382338,T,KO,,100,70.78
2025-12-03,9:30:33.788385240,T,KO,I,30,70.78
2025-12-03,9:30:33.788451500,T,KO,,100,70.79
2025-12-03,9:30:34.883512564,T,KO,F I,96,70.79
2025-12-03,9:30:35.012423579,T,KO,F,100,70.8
2025-12-03,9:30:36.554845138,T,KO,F,100,70.8
2025-12-03,9:30:38.273188760,T,KO,F,165,70.8
2025-12-03,9:30:38.274920874,T,KO,,200,70.77
2025-12-03,9:30:38.275176462,T,KO,,100,70.78
2025-12-03,9:30:38.275185535,T,KO,F I,10,70.78
2025-12-03,9:30:38.275185535,T,KO,F,100,70.77
2025-12-03,9:30:38.275188575,T,KO,F,100,70.77
2025-12-03,9:30:38.275281684,T,KO,,100,70.77
2025-12-03,9:30:38.275483272,T,KO,,100,70.77
2025-12-03,9:30:38.275651571,T,KO,,100,70.77
2025-12-03,9:30:38.275789984,T,KO,,100,70.77
2025-12-03,9:30:38.276316199,T,KO,F,100,70.76
2025-12-03,9:30:38.304003145,T,KO,F,100,70.77
2025-12-03,9:30:38.367063288,T,KO,,100,70.77
2025-12-03,9:30:38.453311696,T,KO,F,200,70.78
2025-12-03,9:30:38.635501692,T,KO,I,30,70.79
2025-12-03,9:30:38.635723413,T,KO,I,60,70.79
2025-12-03,9:30:38.635723413,T,KO,I,40,70.78
2025-12-03,9:30:38.636481060,T,KO,F I,38,70.79
2025-12-03,9:30:38.636502086,T,KO,I,62,70.79
2025-12-03,9:30:38.641103598,T,KO,I,74,70.81
2025-12-03,9:30:38.641127068,T,KO,F I,26,70.81
2025-12-03,9:30:38.641325529,T,KO,,100,70.81
2025-12-03,9:30:38.641379731,T,KO,,100,70.8
2025-12-03,9:30:38.641379731,T,KO,,100,70.8
2025-12-03,9:30:38.641743486,T,KO,,100,70.81
2025-12-03,9:30:38.641743486,T,KO,,100,70.81
2025-12-03,9:30:38.641767592,T,KO,I,1,70.81
2025-12-03,9:30:38.641800635,T,KO,I,35,70.8
2025-12-03,9:30:38.642113444,T,KO,,100,70.8
2025-12-03,9:30:38.642216178,T,KO,,100,70.79
2025-12-03,9:30:38.642219477,T,KO,,100,70.79
2025-12-03,9:30:38.642222855,T,KO,I,18,70.79
2025-12-03,9:30:38.642222855,T,KO,,100,70.79
2025-12-03,9:30:38.642225560,T,KO,,100,70.79
2025-12-03,9:30:38.643109543,T,KO,,100,70.79
2025-12-03,9:30:38.643162881,T,KO,F,100,70.79
2025-12-03,9:30:38.643187072,T,KO,I,1,70.79
2025-12-03,9:30:38.643198979,T,KO,F I,34,70.79
2025-12-03,9:30:38.643250101,T,KO,F,100,70.79
2025-12-03,9:30:38.643295210,T,KO,,100,70.79
2025-12-03,9:30:38.643343307,T,KO,I,10,70.79
2025-12-03,9:30:38.643746300,T,KO,,100,70.78
2025-12-03,9:30:38.643746300,T,KO,,100,70.78
2025-12-03,9:30:38.644257905,T,KO,F I,32,70.79
2025-12-03,9:30:38.644293597,T,KO,F,100,70.79
2025-12-03,9:30:38.645602948,T,KO,I,32,70.79
2025-12-03,9:30:38.645604811,T,KO,I,32,70.79
2025-12-03,9:30:38.645607712,T,KO,,100,70.79
2025-12-03,9:30:38.871822025,T,KO,F I,22,70.8
2025-12-03,9:30:39.333631410,T,KO,,100,70.82
2025-12-03,9:30:39.333634435,T,KO,I,22,70.82
2025-12-03,9:30:39.333917061,T,KO,I,35,70.81
2025-12-03,9:30:39.333947161,T,KO,,200,70.81
2025-12-03,9:30:40.911907447,T,KO,,100,70.805
2025-12-03,9:30:42.567266622,T,KO,I,35,70.82
2025-12-03,9:30:42.567269287,T,KO,I,22,70.82
2025-12-03,9:30:42.568312453,T,KO,,100,70.83
2025-12-03,9:30:42.568817780,T,KO,,100,70.83
2025-12-03,9:30:43.581485522,T,KO,I,8,70.83
2025-12-03,9:30:43.581614833,T,KO,F,100,70.83
2025-12-03,9:30:47.103055942,T,KO,I,29,70.8
2025-12-03,9:30:48.654754532,T,KO,F I,1,70.83
2025-12-03,9:30:48.654779088,T,KO,F,199,70.83
2025-12-03,9:30:48.654781583,T,KO,F I,23,70.83
2025-12-03,9:30:48.654784638,T,KO,F I,1,70.83
2025-12-03,9:30:51.875915443,T,KO,F I,2,70.82
2025-12-03,9:31:01.967407347,T,KO,I,5,70.855
2025-12-03,9:31:02.758663886,T,KO,I,95,70.86
2025-12-03,9:31:04.387201955,T,KO,F,100,70.87
2025-12-03,9:31:04.387201955,T,KO,F I,40,70.87
2025-12-03,9:31:04.388184952,T,KO,I,5,70.87
2025-12-03,9:31:04.412753646,T,KO,F I,1,70.88
2025-12-03,9:31:04.412756558,T,KO,F I,10,70.88
2025-12-03,9:31:04.412756558,T,KO,F I,25,70.88
2025-12-03,9:31:04.424679929,T,KO,I,35,70.88
2025-12-03,9:31:04.436798757,T,KO,I,45,70.88
2025-12-03,9:31:04.450556502,T,KO,I,20,70.88
2025-12-03,9:31:04.450559459,T,KO,I,25,70.88
2025-12-03,9:31:04.465183350,T,KO,I,45,70.88
2025-12-03,9:31:04.483493919,T,KO,I,45,70.88
2025-12-03,9:31:04.497675768,T,KO,I,45,70.88
2025-12-03,9:31:04.517186150,T,KO,I,20,70.88
2025-12-03,9:31:04.607389047,T,KO,I,20,70.88
2025-12-03,9:31:04.631434263,T,KO,I,10,70.88
2025-12-03,9:31:04.648093980,T,KO,I,10,70.88
2025-12-03,9:31:04.659918095,T,KO,I,10,70.88
2025-12-03,9:31:04.672256511,T,KO,I,10,70.88
2025-12-03,9:31:04.684444590,T,KO,I,10,70.88
2025-12-03,9:31:04.695847683,T,KO,I,10,70.88
2025-12-03,9:31:04.709235630,T,KO,I,10,70.88
2025-12-03,9:31:04.734137906,T,KO,I,10,70.88
2025-12-03,9:31:04.811830997,T,KO,F I,45,70.87
2025-12-03,9:31:05.321813341,T,KO,F I,10,70.865
2025-12-03,9:31:05.321813341,T,KO,F I,9,70.865
2025-12-03,9:31:05.341942467,T,KO,F I,25,70.87
2025-12-03,9:31:05.349036340,T,KO,I,20,70.87
2025-12-03,9:31:05.553309886,T,KO,I,7,70.87
2025-12-03,9:31:12.097330765,T,KO,F I,10,70.89
2025-12-03,9:31:12.097330765,T,KO,F I,28,70.89
2025-12-03,9:31:12.097404056,T,KO,I,51,70.88
2025-12-03,9:31:12.097406382,T,KO,I,49,70.88
2025-12-03,9:31:12.097423925,T,KO,I,1,70.88
2025-12-03,9:31:12.097469064,T,KO,I,59,70.89
2025-12-03,9:31:12.097490158,T,KO,I,50,70.89
2025-12-03,9:31:12.122774374,T,KO,F I,10,70.9
2025-12-03,9:31:12.123763645,T,KO,I,90,70.9
2025-12-03,9:31:12.123763645,T,KO,I,10,70.9
2025-12-03,9:31:12.123805840,T,KO,,100,70.9
2025-12-03,9:31:17.845581302,T,KO,F I,2,70.9
2025-12-03,9:31:17.845939239,T,KO,,100,70.9
2025-12-03,9:31:17.845942493,T,KO,I,2,70.89
2025-12-03,9:31:17.845942493,T,KO,I,10,70.89
2025-12-03,9:31:17.904912606,T,KO,F,100,70.88
2025-12-03,9:31:17.904912606,T,KO,F I,50,70.88
2025-12-03,9:31:17.904924712,T,KO,F,200,70.88
2025-12-03,9:31:19.162991966,T,KO,F,350,70.88
2025-12-03,9:31:20.328270362,T,KO,F I,50,70.88
2025-12-03,9:31:22.908923766,T,KO,,300,70.885
2025-12-03,9:31:23.126648293,T,KO,I,17,70.885
2025-12-03,9:31:27.166632356,T,KO,I,12,70.88
2025-12-03,9:31:27.213502346,T,KO,F,150,70.88
2025-12-03,9:31:27.214100345,T,KO,F,150,70.88
2025-12-03,9:31:27.214325897,T,KO,,100,70.88
2025-12-03,9:31:27.215564846,T,KO,F I,1,70.88
2025-12-03,9:31:27.216566252,T,KO,I,22,70.885
2025-12-03,9:31:27.216605985,T,KO,I,37,70.885
2025-12-03,9:31:27.216636240,T,KO,I,63,70.885
2025-12-03,9:31:27.216636240,T,KO,I,22,70.88
2025-12-03,9:31:27.216641392,T,KO,,100,70.88
2025-12-03,9:31:27.216641392,T,KO,I,12,70.88
2025-12-03,9:31:27.216656471,T,KO,I,1,70.88
2025-12-03,9:31:27.216707568,T,KO,I,50,70.88
2025-12-03,9:31:27.218259729,T,KO,,100,70.88
2025-12-03,9:31:27.218289335,T,KO,I,1,70.88
2025-12-03,9:31:27.236515765,T,KO,F I,10,70.885
2025-12-03,9:31:27.236663112,T,KO,,152,70.885
2025-12-03,9:31:27.238497611,T,KO,F I,40,70.9
2025-12-03,9:31:27.238497611,T,KO,F,100,70.9
2025-12-03,9:31:27.334230538,T,KO,I,26,70.89
2025-12-03,9:31:27.334230538,T,KO,I,2,70.89
2025-12-03,9:31:28.682082691,T,KO,F I,26,70.9
2025-12-03,9:31:28.682082691,T,KO,F I,25,70.9
2025-12-03,9:31:28.933183755,T,KO,I,51,70.9
2025-12-03,9:31:28.933186758,T,KO,I,99,70.9
2025-12-03,9:31:28.933201779,T,KO,I,1,70.9
2025-12-03,9:31:28.933219798,T,KO,I,9,70.9
2025-12-03,9:31:30.311143980,T,KO,I,40,70.9
2025-12-03,9:31:30.311146666,T,KO,,400,70.9
2025-12-03,9:31:30.311149722,T,KO,,100,70.9
2025-12-03,9:31:30.311639912,T,KO,,100,70.89
2025-12-03,9:31:30.374315080,T,KO,F,200,70.89
2025-12-03,9:31:30.374354222,T,KO,I,3,70.88
2025-12-03,9:31:30.374381340,T,KO,I,1,70.88
2025-12-03,9:31:30.375373606,T,KO,I,46,70.88
2025-12-03,9:31:30.381451106,T,KO,I,10,70.89
2025-12-03,9:31:31.075227539,T,KO,,100,70.89
2025-12-03,9:31:32.130774581,T,KO,,100,70.89
2025-12-03,9:31:32.133129186,T,KO,,100,70.89
2025-12-03,9:31:32.441291156,T,KO,I,5,70.89
2025-12-03,9:31:32.441432460,T,KO,F I,25,70.9
2025-12-03,9:31:32.441457148,T,KO,I,30,70.9
2025-12-03,9:31:32.441457148,T,KO,I,5,70.9
2025-12-03,9:31:32.441460105,T,KO,,100,70.9
2025-12-03,9:31:32.441460105,T,KO,I,24,70.9
2025-12-03,9:31:32.441463142,T,KO,I,2,70.9
2025-12-03,9:31:32.441478122,T,KO,I,1,70.9
2025-12-03,9:31:32.441480586,T,KO,F,135,70.9
2025-12-03,9:31:32.441505061,T,KO,I,38,70.9
2025-12-03,9:31:32.441790285,T,KO,,100,70.895
2025-12-03,9:31:32.441790285,T,KO,I,95,70.89
2025-12-03,9:31:32.441793560,T,KO,,100,70.89
2025-12-03,9:31:32.441796682,T,KO,I,25,70.89
2025-12-03,9:31:32.441796682,T,KO,,100,70.89
2025-12-03,9:31:32.441799735,T,KO,I,36,70.89
2025-12-03,9:31:32.441802331,T,KO,,1042,70.89
2025-12-03,9:31:32.441814390,T,KO,I,1,70.89
2025-12-03,9:31:32.441817978,T,KO,I,2,70.89
2025-12-03,9:31:32.442860830,T,KO,I,67,70.89
2025-12-03,9:31:32.443708871,T,KO,,100,70.89
2025-12-03,9:31:32.910179941,T,KO,F I,1,70.9
2025-12-03,9:31:32.910185961,T,KO,F I,17,70.9
2025-12-03,9:31:32.910185961,T,KO,F I,82,70.9
2025-12-03,9:31:32.910209978,T,KO,I,2,70.9
2025-12-03,9:31:32.910507772,T,KO,F I,11,70.9
2025-12-03,9:31:32.919845394,T,KO,I,25,70.89
2025-12-03,9:31:32.919848251,T,KO,,100,70.89
2025-12-03,9:31:32.919851004,T,KO,,800,70.89
2025-12-03,9:31:32.919950249,T,KO,F I,1,70.89
2025-12-03,9:31:32.932532148,T,KO,F,130,70.89
2025-12-03,9:31:32.932535233,T,KO,F I,70,70.89
2025-12-03,9:31:32.932547181,T,KO,F I,30,70.89
2025-12-03,9:31:32.932547181,T,KO,F I,43,70.89
2025-12-03,9:31:32.939003862,T,KO,I,1,70.88
2025-12-03,9:31:32.939006743,T,KO,,100,70.88
2025-12-03,9:31:32.939009652,T,KO,I,25,70.88
2025-12-03,9:31:32.939009652,T,KO,,100,70.88
2025-12-03,9:31:32.939304336,T,KO,,200,70.88
2025-12-03,9:31:33.086775558,T,KO,F,100,70.88
2025-12-03,9:31:33.087169465,T,KO,F I,1,70.86
2025-12-03,9:31:33.087172452,T,KO,F I,25,70.86
2025-12-03,9:31:33.087229665,T,KO,F I,31,70.87
2025-12-03,9:31:33.139036988,T,KO,,100,70.86
2025-12-03,9:31:33.139040211,T,KO,I,10,70.86
2025-12-03,9:31:33.139043110,T,KO,,100,70.86
2025-12-03,9:31:33.139043110,T,KO,I,31,70.86
2025-12-03,9:31:33.139046073,T,KO,I,25,70.86
2025-12-03,9:31:33.139644405,T,KO,I,10,70.85
2025-12-03,9:31:33.140561626,T,KO,,100,70.85
2025-12-03,9:31:33.140564700,T,KO,,100,70.85
2025-12-03,9:31:33.140788244,T,KO,,100,70.855
2025-12-03,9:31:33.140790875,T,KO,,100,70.85
2025-12-03,9:31:33.140793155,T,KO,,100,70.85
2025-12-03,9:31:33.140796575,T,KO,,200,70.85
2025-12-03,9:31:33.140817273,T,KO,I,3,70.855
2025-12-03,9:31:33.141405227,T,KO,F I,31,70.86
2025-12-03,9:31:33.141407601,T,KO,F,100,70.86
2025-12-03,9:31:33.141409838,T,KO,F,100,70.86
2025-12-03,9:31:33.141969713,T,KO,F I,1,70.87
2025-12-03,9:31:33.141975056,T,KO,F I,1,70.87
2025-12-03,9:31:33.141990966,T,KO,F I,98,70.87
2025-12-03,9:31:33.141990966,T,KO,F I,31,70.87
2025-12-03,9:31:33.185563869,T,KO,F I,25,70.88
2025-12-03,9:31:33.185660031,T,KO,,100,70.88
2025-12-03,9:31:36.374000983,T,KO,,100,70.89
2025-12-03,9:31:36.374005333,T,KO,,200,70.89
2025-12-03,9:31:36.374005333,T,KO,,193,70.89
2025-12-03,9:31:36.374009968,T,KO,,100,70.89
2025-12-03,9:31:36.374009968,T,KO,I,25,70.89
2025-12-03,9:31:36.374028640,T,KO,I,1,70.89
2025-12-03,9:31:36.398716834,T,KO,F I,1,70.895
2025-12-03,9:31:36.411458286,T,KO,F I,1,70.9
2025-12-03,9:31:36.438793280,T,KO,F I,34,70.89
2025-12-03,9:31:36.438797003,T,KO,F I,42,70.89
2025-12-03,9:31:36.438799406,T,KO,F I,25,70.89
2025-12-03,9:31:36.438799406,T,KO,F,100,70.89
2025-12-03,9:31:36.438823318,T,KO,F,200,70.89
2025-12-03,9:31:36.439481916,T,KO,I,42,70.88
2025-12-03,9:31:36.440137449,T,KO,F I,42,70.87
2025-12-03,9:31:36.440140447,T,KO,F,100,70.87
2025-12-03,9:31:36.602073126,T,KO,F I,2,70.86
2025-12-03,9:31:36.639295761,T,KO,I,34,70.87
2025-12-03,9:31:36.639295761,T,KO,I,1,70.87
2025-12-03,9:31:38.207867712,T,KO,I,2,70.85
2025-12-03,9:31:38.207870654,T,KO,I,34,70.85
2025-12-03,9:31:38.207900582,T,KO,I,92,70.85
2025-12-03,9:31:38.207972779,T,KO,,100,70.86
2025-12-03,9:31:38.208026960,T,KO,,100,70.86
2025-12-03,9:31:38.208259323,T,KO,F I,33,70.86
2025-12-03,9:31:38.208262151,T,KO,F,100,70.86
2025-12-03,9:31:38.208267982,T,KO,F I,55,70.86
2025-12-03,9:31:38.208267982,T,KO,F I,36,70.86
2025-12-03,9:31:38.208270540,T,KO,F I,25,70.86
2025-12-03,9:31:38.208622321,T,KO,F I,60,70.87
2025-12-03,9:31:38.209064354,T,KO,I,55,70.87
2025-12-03,9:31:38.209067819,T,KO,I,20,70.87
2025-12-03,9:31:38.209067819,T,KO,I,55,70.87
2025-12-03,9:31:38.209071727,T,KO,,402,70.87
2025-12-03,9:31:38.209071727,T,KO,I,33,70.87
2025-12-03,9:31:38.209073589,T,KO,,100,70.87
2025-12-03,9:31:38.209077105,T,KO,I,35,70.86
2025-12-03,9:31:38.209085427,T,KO,I,1,70.87
2025-12-03,9:31:38.209127557,T,KO,F,136,70.87
2025-12-03,9:31:38.209127557,T,KO,F I,55,70.87
2025-12-03,9:31:38.209154652,T,KO,F,100,70.87
2025-12-03,9:31:43.511488379,T,KO,I,25,70.89
2025-12-03,9:31:43.511488379,T,KO,I,10,70.89
2025-12-03,9:31:44.100504202,T,KO,I,20,70.895
2025-12-03,9:31:46.967926606,T,KO,,100,70.89
2025-12-03,9:31:46.967929609,T,KO,,142,70.89
2025-12-03,9:31:49.041614447,T,KO,F,200,70.91
2025-12-03,9:31:49.041683645,T,KO,,100,70.91
2025-12-03,9:31:53.636356928,T,KO,,200,70.935
2025-12-03,9:31:53.636359940,T,KO,,100,70.92
2025-12-03,9:31:53.636374942,T,KO,I,1,70.92
2025-12-03,9:31:53.641953320,T,KO,I,72,70.93
2025-12-03,9:31:58.294024053,T,KO,F I,99,70.93
2025-12-03,9:31:58.341380837,T,KO,F I,25,70.93
2025-12-03,9:31:58.343410654,T,KO,F,100,70.92
2025-12-03,9:32:01.022798265,T,KO,F I,60,70.94
2025-12-03,9:32:03.539881266,T,KO,F I,65,70.95
2025-12-03,9:32:03.539886046,T,KO,F,100,70.95
2025-12-03,9:32:03.539886046,T,KO,F I,1,70.95
2025-12-03,9:32:04.969178308,T,KO,,100,70.945
2025-12-03,9:32:04.969181298,T,KO,,100,70.94
2025-12-03,9:32:04.969217937,T,KO,,100,70.93
2025-12-03,9:32:04.969220411,T,KO,I,7,70.93
2025-12-03,9:32:04.969223806,T,KO,I,25,70.93
2025-12-03,9:32:04.969223806,T,KO,,100,70.93
2025-12-03,9:32:04.969226423,T,KO,I,31,70.93
2025-12-03,9:32:04.969241537,T,KO,I,1,70.93
2025-12-03,9:32:06.059271530,T,KO,I,60,70.92
2025-12-03,9:32:06.330974605,T,KO,I,40,70.92
2025-12-03,9:32:08.197183394,T,KO,F I,1,70.92
2025-12-03,9:32:08.197228610,T,KO,I,20,70.91
2025-12-03,9:32:08.197231493,T,KO,,100,70.91
2025-12-03,9:32:08.208950964,T,KO,F,100,70.92
2025-12-03,9:32:08.208954208,T,KO,F I,25,70.92
2025-12-03,9:32:08.208956490,T,KO,F,100,70.92
2025-12-03,9:32:16.484766008,T,KO,F,100,70.92
2025-12-03,9:32:16.484772006,T,KO,F,100,70.92
2025-12-03,9:32:16.486236452,T,KO,,100,70.92
2025-12-03,9:32:16.486257503,T,KO,F I,59,70.92
2025-12-03,9:32:16.486263816,T,KO,I,41,70.92
2025-12-03,9:32:16.555413286,T,KO,F,100,70.9
2025-12-03,9:32:16.555413286,T,KO,F I,25,70.9
2025-12-03,9:32:16.555431240,T,KO,I,1,70.9
2025-12-03,9:32:16.555434249,T,KO,F,100,70.9
2025-12-03,9:32:16.555434249,T,KO,F I,25,70.9
2025-12-03,9:32:17.431880692,T,KO,F I,8,70.91
2025-12-03,9:32:17.543235936,T,KO,F I,25,70.92
2025-12-03,9:32:17.543741065,T,KO,,100,70.92
2025-12-03,9:32:17.543795278,T,KO,,199,70.92
2025-12-03,9:32:17.543846433,T,KO,I,1,70.92
2025-12-03,9:32:17.543912556,T,KO,F,200,70.915
2025-12-03,9:32:19.498549917,T,KO,F,100,70.92
2025-12-03,9:32:19.499022075,T,KO,I,33,70.91
2025-12-03,9:32:19.499025064,T,KO,I,97,70.91
2025-12-03,9:32:19.499040029,T,KO,I,1,70.91
2025-12-03,9:32:19.499091296,T,KO,I,2,70.91
2025-12-03,9:32:19.499094486,T,KO,,100,70.91
2025-12-03,9:32:19.499094486,T,KO,I,25,70.91
2025-12-03,9:32:19.597338365,T,KO,I,23,70.91
2025-12-03,9:32:19.597341204,T,KO,I,33,70.91
2025-12-03,9:32:19.597341204,T,KO,,200,70.91
2025-12-03,9:32:19.597416877,T,KO,,100,70.9
2025-12-03,9:32:19.597419658,T,KO,I,32,70.9
2025-12-03,9:32:19.597423155,T,KO,I,97,70.9
2025-12-03,9:32:19.597423155,T,KO,I,74,70.9
2025-12-03,9:32:19.597425389,T,KO,,100,70.9
2025-12-03,9:32:19.597483049,T,KO,F I,2,70.9
2025-12-03,9:32:19.597991126,T,KO,F,100,70.9
2025-12-03,9:32:19.598083990,T,KO,F,100,70.9
2025-12-03,9:32:19.598493080,T,KO,I,95,70.91
2025-12-03,9:32:19.598682606,T,KO,,105,70.91
2025-12-03,9:32:19.598685425,T,KO,,200,70.91
2025-12-03,9:32:19.599990482,T,KO,I,2,70.92
2025-12-03,9:32:19.600231102,T,KO,,143,70.92
2025-12-03,9:32:19.600453658,T,KO,I,90,70.92
2025-12-03,9:32:19.600603935,T,KO,I,10,70.92
2025-12-03,9:32:19.600703195,T,KO,I,13,70.92
2025-12-03,9:32:19.600880661,T,KO,I,87,70.92
2025-12-03,9:32:19.600982899,T,KO,,100,70.92
2025-12-03,9:32:19.601668501,T,KO,,100,70.92
2025-12-03,9:32:19.601839885,T,KO,I,94,70.92
2025-12-03,9:32:19.602071521,T,KO,I,6,70.92
2025-12-03,9:32:19.623756153,T,KO,I,24,70.91
2025-12-03,9:32:19.623756153,T,KO,I,2,70.91
2025-12-03,9:32:19.623759113,T,KO,,100,70.91
2025-12-03,9:32:19.623762144,T,KO,I,25,70.91
2025-12-03,9:32:21.584603298,T,KO,F,100,70.89
2025-12-03,9:32:21.584603298,T,KO,F,100,70.89
2025-12-03,9:32:21.584870939,T,KO,,100,70.88
2025-12-03,9:32:21.585175418,T,KO,F I,33,70.89
2025-12-03,9:32:21.585180765,T,KO,F I,38,70.89
2025-12-03,9:32:21.585183995,T,KO,F I,30,70.89
2025-12-03,9:32:21.585183995,T,KO,F,100,70.89
2025-12-03,9:32:21.585186940,T,KO,,100,70.88
2025-12-03,9:32:21.585186940,T,KO,F,200,70.89
2025-12-03,9:32:21.585195722,T,KO,I,1,70.89
2025-12-03,9:32:21.585252811,T,KO,F I,59,70.89
2025-12-03,9:32:21.585259238,T,KO,I,41,70.89
2025-12-03,9:32:21.585259238,T,KO,,100,70.89
2025-12-03,9:32:21.585265381,T,KO,,100,70.89
2025-12-03,9:32:21.585265381,T,KO,I,1,70.89
2025-12-03,9:32:21.585265381,T,KO,I,76,70.89
2025-12-03,9:32:21.585269186,T,KO,I,33,70.89
2025-12-03,9:32:21.585273946,T,KO,I,26,70.89
2025-12-03,9:32:21.585273946,T,KO,F I,74,70.89
2025-12-03,9:32:21.585310901,T,KO,F,100,70.89
2025-12-03,9:32:21.585310901,T,KO,F,100,70.89
2025-12-03,9:32:21.585673845,T,KO,F I,1,70.89
2025-12-03,9:32:22.762060954,T,KO,F,100,70.9
2025-12-03,9:32:22.762072751,T,KO,F,100,70.9
2025-12-03,9:32:24.730314533,T,KO,I,10,70.9
2025-12-03,9:32:26.727885126,T,KO,F,100,70.89
2025-12-03,9:32:29.387311098,T,KO,F,200,70.88
2025-12-03,9:32:31.143680142,T,KO,F,160,70.89
2025-12-03,9:32:34.158645958,T,KO,F,100,70.9
2025-12-03,9:32:34.158649033,T,KO,F I,25,70.9
2025-12-03,9:32:34.158826460,T,KO,F I,53,70.89
2025-12-03,9:32:34.158826460,T,KO,F I,33,70.89
2025-12-03,9:32:34.158829382,T,KO,F,100,70.89
2025-12-03,9:32:34.158833141,T,KO,F,181,70.89
2025-12-03,9:32:34.158844596,T,KO,I,1,70.89
2025-12-03,9:32:34.159418838,T,KO,I,18,70.89
2025-12-03,9:32:34.159813217,T,KO,F,100,70.89
2025-12-03,9:32:34.159815811,T,KO,F I,82,70.89
2025-12-03,9:32:34.160261189,T,KO,F,100,70.89
2025-12-03,9:32:34.160261189,T,KO,F I,10,70.89
2025-12-03,9:32:34.160265295,T,KO,F,100,70.89
2025-12-03,9:32:34.160270275,T,KO,F,100,70.89
2025-12-03,9:32:34.160270275,T,KO,F I,84,70.89
2025-12-03,9:32:34.161950822,T,KO,F I,9,70.89
2025-12-03,9:32:34.161950822,T,KO,F I,91,70.89
2025-12-03,9:32:34.564146709,T,KO,F I,9,70.89
2025-12-03,9:32:34.564161729,T,KO,F,100,70.89
2025-12-03,9:32:34.564197860,T,KO,F I,10,70.89
2025-12-03,9:32:34.564216736,T,KO,F,100,70.9
2025-12-03,9:32:34.564218888,T,KO,F I,25,70.9
2025-12-03,9:32:34.564222018,T,KO,I,9,70.89
2025-12-03,9:32:34.564224976,T,KO,I,10,70.89
2025-12-03,9:32:34.564230932,T,KO,I,1,70.89
2025-12-03,9:32:34.564237409,T,KO,I,1,70.89
2025-12-03,9:32:34.564237409,T,KO,I,99,70.89
2025-12-03,9:32:34.564270028,T,KO,I,99,70.89
2025-12-03,9:32:34.564318174,T,KO,F I,9,70.89
2025-12-03,9:32:34.564463214,T,KO,F,100,70.89
2025-12-03,9:32:34.564483552,T,KO,,100,70.89
2025-12-03,9:32:34.564504664,T,KO,,100,70.89
2025-12-03,9:32:34.564525675,T,KO,F,100,70.89
2025-12-03,9:32:34.565232359,T,KO,F I,49,70.89
2025-12-03,9:32:34.565551050,T,KO,F,100,70.9
2025-12-03,9:32:34.565554726,T,KO,F,100,70.9
2025-12-03,9:32:34.565557252,T,KO,F,100,70.9
2025-12-03,9:32:34.565557252,T,KO,F,100,70.9
2025-12-03,9:32:34.572275139,T,KO,F,100,70.91
2025-12-03,9:32:35.752435868,T,KO,F I,10,70.915
2025-12-03,9:32:40.766241327,T,KO,F,100,70.92
2025-12-03,9:32:40.766259830,T,KO,F I,33,70.92
2025-12-03,9:32:40.766259830,T,KO,F,100,70.92
2025-12-03,9:32:40.766262417,T,KO,F I,25,70.92
2025-12-03,9:32:42.073824576,T,KO,F,100,70.9
2025-12-03,9:32:51.755464299,T,KO,F,100,70.925
2025-12-03,9:32:53.299518775,T,KO,F,100,70.92
2025-12-03,9:32:53.388028532,T,KO,I,90,70.91
2025-12-03,9:33:00.599633828,T,KO,F,100,70.9
2025-12-03,9:33:00.599636400,T,KO,F,100,70.9
2025-12-03,9:33:00.600649858,T,KO,F,100,70.91
2025-12-03,9:33:00.600653443,T,KO,F,100,70.91
2025-12-03,9:33:00.617255394,T,KO,,200,70.93
2025-12-03,9:33:00.646930039,T,KO,F,200,70.93
2025-12-03,9:33:00.776665059,T,KO,,100,70.93
2025-12-03,9:33:01.980868177,T,KO,F,200,70.925
2025-12-03,9:33:01.980868177,T,KO,F,150,70.92
2025-12-03,9:33:04.045600687,T,KO,F I,5,70.94
2025-12-03,9:33:07.169498111,T,KO,F I,25,70.95
2025-12-03,9:33:07.169501316,T,KO,F I,2,70.95
2025-12-03,9:33:07.169503956,T,KO,F I,7,70.95
2025-12-03,9:33:07.169627292,T,KO,F,193,70.95
2025-12-03,9:33:07.169630217,T,KO,F,100,70.95
2025-12-03,9:33:07.999709246,T,KO,,100,70.95
2025-12-03,9:33:11.484132245,T,KO,,100,70.94
2025-12-03,9:33:11.484135165,T,KO,I,87,70.94
2025-12-03,9:33:11.484147180,T,KO,I,1,70.94
2025-12-03,9:33:11.484202154,T,KO,I,13,70.94
2025-12-03,9:33:11.484204366,T,KO,I,11,70.94
2025-12-03,9:33:11.763452408,T,KO,I,22,70.95
2025-12-03,9:33:20.518242995,T,KO,F I,2,70.97
2025-12-03,9:33:20.518245952,T,KO,F I,1,70.97
2025-12-03,9:33:20.518245952,T,KO,F I,10,70.97
2025-12-03,9:33:20.519054916,T,KO,F,100,70.98
2025-12-03,9:33:20.519075951,T,KO,I,1,70.98
2025-12-03,9:33:20.519079098,T,KO,F I,9,70.98
2025-12-03,9:33:20.519081932,T,KO,F I,1,70.98
2025-12-03,9:33:20.519086068,T,KO,F I,10,70.98
2025-12-03,9:33:21.274920189,T,KO,,100,70.98
2025-12-03,9:33:21.274923237,T,KO,,100,70.98
2025-12-03,9:33:21.860228257,T,KO,,100,70.97
2025-12-03,9:33:28.461367991,T,KO,,100,70.98
2025-12-03,9:33:28.461370458,T,KO,,100,70.98
2025-12-03,9:33:28.461373314,T,KO,I,25,70.98
2025-12-03,9:33:28.461385335,T,KO,I,1,70.98
2025-12-03,9:33:30.994769108,T,KO,,100,70.97
2025-12-03,9:33:30.994772128,T,KO,I,25,70.97
2025-12-03,9:33:30.995102865,T,KO,F,100,70.97
2025-12-03,9:33:30.995508866,T,KO,,100,70.97
2025-12-03,9:33:30.996402008,T,KO,F,100,70.96
2025-12-03,9:33:30.996402008,T,KO,F I,7,70.96
2025-12-03,9:33:30.997216905,T,KO,,200,70.96
2025-12-03,9:33:30.997310120,T,KO,,100,70.96
2025-12-03,9:33:30.997625900,T,KO,F I,20,70.95
2025-12-03,9:33:33.236356213,T,KO,,100,70.96
2025-12-03,9:33:33.236356213,T,KO,,100,70.96
2025-12-03,9:33:33.255066491,T,KO,,100,70.96
2025-12-03,9:33:35.158434749,T,KO,F,200,70.97
2025-12-03,9:33:35.158434749,T,KO,F I,25,70.97
2025-12-03,9:33:35.158450252,T,KO,I,1,70.97
2025-12-03,9:33:35.158464770,T,KO,F I,25,70.97
2025-12-03,9:33:41.142209298,T,KO,,100,70.98
2025-12-03,9:33:41.543039933,T,KO,F,100,70.96
2025-12-03,9:33:41.543058473,T,KO,F I,27,70.96
2025-12-03,9:33:41.543060931,T,KO,I,1,70.96
2025-12-03,9:33:41.543085094,T,KO,F,200,70.96
2025-12-03,9:33:41.543085094,T,KO,F I,72,70.96
2025-12-03,9:33:41.543085094,T,KO,F I,78,70.96
2025-12-03,9:33:41.543103067,T,KO,I,22,70.96
2025-12-03,9:33:53.723484146,T,KO,,100,70.98
2025-12-03,9:33:53.723487786,T,KO,,100,70.98
2025-12-03,9:33:58.394836944,T,KO,F I,10,70.98
2025-12-03,9:33:59.727662429,T,KO,,100,70.97
2025-12-03,9:33:59.727662429,T,KO,,161,70.97
2025-12-03,9:34:02.015237744,T,KO,F I,88,70.98
2025-12-03,9:34:02.015261737,T,KO,F I,12,70.98
2025-12-03,9:34:02.015265347,T,KO,F I,2,70.98
2025-12-03,9:34:02.015268431,T,KO,F,100,70.98
2025-12-03,9:34:02.015268431,T,KO,F I,1,70.98
2025-12-03,9:34:02.015307535,T,KO,F,100,70.99
2025-12-03,9:34:02.015307535,T,KO,F,100,70.99
2025-12-03,9:34:02.016474151,T,KO,F I,36,70.98
2025-12-03,9:34:02.016476746,T,KO,F I,7,70.98
2025-12-03,9:34:02.016600029,T,KO,F I,83,70.98
2025-12-03,9:34:02.016624006,T,KO,I,1,70.98
2025-12-03,9:34:04.162283371,T,KO,I,80,71.0
2025-12-03,9:34:04.162289623,T,KO,I,45,71.0
2025-12-03,9:34:04.162300596,T,KO,,125,71.0
2025-12-03,9:34:04.162315672,T,KO,I,1,71.0
2025-12-03,9:34:04.178833817,T,KO,F I,25,71.0
2025-12-03,9:34:04.178833817,T,KO,F,100,71.0
2025-12-03,9:34:04.178855552,T,KO,I,1,71.0
2025-12-03,9:34:04.740478478,T,KO,I,45,71.01
2025-12-03,9:34:04.740481513,T,KO,I,45,71.01
2025-12-03,9:34:04.740484526,T,KO,,100,71.01
2025-12-03,9:34:04.740484526,T,KO,I,25,71.01
2025-12-03,9:34:04.740487721,T,KO,,100,71.01
2025-12-03,9:34:04.740490568,T,KO,I,1,71.01
2025-12-03,9:34:04.740490568,T,KO,I,1,71.01
2025-12-03,9:34:04.740493594,T,KO,,200,71.01
2025-12-03,9:34:04.740770625,T,KO,F I,45,71.0
2025-12-03,9:34:04.740773280,T,KO,F,100,71.0
2025-12-03,9:34:04.740776341,T,KO,F I,32,71.0
2025-12-03,9:34:04.740776341,T,KO,F I,16,71.0
2025-12-03,9:34:04.740947630,T,KO,F I,77,71.0
2025-12-03,9:34:04.740974762,T,KO,I,2,71.0
2025-12-03,9:34:04.797052255,T,KO,,100,70.995
2025-12-03,9:34:04.856368576,T,KO,F I,1,71.0
2025-12-03,9:34:06.117569884,T,KO,F I,6,70.99
2025-12-03,9:34:08.725560982,T,KO,F I,55,70.985
2025-12-03,9:34:08.725726362,T,KO,F I,9,70.985
2025-12-03,9:34:09.367890723,T,KO,F I,36,70.985
2025-12-03,9:34:09.367890723,T,KO,F I,16,70.985
2025-12-03,9:34:10.574917552,T,KO,F I,48,70.985
2025-12-03,9:34:10.574917552,T,KO,F I,2,70.98
2025-12-03,9:34:10.574921295,T,KO,F I,6,70.98
2025-12-03,9:34:10.574921295,T,KO,F I,52,70.98
2025-12-03,9:34:10.574938960,T,KO,F I,48,70.98
2025-12-03,9:34:10.574938960,T,KO,I,12,70.98
2025-12-03,9:34:10.574941590,T,KO,I,28,70.98
2025-12-03,9:34:10.574953650,T,KO,F I,48,70.98
2025-12-03,9:34:10.574969084,T,KO,I,20,70.98
2025-12-03,9:34:10.575100944,T,KO,F I,4,70.98
2025-12-03,9:34:10.575103972,T,KO,F I,44,70.98
2025-12-03,9:34:10.575281436,T,KO,I,48,70.98
2025-12-03,9:34:10.576027202,T,KO,I,8,70.98
2025-12-03,9:34:10.578183396,T,KO,F I,52,70.97
2025-12-03,9:34:10.579028412,T,KO,F I,48,70.97
2025-12-03,9:34:10.579031411,T,KO,F,100,70.97
2025-12-03,9:34:10.579049417,T,KO,I,1,70.97
2025-12-03,9:34:10.579515543,T,KO,,140,70.97
2025-12-03,9:34:10.580541001,T,KO,I,59,70.97
2025-12-03,9:34:10.833022252,T,KO,I,39,70.965
2025-12-03,9:34:10.887115128,T,KO,I,39,70.97
2025-12-03,9:34:10.937442985,T,KO,I,39,70.97
2025-12-03,9:34:10.987776888,T,KO,I,39,70.97
2025-12-03,9:34:11.038107709,T,KO,I,39,70.97
2025-12-03,9:34:11.088441658,T,KO,I,39,70.97
2025-12-03,9:34:11.138772547,T,KO,I,39,70.97
2025-12-03,9:34:11.901975217,T,KO,I,20,70.97
2025-12-03,9:34:15.013188197,T,KO,,100,70.97
2025-12-03,9:34:15.013203273,T,KO,F I,22,70.97
2025-12-03,9:34:15.013206330,T,KO,I,1,70.97
2025-12-03,9:34:15.527602417,T,KO,F I,7,70.97
2025-12-03,9:34:15.527686590,T,KO,F I,88,70.96
2025-12-03,9:34:15.527707612,T,KO,F I,10,70.96
2025-12-03,9:34:15.527831191,T,KO,F I,10,70.96
2025-12-03,9:34:15.527858235,T,KO,F,100,70.96
2025-12-03,9:34:15.527863994,T,KO,F,100,70.96
2025-12-03,9:34:22.344316286,T,KO,I,10,70.98
2025-12-03,9:34:22.344318889,T,KO,I,29,70.98
2025-12-03,9:34:22.344321828,T,KO,,100,70.98
2025-12-03,9:34:22.344321828,T,KO,I,1,70.98
2025-12-03,9:34:22.344324882,T,KO,,100,70.98
2025-12-03,9:34:22.522763782,T,KO,I,35,70.98
2025-12-03,9:34:22.522767151,T,KO,I,1,70.98
2025-12-03,9:34:22.522769806,T,KO,I,25,70.98
2025-12-03,9:34:23.404241193,T,KO,F I,35,70.98
2025-12-03,9:34:23.404244282,T,KO,F,100,70.98
2025-12-03,9:34:26.597249401,T,KO,F,100,70.99
2025-12-03,9:34:26.597249401,T,KO,F,100,70.99
2025-12-03,9:34:27.793023106,T,KO,,200,71.0
2025-12-03,9:34:29.374859670,T,KO,F I,2,70.99
2025-12-03,9:34:29.375166345,T,KO,,100,70.99
2025-12-03,9:34:46.161750203,T,KO,F,100,71.0
2025-12-03,9:34:46.161753141,T,KO,F,100,71.0
2025-12-03,9:34:46.161756150,T,KO,F,300,71.0
2025-12-03,9:34:46.162577134,T,KO,,200,71.0
2025-12-03,9:34:46.162577134,T,KO,,100,71.0
2025-12-03,9:34:46.162676366,T,KO,,100,70.99
2025-12-03,9:34:46.162676366,T,KO,,100,70.99
2025-12-03,9:34:46.162679662,T,KO,I,39,70.99
2025-12-03,9:34:46.162682362,T,KO,I,25,70.99
2025-12-03,9:34:46.162725581,T,KO,I,39,70.99
2025-12-03,9:34:46.162725581,T,KO,,104,70.99
2025-12-03,9:34:46.162731039,T,KO,I,39,70.99
2025-12-03,9:34:46.162731039,T,KO,I,10,70.99
2025-12-03,9:34:46.162733958,T,KO,,100,71.0
2025-12-03,9:34:46.162733958,T,KO,I,63,71.0
2025-12-03,9:34:46.162739930,T,KO,,100,71.0
2025-12-03,9:34:46.162739930,T,KO,I,49,71.0
2025-12-03,9:34:46.162739930,T,KO,I,22,71.0
2025-12-03,9:34:46.165028020,T,KO,F,100,71.0
2025-12-03,9:34:46.165031606,T,KO,F I,49,71.0
2025-12-03,9:34:46.165031606,T,KO,F,100,71.0
2025-12-03,9:34:46.165034220,T,KO,F,200,71.0
2025-12-03,9:34:46.165283573,T,KO,F I,2,71.0
2025-12-03,9:34:46.165611410,T,KO,I,39,71.0
2025-12-03,9:34:46.165611410,T,KO,,100,71.0
2025-12-03,9:34:46.165614354,T,KO,I,31,71.0
2025-12-03,9:34:47.648355892,T,KO,F,124,70.995
2025-12-03,9:34:50.019488335,T,KO,F I,39,71.0
2025-12-03,9:34:50.019492152,T,KO,F I,10,71.0
2025-12-03,9:34:50.019492152,T,KO,F I,1,71.0
2025-12-03,9:34:50.019497944,T,KO,F,100,71.0
2025-12-03,9:34:50.019497944,T,KO,F I,1,71.0
2025-12-03,9:34:50.219615261,T,KO,F,100,71.0
2025-12-03,9:34:50.219617919,T,KO,F,152,71.0
2025-12-03,9:34:51.357380650,T,KO,I,2,70.995
2025-12-03,9:34:51.853806037,T,KO,,100,70.99
2025-12-03,9:34:55.188346010,T,KO,F I,51,70.99
2025-12-03,9:34:55.188348963,T,KO,F I,49,70.99
2025-12-03,9:34:55.188367201,T,KO,F I,51,70.99
2025-12-03,9:34:55.188370236,T,KO,F I,30,70.99
2025-12-03,9:34:55.188370236,T,KO,F I,25,70.99
2025-12-03,9:34:55.633584025,T,KO,F,140,71.01
2025-12-03,9:34:55.633586357,T,KO,F I,37,71.01
2025-12-03,9:34:55.633589413,T,KO,F,100,71.01
2025-12-03,9:34:55.633602433,T,KO,I,1,71.01
2025-12-03,9:34:55.877734899,T,KO,I,1,71.01
2025-12-03,9:34:55.877737900,T,KO,I,1,71.01
2025-12-03,9:34:57.970885199,T,KO,I,2,71.0
2025-12-03,9:34:57.970885199,T,KO,I,25,71.0
2025-12-03,9:35:00.085864508,T,KO,F I,98,71.01
2025-12-03,9:35:00.659297709,T,KO,F,100,71.02
2025-12-03,9:35:00.659300575,T,KO,F,100,71.02
2025-12-03,9:35:01.189372749,T,KO,I,1,71.03
2025-12-03,9:35:01.189375691,T,KO,I,25,71.03
2025-12-03,9:35:01.715151000,T,KO,I,50,71.03
2025-12-03,9:35:03.004125920,T,KO,,100,71.01
2025-12-03,9:35:04.186644860,T,KO,I,60,71.01
2025-12-03,9:35:04.186644860,T,KO,,600,71.01
2025-12-03,9:35:04.186647384,T,KO,,100,71.01
2025-12-03,9:35:04.558882944,T,KO,I,25,71.0
2025-12-03,9:35:11.013062557,T,KO,I,25,71.03
2025-12-03,9:35:11.015034709,T,KO,,100,71.04
2025-12-03,9:35:11.015034709,T,KO,I,14,71.04
2025-12-03,9:35:11.015037641,T,KO,,100,71.04
2025-12-03,9:35:11.015040949,T,KO,I,25,71.04
2025-12-03,9:35:11.015040949,T,KO,I,61,71.04
2025-12-03,9:35:11.015055651,T,KO,I,1,71.04
2025-12-03,9:35:12.817395925,T,KO,,100,71.03
2025-12-03,9:35:12.817410941,T,KO,,100,71.03
2025-12-03,9:35:12.830043464,T,KO,,100,71.03
2025-12-03,9:35:18.359709621,T,KO,F I,2,71.03
2025-12-03,9:35:18.411435737,T,KO,I,20,71.02
2025-12-03,9:35:18.411438811,T,KO,I,20,71.02
2025-12-03,9:35:19.280908591,T,KO,I,35,71.04
2025-12-03,9:35:19.794489843,T,KO,F I,50,71.06
2025-12-03,9:35:19.798684806,T,KO,F I,50,71.05
2025-12-03,9:35:19.807643124,T,KO,F I,42,71.05
2025-12-03,9:35:20.191516437,T,KO,,100,71.06
2025-12-03,9:35:20.191516437,T,KO,I,42,71.06
2025-12-03,9:35:20.191519428,T,KO,I,50,71.06
2025-12-03,9:35:20.191531895,T,KO,F,192,71.06
2025-12-03,9:35:20.191534657,T,KO,I,1,71.06
2025-12-03,9:35:20.320719786,T,KO,F I,42,71.07
2025-12-03,9:35:20.320722230,T,KO,F I,50,71.07
2025-12-03,9:35:20.320731478,T,KO,F,100,71.07
2025-12-03,9:35:20.320731478,T,KO,F I,25,71.07
2025-12-03,9:35:20.544652029,T,KO,I,42,71.07
2025-12-03,9:35:20.544656481,T,KO,,100,71.07
2025-12-03,9:35:20.545254943,T,KO,F I,38,71.07
2025-12-03,9:35:20.545257867,T,KO,F,100,71.08
2025-12-03,9:35:20.545862341,T,KO,F I,8,71.08
2025-12-03,9:35:20.550776383,T,KO,F I,50,71.08
2025-12-03,9:35:20.550776383,T,KO,F I,20,71.08
2025-12-03,9:35:20.550779120,T,KO,F I,14,71.08
2025-12-03,9:35:20.564804451,T,KO,I,18,71.08
2025-12-03,9:35:20.564808068,T,KO,I,50,71.08
2025-12-03,9:35:20.564808068,T,KO,I,50,71.08
2025-12-03,9:35:20.564810451,T,KO,,118,71.08
2025-12-03,9:35:20.569186050,T,KO,I,43,71.08
2025-12-03,9:35:20.569189235,T,KO,I,1,71.08
2025-12-03,9:35:20.569189235,T,KO,I,10,71.08
2025-12-03,9:35:20.569194968,T,KO,,100,71.08
2025-12-03,9:35:22.120078673,T,KO,I,43,71.09
2025-12-03,9:35:26.266429298,T,KO,,100,71.085
2025-12-03,9:35:26.266432754,T,KO,I,50,71.08
2025-12-03,9:35:26.266435175,T,KO,I,50,71.08
2025-12-03,9:35:26.266444230,T,KO,I,1,71.08
2025-12-03,9:35:26.266732921,T,KO,I,19,71.08
2025-12-03,9:35:26.266732921,T,KO,I,50,71.08
2025-12-03,9:35:27.225121409,T,KO,F I,2,71.08
2025-12-03,9:35:27.225124438,T,KO,F,100,71.08
2025-12-03,9:35:28.554990766,T,KO,F I,50,71.08
2025-12-03,9:35:28.555312473,T,KO,F I,50,71.08
2025-12-03,9:35:28.555378726,T,KO,F I,50,71.08
2025-12-03,9:35:28.555387739,T,KO,F I,50,71.08
2025-12-03,9:35:28.555528995,T,KO,I,24,71.07
2025-12-03,9:35:28.555528995,T,KO,I,24,71.07
2025-12-03,9:35:28.662099835,T,KO,I,21,71.07
2025-12-03,9:35:29.384826171,T,KO,,200,71.08
2025-12-03,9:35:29.401822705,T,KO,,200,71.08
2025-12-03,9:35:29.438726603,T,KO,,100,71.08
2025-12-03,9:35:32.592154067,T,KO,,200,71.08
2025-12-03,9:35:35.535420169,T,KO,F I,10,71.1
2025-12-03,9:35:35.640217088,T,KO,I,2,71.11
2025-12-03,9:35:35.640220042,T,KO,I,25,71.11
2025-12-03,9:35:35.640220042,T,KO,I,50,71.11
2025-12-03,9:35:36.582664622,T,KO,I,50,71.11
2025-12-03,9:35:36.582670356,T,KO,,100,71.11
2025-12-03,9:35:36.582670356,T,KO,I,10,71.11
2025-12-03,9:35:37.228302116,T,KO,I,50,71.1
2025-12-03,9:35:40.275549700,T,KO,F I,50,71.1
2025-12-03,9:35:41.430766080,T,KO,F I,50,71.1
2025-12-03,9:35:42.758115394,T,KO,F I,9,71.09
2025-12-03,9:35:42.758118497,T,KO,F I,50,71.09
2025-12-03,9:35:42.758139545,T,KO,F,100,71.09
2025-12-03,9:35:43.269071478,T,KO,F I,5,71.08
2025-12-03,9:35:43.269071478,T,KO,F I,50,71.08
2025-12-03,9:35:43.269113477,T,KO,I,11,71.08
2025-12-03,9:35:43.275642067,T,KO,F,100,71.08
2025-12-03,9:35:43.275642067,T,KO,F I,53,71.08
2025-12-03,9:35:43.275663067,T,KO,I,1,71.08
2025-12-03,9:35:43.276162294,T,KO,I,50,71.08
2025-12-03,9:35:43.276162294,T,KO,I,8,71.08
2025-12-03,9:35:43.276508075,T,KO,I,38,71.08
2025-12-03,9:35:43.305415948,T,KO,I,25,71.085
2025-12-03,9:35:43.445414925,T,KO,F I,25,71.09
2025-12-03,9:35:43.445417316,T,KO,F I,21,71.09
2025-12-03,9:35:43.446692410,T,KO,F I,47,71.1
2025-12-03,9:35:45.440380939,T,KO,I,50,71.09
2025-12-03,9:35:45.440380939,T,KO,I,38,71.09
2025-12-03,9:35:45.440383880,T,KO,I,25,71.09
2025-12-03,9:35:45.440386761,T,KO,I,87,71.09
2025-12-03,9:35:45.440398816,T,KO,I,1,71.09
2025-12-03,9:35:45.440407803,T,KO,F,112,71.09
2025-12-03,9:35:45.440429603,T,KO,I,38,71.09
2025-12-03,9:35:45.440431848,T,KO,,100,71.09
2025-12-03,9:35:45.440434874,T,KO,I,1,71.09
2025-12-03,9:35:45.441265717,T,KO,F,100,71.09
2025-12-03,9:35:45.441265717,T,KO,F I,1,71.09
2025-12-03,9:35:45.441268327,T,KO,F I,38,71.09
2025-12-03,9:35:45.441268327,T,KO,F,100,71.09
2025-12-03,9:35:45.441271008,T,KO,F I,50,71.09
2025-12-03,9:35:47.461052488,T,KO,I,2,71.09
2025-12-03,9:35:47.500470977,T,KO,F I,38,71.1
2025-12-03,9:35:47.500473409,T,KO,F I,45,71.1
2025-12-03,9:35:48.647778007,T,KO,I,38,71.12
2025-12-03,9:35:50.638678811,T,KO,F I,10,71.11
2025-12-03,9:35:51.974529228,T,KO,I,16,71.1
2025-12-03,9:35:57.545274080,T,KO,,100,71.11
2025-12-03,9:35:57.545274080,T,KO,,100,71.105
2025-12-03,9:35:57.545276229,T,KO,,300,71.1
2025-12-03,9:35:57.545288280,T,KO,I,1,71.1
2025-12-03,9:35:57.545294575,T,KO,F I,99,71.1
2025-12-03,9:35:57.545297352,T,KO,F I,1,71.1
2025-12-03,9:35:57.545300309,T,KO,F I,99,71.1
2025-12-03,9:35:57.545300309,T,KO,F I,1,71.1
2025-12-03,9:35:57.545303283,T,KO,,100,71.1
2025-12-03,9:35:57.545348415,T,KO,I,1,71.1
2025-12-03,9:35:57.545348415,T,KO,I,41,71.1
2025-12-03,9:35:57.545628112,T,KO,,236,71.11
2025-12-03,9:35:57.545631320,T,KO,,100,71.11
2025-12-03,9:35:57.545631320,T,KO,I,25,71.11
2025-12-03,9:35:57.545718336,T,KO,,100,71.11
2025-12-03,9:36:07.203983570,T,KO,,100,71.125
2025-12-03,9:36:08.640910913,T,KO,I,2,71.125
2025-12-03,9:36:08.641600076,T,KO,F I,41,71.12
2025-12-03,9:36:08.641600076,T,KO,F I,50,71.12
2025-12-03,9:36:08.641602544,T,KO,F I,25,71.12
2025-12-03,9:36:08.641996495,T,KO,F I,50,71.12
2025-12-03,9:36:08.645268850,T,KO,F,100,71.12
2025-12-03,9:36:08.645268850,T,KO,F I,38,71.12
2025-12-03,9:36:08.645271621,T,KO,F I,1,71.12
2025-12-03,9:36:08.645274285,T,KO,F,100,71.12
2025-12-03,9:36:08.645274285,T,KO,F I,1,71.12
2025-12-03,9:36:08.720976601,T,KO,I,4,71.125
2025-12-03,9:36:09.451738025,T,KO,F,100,71.13
2025-12-03,9:36:09.649958538,T,KO,I,38,71.13
2025-12-03,9:36:09.649958538,T,KO,I,38,71.13
2025-12-03,9:36:09.649961366,T,KO,I,25,71.13
2025-12-03,9:36:09.723179596,T,KO,I,38,71.13
2025-12-03,9:36:11.646719919,T,KO,I,30,71.14
2025-12-03,9:36:12.243584430,T,KO,,100,71.14
2025-12-03,9:36:12.253850830,T,KO,,100,71.14
2025-12-03,9:36:13.202451168,T,KO,,100,71.135
2025-12-03,9:36:14.280434518,T,KO,,100,71.135
2025-12-03,9:36:14.280437603,T,KO,I,10,71.13
2025-12-03,9:36:16.050104426,T,KO,F I,30,71.14
2025-12-03,9:36:18.436898640,T,KO,I,20,71.13
2025-12-03,9:36:18.436898640,T,KO,I,45,71.13
2025-12-03,9:36:20.237247119,T,KO,F I,1,71.14
2025-12-03,9:36:21.421464780,T,KO,F I,7,71.15
2025-12-03,9:36:21.421464780,T,KO,F I,40,71.15
2025-12-03,9:36:21.421467529,T,KO,F I,25,71.15
2025-12-03,9:36:22.409428674,T,KO,I,2,71.14
2025-12-03,9:36:22.409431646,T,KO,I,25,71.14
2025-12-03,9:36:27.135846605,T,KO,I,5,71.13
2025-12-03,9:36:27.135846605,T,KO,,100,71.13
2025-12-03,9:36:27.135851622,T,KO,I,95,71.13
2025-12-03,9:36:27.686093186,T,KO,I,4,71.13
2025-12-03,9:36:28.161284959,T,KO,,100,71.13
2025-12-03,9:36:28.161315010,T,KO,F I,5,71.13
2025-12-03,9:36:30.269086213,T,KO,F I,9,71.13
2025-12-03,9:36:30.269116248,T,KO,I,29,71.13
2025-12-03,9:36:30.269808018,T,KO,I,6,71.13
2025-12-03,9:36:30.269811372,T,KO,I,4,71.13
2025-12-03,9:36:30.269811372,T,KO,I,25,71.13
2025-12-03,9:36:30.269813867,T,KO,I,65,71.13
2025-12-03,9:36:30.269862326,T,KO,I,35,71.13
2025-12-03,9:36:30.269865119,T,KO,,100,71.13
2025-12-03,9:36:30.269868025,T,KO,I,1,71.13
2025-12-03,9:36:30.269868025,T,KO,I,29,71.13
2025-12-03,9:36:30.280820102,T,KO,I,64,71.13
2025-12-03,9:36:30.455115412,T,KO,F I,1,71.14
2025-12-03,9:36:30.455115412,T,KO,F I,36,71.14
2025-12-03,9:36:32.177335249,T,KO,I,29,71.15
2025-12-03,9:36:32.177338092,T,KO,I,1,71.15
2025-12-03,9:36:35.040327904,T,KO,,100,71.15
2025-12-03,9:36:35.040331019,T,KO,I,25,71.14
2025-12-03,9:36:35.198513696,T,KO,,100,71.14
2025-12-03,9:36:35.198528717,T,KO,I,1,71.14
2025-12-03,9:36:35.491790154,T,KO,F,100,71.15
2025-12-03,9:36:38.003321059,T,KO,I,67,71.165
2025-12-03,9:36:38.255540761,T,KO,I,13,71.17
2025-12-03,9:36:38.256006820,T,KO,F I,33,71.17
2025-12-03,9:36:38.256097596,T,KO,I,35,71.17
2025-12-03,9:36:38.256100082,T,KO,I,68,71.17
2025-12-03,9:36:38.256121165,T,KO,I,35,71.17
2025-12-03,9:36:38.256124069,T,KO,,100,71.17
2025-12-03,9:36:38.256142197,T,KO,I,1,71.17
2025-12-03,9:36:42.669104508,T,KO,I,1,71.17
2025-12-03,9:36:42.669107577,T,KO,I,2,71.17
2025-12-03,9:36:44.377455399,T,KO,F I,4,71.18
2025-12-03,9:36:45.309711722,T,KO,,200,71.18
2025-12-03,9:36:50.083539653,T,KO,,100,71.18
2025-12-03,9:37:01.180623883,T,KO,F,100,71.16
2025-12-03,9:37:01.180627605,T,KO,F I,92,71.16
2025-12-03,9:37:01.180638941,T,KO,I,1,71.16
2025-12-03,9:37:02.538580080,T,KO,F I,10,71.15
2025-12-03,9:37:03.443940474,T,KO,I,94,71.15
2025-12-03,9:37:03.443958411,T,KO,I,1,71.15
2025-12-03,9:37:03.443967486,T,KO,I,46,71.15
2025-12-03,9:37:03.484630962,T,KO,F I,10,71.16
2025-12-03,9:37:03.484630962,T,KO,F I,2,71.16
2025-12-03,9:37:03.484633346,T,KO,F I,10,71.16
2025-12-03,9:37:05.416076511,T,KO,F I,33,71.16
2025-12-03,9:37:05.416100611,T,KO,I,67,71.16
2025-12-03,9:37:06.977139525,T,KO,,100,71.17
2025-12-03,9:37:07.116515447,T,KO,,100,71.18
2025-12-03,9:37:07.473820427,T,KO,I,4,71.19
2025-12-03,9:37:07.473820427,T,KO,I,4,71.19
2025-12-03,9:37:11.110826711,T,KO,F I,1,71.18
2025-12-03,9:37:11.110832764,T,KO,F,400,71.18
2025-12-03,9:37:11.110832764,T,KO,F I,2,71.18
2025-12-03,9:37:11.110848122,T,KO,I,1,71.18
2025-12-03,9:37:11.110850837,T,KO,I,37,71.18
2025-12-03,9:37:11.111298845,T,KO,I,62,71.18
2025-12-03,9:37:11.479588966,T,KO,F I,10,71.18
2025-12-03,9:37:11.838899839,T,KO,,100,71.185
2025-12-03,9:37:16.251985444,T,KO,,100,71.19
2025-12-03,9:37:19.432465409,T,KO,F I,10,71.2
2025-12-03,9:37:19.432474372,T,KO,F I,10,71.2
2025-12-03,9:37:19.432787159,T,KO,I,10,71.2
2025-12-03,9:37:19.432988659,T,KO,,100,71.2
2025-12-03,9:37:19.433007352,T,KO,I,1,71.2
2025-12-03,9:37:19.433042776,T,KO,I,80,71.2
2025-12-03,9:37:19.805951964,T,KO,F I,10,71.21
2025-12-03,9:37:19.805954926,T,KO,F I,25,71.21
2025-12-03,9:37:25.035241478,T,KO,F I,7,71.23
2025-12-03,9:37:25.035241478,T,KO,F I,50,71.23
2025-12-03,9:37:27.345635374,T,KO,F I,1,71.22
2025-12-03,9:37:27.345638240,T,KO,F I,1,71.22
2025-12-03,9:37:27.345641247,T,KO,F I,1,71.22
2025-12-03,9:37:27.345657165,T,KO,F I,1,71.22
2025-12-03,9:37:27.345659365,T,KO,F I,1,71.22
2025-12-03,9:37:27.346393008,T,KO,I,97,71.22
2025-12-03,9:37:27.571019094,T,KO,I,52,71.22
2025-12-03,9:37:27.617239185,T,KO,I,35,71.22
2025-12-03,9:37:30.424596515,T,KO,I,25,71.23
2025-12-03,9:37:30.424599542,T,KO,I,12,71.23
2025-12-03,9:37:34.676829116,T,KO,I,1,71.23
2025-12-03,9:37:34.676832145,T,KO,I,25,71.23
2025-12-03,9:37:34.876928767,T,KO,I,34,71.22
2025-12-03,9:37:34.877668477,T,KO,F I,7,71.22
2025-12-03,9:37:35.382721369,T,KO,F I,62,71.24
2025-12-03,9:37:35.382721369,T,KO,F I,55,71.24
2025-12-03,9:37:35.501735795,T,KO,I,4,71.24
2025-12-03,9:37:36.128506662,T,KO,I,25,71.23
2025-12-03,9:37:37.423062905,T,KO,F I,36,71.21
2025-12-03,9:37:39.151227877,T,KO,,100,71.2
2025-12-03,9:37:39.151239943,T,KO,F I,23,71.2
2025-12-03,9:37:39.151246201,T,KO,I,1,71.2
2025-12-03,9:37:39.152145009,T,KO,I,76,71.2
2025-12-03,9:37:40.073130565,T,KO,F I,2,71.19
2025-12-03,9:37:40.569970970,T,KO,I,5,71.18
2025-12-03,9:37:40.569973903,T,KO,I,10,71.18
2025-12-03,9:37:42.593782048,T,KO,I,25,71.18
2025-12-03,9:37:42.593782048,T,KO,I,11,71.18
2025-12-03,9:37:42.593833684,T,KO,,100,71.18
2025-12-03,9:37:42.593863297,T,KO,F I,33,71.18
2025-12-03,9:37:42.593863297,T,KO,F,100,71.18
2025-12-03,9:37:42.593881303,T,KO,I,1,71.18
2025-12-03,9:37:42.593905379,T,KO,F I,1,71.18
2025-12-03,9:37:42.594061712,T,KO,,100,71.18
2025-12-03,9:37:42.594065013,T,KO,,100,71.18
2025-12-03,9:37:42.594065013,T,KO,I,33,71.18
2025-12-03,9:37:42.594068335,T,KO,I,1,71.18
2025-12-03,9:37:42.594070754,T,KO,I,33,71.18
2025-12-03,9:37:42.764146855,T,KO,I,33,71.18
2025-12-03,9:37:47.107947407,T,KO,F I,51,71.19
2025-12-03,9:37:55.676606430,T,KO,I,1,71.2
2025-12-03,9:37:55.676609479,T,KO,I,57,71.2
2025-12-03,9:37:55.676955358,T,KO,I,16,71.2
2025-12-03,9:37:58.294629843,T,KO,I,2,71.2
2025-12-03,9:37:58.294629843,T,KO,I,25,71.2
2025-12-03,9:37:58.295751489,T,KO,I,68,71.2
2025-12-03,9:38:00.779796723,T,KO,F I,10,71.19
2025-12-03,9:38:00.779800216,T,KO,F,100,71.19
2025-12-03,9:38:00.779823838,T,KO,I,1,71.19
2025-12-03,9:38:00.779823838,T,KO,I,7,71.19
2025-12-03,9:38:00.780332034,T,KO,I,92,71.19
2025-12-03,9:38:00.803652923,T,KO,I,5,71.18
2025-12-03,9:38:00.803655579,T,KO,I,14,71.18
2025-12-03,9:38:00.803659220,T,KO,I,19,71.18
2025-12-03,9:38:00.805023832,T,KO,I,19,71.18
2025-12-03,9:38:02.617957707,T,KO,I,25,71.2
2025-12-03,9:38:02.617957707,T,KO,I,10,71.2
2025-12-03,9:38:03.709623822,T,KO,I,53,71.2
2025-12-03,9:38:03.709626749,T,KO,I,25,71.2
2025-12-03,9:38:06.407682800,T,KO,I,41,71.22
2025-12-03,9:38:13.899083294,T,KO,I,4,71.2
2025-12-03,9:38:14.060847646,T,KO,I,10,71.19
2025-12-03,9:38:14.060847646,T,KO,I,12,71.19
2025-12-03,9:38:14.062017417,T,KO,F I,4,71.19
2025-12-03,9:38:14.062017417,T,KO,F I,6,71.19
2025-12-03,9:38:14.092338607,T,KO,F I,35,71.2
2025-12-03,9:38:14.092342329,T,KO,F I,25,71.2
2025-12-03,9:38:14.445869580,T,KO,F,100,71.21
2025-12-03,9:38:14.445869580,T,KO,F I,25,71.21
2025-12-03,9:38:15.281812640,T,KO,F I,1,71.22
2025-12-03,9:38:15.282766322,T,KO,I,35,71.22
2025-12-03,9:38:15.282768828,T,KO,,100,71.22
2025-12-03,9:38:15.282771889,T,KO,I,35,71.22
2025-12-03,9:38:15.282774936,T,KO,I,21,71.22
2025-12-03,9:38:15.282789909,T,KO,I,7,71.22
2025-12-03,9:38:15.282792880,T,KO,I,1,71.22
2025-12-03,9:38:15.282807920,T,KO,,371,71.22
2025-12-03,9:38:15.283064129,T,KO,F,100,71.22
2025-12-03,9:38:15.283066645,T,KO,F,100,71.22
2025-12-03,9:38:15.283070013,T,KO,F,100,71.22
2025-12-03,9:38:15.283072547,T,KO,F I,35,71.22
2025-12-03,9:38:15.283072547,T,KO,F I,35,71.22
2025-12-03,9:38:16.404380203,T,KO,,100,71.225
2025-12-03,9:38:16.554332416,T,KO,F I,1,71.22
2025-12-03,9:38:16.554335403,T,KO,F I,44,71.22
2025-12-03,9:38:16.554338472,T,KO,F,100,71.22
2025-12-03,9:38:16.554338472,T,KO,F I,25,71.22
2025-12-03,9:38:16.565299569,T,KO,,100,71.215
2025-12-03,9:38:16.584001078,T,KO,,100,71.215
2025-12-03,9:38:16.590078586,T,KO,,100,71.215
2025-12-03,9:38:16.712142208,T,KO,I,44,71.21
2025-12-03,9:38:16.712527551,T,KO,I,35,71.21
2025-12-03,9:38:16.712527551,T,KO,,100,71.21
2025-12-03,9:38:16.712530679,T,KO,I,1,71.21
2025-12-03,9:38:16.712882007,T,KO,I,35,71.22
2025-12-03,9:38:16.712885006,T,KO,,100,71.22
2025-12-03,9:38:16.712888254,T,KO,I,20,71.22
2025-12-03,9:38:16.712888254,T,KO,I,25,71.22
2025-12-03,9:38:16.713612746,T,KO,I,35,71.22
2025-12-03,9:38:16.713616089,T,KO,,100,71.22
2025-12-03,9:38:16.713618742,T,KO,I,44,71.22
2025-12-03,9:38:16.713618742,T,KO,I,2,71.22
2025-12-03,9:38:16.713621861,T,KO,I,25,71.22
2025-12-03,9:38:16.715368999,T,KO,F I,35,71.22
2025-12-03,9:38:16.715368999,T,KO,F,100,71.22
2025-12-03,9:38:16.715374942,T,KO,F,100,71.22
2025-12-03,9:38:16.715378033,T,KO,F,100,71.22
2025-12-03,9:38:16.715378033,T,KO,F,100,71.22
2025-12-03,9:38:16.715378033,T,KO,F,100,71.22
2025-12-03,9:38:16.715381029,T,KO,F I,10,71.22
2025-12-03,9:38:16.716562875,T,KO,,100,71.225
2025-12-03,9:38:16.716562875,T,KO,I,35,71.22
2025-12-03,9:38:16.716565796,T,KO,I,69,71.22
2025-12-03,9:38:16.716592911,T,KO,I,31,71.22
2025-12-03,9:38:16.716592911,T,KO,I,4,71.22
2025-12-03,9:38:16.717053454,T,KO,F,100,71.22
2025-12-03,9:38:16.717053454,T,KO,F I,35,71.22
2025-12-03,9:38:16.717058999,T,KO,F,100,71.22
2025-12-03,9:38:16.717058999,T,KO,F I,31,71.22
2025-12-03,9:38:16.717058999,T,KO,F I,13,71.22
2025-12-03,9:38:16.717288546,T,KO,I,35,71.22
2025-12-03,9:38:16.717290612,T,KO,I,1,71.22
2025-12-03,9:38:16.717294519,T,KO,I,15,71.22
2025-12-03,9:38:16.717294519,T,KO,I,13,71.22
2025-12-03,9:38:16.717296585,T,KO,,100,71.22
2025-12-03,9:38:16.717300644,T,KO,I,19,71.22
2025-12-03,9:38:16.717300644,T,KO,I,33,71.22
2025-12-03,9:38:16.717300644,T,KO,I,25,71.22
2025-12-03,9:38:16.717306015,T,KO,I,21,71.22
2025-12-03,9:38:16.717329660,T,KO,F I,26,71.22
2025-12-03,9:38:16.717357277,T,KO,F I,74,71.22
2025-12-03,9:38:16.717357277,T,KO,F,100,71.22
2025-12-03,9:38:16.717362671,T,KO,F I,35,71.22
2025-12-03,9:38:16.717362671,T,KO,F,100,71.22
2025-12-03,9:38:16.717362671,T,KO,F I,22,71.22
2025-12-03,9:38:16.717365882,T,KO,F I,4,71.22
2025-12-03,9:38:16.717380741,T,KO,F I,96,71.22
2025-12-03,9:38:16.717552170,T,KO,,100,71.225
2025-12-03,9:38:16.717555164,T,KO,I,28,71.22
2025-12-03,9:38:16.717558217,T,KO,I,22,71.22
2025-12-03,9:38:17.292572689,T,KO,I,35,71.23
2025-12-03,9:38:20.057904971,T,KO,I,22,71.23
2025-12-03,9:38:26.039719203,T,KO,F I,1,71.24
2025-12-03,9:38:29.521390790,T,KO,F I,20,71.26
2025-12-03,9:38:29.521409313,T,KO,F I,5,71.26
2025-12-03,9:38:29.521447923,T,KO,F I,5,71.26
2025-12-03,9:38:30.169509418,T,KO,I,10,71.27
2025-12-03,9:38:30.507794128,T,KO,I,34,71.275
2025-12-03,9:38:31.447884000,T,KO,,192,71.28
2025-12-03,9:38:31.582057582,T,KO,I,39,71.28
2025-12-03,9:38:31.607741789,T,KO,I,8,71.29
2025-12-03,9:38:32.220123304,T,KO,,200,71.285
2025-12-03,9:38:32.220126658,T,KO,I,2,71.28
2025-12-03,9:38:32.220126658,T,KO,I,25,71.28
2025-12-03,9:38:32.220129355,T,KO,I,73,71.28
2025-12-03,9:38:32.220144442,T,KO,I,7,71.28
2025-12-03,9:38:32.220144442,T,KO,I,1,71.28
2025-12-03,9:38:33.144173666,T,KO,I,78,71.28
2025-12-03,9:38:33.144176152,T,KO,I,5,71.28
2025-12-03,9:38:37.165251215,T,KO,F I,42,71.28
2025-12-03,9:38:41.262091701,T,KO,I,39,71.27
2025-12-03,9:38:41.278384520,T,KO,F,100,71.28
2025-12-03,9:38:41.278402641,T,KO,I,1,71.28
2025-12-03,9:38:45.339740670,T,KO,,100,71.265
2025-12-03,9:38:47.385425813,T,KO,I,27,71.265
2025-12-03,9:38:49.156082222,T,KO,I,73,71.265
2025-12-03,9:38:49.156082222,T,KO,I,2,71.26
2025-12-03,9:38:49.156084976,T,KO,I,25,71.26
2025-12-03,9:38:49.156115082,T,KO,,100,71.26
2025-12-03,9:38:49.160529611,T,KO,I,10,71.26
2025-12-03,9:38:49.160680001,T,KO,I,37,71.26
2025-12-03,9:38:49.162688730,T,KO,F,100,71.26
2025-12-03,9:38:49.162691792,T,KO,F I,37,71.26
2025-12-03,9:38:49.162694749,T,KO,F,100,71.26
2025-12-03,9:38:49.162694749,T,KO,F I,37,71.26
2025-12-03,9:38:49.162697706,T,KO,F,100,71.26
2025-12-03,9:38:49.163669338,T,KO,F I,38,71.27
2025-12-03,9:38:49.181128844,T,KO,I,46,71.28
2025-12-03,9:38:49.181131708,T,KO,,100,71.28
2025-12-03,9:38:49.181970692,T,KO,F I,1,71.28
2025-12-03,9:38:50.132044675,T,KO,I,99,71.28
2025-12-03,9:38:50.132047904,T,KO,I,10,71.28
2025-12-03,9:38:50.132050571,T,KO,,100,71.28
2025-12-03,9:38:50.280772786,T,KO,I,37,71.28
2025-12-03,9:38:50.280775827,T,KO,,100,71.28
2025-12-03,9:38:50.280779893,T,KO,I,29,71.28
2025-12-03,9:38:50.280779893,T,KO,I,4,71.28
2025-12-03,9:38:50.280781806,T,KO,I,14,71.28
2025-12-03,9:38:50.284886525,T,KO,I,37,71.28
2025-12-03,9:38:50.551898512,T,KO,F I,25,71.29
2025-12-03,9:38:54.202539619,T,KO,F I,35,71.295
2025-12-03,9:38:54.202596252,T,KO,I,51,71.29
2025-12-03,9:38:54.202803847,T,KO,F I,35,71.3
2025-12-03,9:38:55.203560200,T,KO,I,20,71.295
2025-12-03,9:38:59.568053050,T,KO,F I,10,71.3
2025-12-03,9:38:59.568053050,T,KO,F I,20,71.3
2025-12-03,9:38:59.568350706,T,KO,I,35,71.3
2025-12-03,9:38:59.568350706,T,KO,I,27,71.29
2025-12-03,9:38:59.587169529,T,KO,F I,10,71.3
2025-12-03,9:38:59.587169529,T,KO,F I,35,71.3
2025-12-03,9:38:59.599435719,T,KO,F I,22,71.31
2025-12-03,9:38:59.599435719,T,KO,F I,25,71.31
2025-12-03,9:39:00.166252656,T,KO,,100,71.32
2025-12-03,9:39:00.166288888,T,KO,I,62,71.32
2025-12-03,9:39:00.166811983,T,KO,F I,34,71.32
2025-12-03,9:39:00.166815960,T,KO,F,100,71.32
2025-12-03,9:39:00.166821048,T,KO,F I,12,71.32
2025-12-03,9:39:00.166821048,T,KO,F I,25,71.32
2025-12-03,9:39:00.166830017,T,KO,F I,50,71.32
2025-12-03,9:39:00.575034264,T,KO,F I,34,71.32
2025-12-03,9:39:00.575671761,T,KO,I,34,71.32
2025-12-03,9:39:03.035464278,T,KO,F I,2,71.32
2025-12-03,9:39:03.035464278,T,KO,F I,13,71.32
2025-12-03,9:39:03.035473709,T,KO,F I,85,71.32
2025-12-03,9:39:03.035476242,T,KO,F I,2,71.32
2025-12-03,9:39:03.484905684,T,KO,I,10,71.315
2025-12-03,9:39:04.639518038,T,KO,F I,34,71.32
2025-12-03,9:39:04.639520544,T,KO,F I,1,71.32
2025-12-03,9:39:13.283499961,T,KO,,121,71.35
2025-12-03,9:39:13.286050025,T,KO,,300,71.35
2025-12-03,9:39:13.954268479,T,KO,F,100,71.34
2025-12-03,9:39:13.954268479,T,KO,F,100,71.34
2025-12-03,9:39:14.288523636,T,KO,I,25,71.32
2025-12-03,9:39:14.289943051,T,KO,,100,71.315
2025-12-03,9:39:14.289946194,T,KO,,100,71.31
2025-12-03,9:39:14.289946194,T,KO,I,60,71.31
2025-12-03,9:39:14.289964137,T,KO,I,1,71.31
2025-12-03,9:39:14.289964137,T,KO,I,7,71.31
2025-12-03,9:39:14.373731627,T,KO,I,5,71.32
2025-12-03,9:39:14.384707748,T,KO,F I,29,71.32
2025-12-03,9:39:14.404091902,T,KO,,100,71.33
2025-12-03,9:39:16.181826952,T,KO,F I,10,71.33
2025-12-03,9:39:17.510069572,T,KO,,100,71.345
2025-12-03,9:39:20.562246027,T,KO,F I,10,71.35
2025-12-03,9:39:20.563623233,T,KO,I,34,71.35
2025-12-03,9:39:20.563623233,T,KO,I,33,71.35
2025-12-03,9:39:21.543019926,T,KO,,100,71.355
2025-12-03,9:39:26.507484087,T,KO,F I,33,71.36
2025-12-03,9:39:26.507486973,T,KO,F I,2,71.36
2025-12-03,9:39:26.507489943,T,KO,F I,79,71.36
2025-12-03,9:39:26.507493060,T,KO,F I,25,71.36
2025-12-03,9:39:26.585911104,T,KO,F I,10,71.36
2025-12-03,9:39:26.585911104,T,KO,F I,25,71.37
2025-12-03,9:39:26.585914612,T,KO,F I,65,71.37
2025-12-03,9:39:26.585928843,T,KO,F I,35,71.37
2025-12-03,9:39:26.587144011,T,KO,I,39,71.37
2025-12-03,9:39:26.587147240,T,KO,I,25,71.37
2025-12-03,9:39:26.611291637,T,KO,,100,71.37
2025-12-03,9:39:26.611291637,T,KO,I,32,71.37
2025-12-03,9:39:26.611294361,T,KO,I,1,71.37
2025-12-03,9:39:26.611294361,T,KO,,100,71.37
2025-12-03,9:39:27.396482323,T,KO,I,1,71.37
2025-12-03,9:39:27.396482323,T,KO,I,32,71.37
2025-12-03,9:39:27.598575635,T,KO,F,151,71.36
2025-12-03,9:39:28.676770844,T,KO,F I,10,71.37
2025-12-03,9:39:28.676772903,T,KO,I,32,71.37
2025-12-03,9:39:31.773003921,T,KO,,200,71.375
2025-12-03,9:39:31.866704155,T,KO,I,25,71.37
2025-12-03,9:39:32.842982397,T,KO,F I,32,71.38
2025-12-03,9:39:37.630716102,T,KO,F,100,71.38
2025-12-03,9:39:37.630716102,T,KO,F I,25,71.38
2025-12-03,9:39:37.630718351,T,KO,F,100,71.38
2025-12-03,9:39:37.630718351,T,KO,F I,75,71.38
2025-12-03,9:39:37.630736386,T,KO,I,1,71.38
2025-12-03,9:39:37.630736386,T,KO,I,7,71.38
2025-12-03,9:39:37.630754462,T,KO,,100,71.38
2025-12-03,9:39:40.410984192,T,KO,,100,71.375
2025-12-03,9:39:40.435197901,T,KO,F I,5,71.37
2025-12-03,9:39:40.435567951,T,KO,,100,71.37
2025-12-03,9:39:41.307476965,T,KO,F,100,71.37
2025-12-03,9:39:41.307476965,T,KO,F,100,71.37
2025-12-03,9:39:41.307686973,T,KO,,200,71.37
2025-12-03,9:39:41.307705022,T,KO,I,1,71.37
2025-12-03,9:39:42.564214785,T,KO,,100,71.36
2025-12-03,9:39:42.564214785,T,KO,,100,71.36
2025-12-03,9:39:42.564241994,T,KO,I,2,71.36
2025-12-03,9:39:42.564241994,T,KO,I,5,71.36
2025-12-03,9:39:42.564241994,T,KO,I,1,71.36
2025-12-03,9:39:42.564473200,T,KO,F I,2,71.37
2025-12-03,9:39:43.113981066,T,KO,I,50,71.36
2025-12-03,9:39:43.114017150,T,KO,F,100,71.36
2025-12-03,9:39:43.115361339,T,KO,F,100,71.365
2025-12-03,9:39:43.115364826,T,KO,F I,39,71.36
2025-12-03,9:39:43.115364826,T,KO,F,100,71.36
2025-12-03,9:39:43.115370364,T,KO,F I,1,71.36
2025-12-03,9:39:43.115370364,T,KO,F,200,71.36
2025-12-03,9:39:43.130878289,T,KO,,100,71.36
2025-12-03,9:39:43.130881648,T,KO,,100,71.36
2025-12-03,9:39:43.130885009,T,KO,I,39,71.36
2025-12-03,9:39:43.130885009,T,KO,I,1,71.36
2025-12-03,9:39:43.130887321,T,KO,I,39,71.36
2025-12-03,9:39:43.130890288,T,KO,I,3,71.36
2025-12-03,9:39:43.985231131,T,KO,F I,39,71.37
2025-12-03,9:39:43.985246109,T,KO,F,100,71.37
2025-12-03,9:39:43.985252337,T,KO,F I,25,71.37
2025-12-03,9:39:43.985252337,T,KO,F I,75,71.37
2025-12-03,9:39:43.985252337,T,KO,F I,25,71.36
2025-12-03,9:39:43.985252337,T,KO,F I,48,71.36
2025-12-03,9:39:43.985255784,T,KO,F,100,71.36
2025-12-03,9:39:43.985255784,T,KO,F I,52,71.36
2025-12-03,9:39:43.985258203,T,KO,I,1,71.36
2025-12-03,9:39:43.985261214,T,KO,I,7,71.36
2025-12-03,9:39:45.730558047,T,KO,,100,71.355
2025-12-03,9:39:46.064169648,T,KO,,100,71.355
2025-12-03,9:39:46.112735167,T,KO,,100,71.36
2025-12-03,9:39:46.142352784,T,KO,,100,71.355
2025-12-03,9:39:46.155695570,T,KO,,100,71.355
2025-12-03,9:39:47.213512914,T,KO,I,25,71.35
2025-12-03,9:39:47.309874485,T,KO,I,50,71.35
2025-12-03,9:39:47.364836341,T,KO,I,25,71.345
2025-12-03,9:39:47.365122796,T,KO,F I,25,71.34
2025-12-03,9:39:47.365122796,T,KO,F,100,71.34
2025-12-03,9:39:47.365128006,T,KO,F I,20,71.34
2025-12-03,9:39:47.568006294,T,KO,I,25,71.335
2025-12-03,9:39:47.665561615,T,KO,I,25,71.335
2025-12-03,9:39:47.887264579,T,KO,I,25,71.335
2025-12-03,9:39:48.502830822,T,KO,F I,1,71.34
2025-12-03,9:39:48.571243728,T,KO,I,99,71.34
2025-12-03,9:39:48.571246926,T,KO,I,4,71.34
2025-12-03,9:39:48.571246926,T,KO,I,69,71.34
2025-12-03,9:39:49.543182526,T,KO,F I,80,71.35
2025-12-03,9:39:49.694698482,T,KO,,400,71.36
2025-12-03,9:39:49.694719930,T,KO,I,1,71.36
2025-12-03,9:39:49.694768209,T,KO,,100,71.36
2025-12-03,9:39:49.694768209,T,KO,I,42,71.36
2025-12-03,9:39:49.694773606,T,KO,I,58,71.36
2025-12-03,9:39:49.772885022,T,KO,I,42,71.36
2025-12-03,9:39:49.772887662,T,KO,I,1,71.36
2025-12-03,9:39:50.073655407,T,KO,F I,10,71.36
2025-12-03,9:39:50.073655407,T,KO,F I,58,71.36
2025-12-03,9:39:50.073659272,T,KO,F I,42,71.36
2025-12-03,9:39:50.073659272,T,KO,F I,1,71.36
2025-12-03,9:39:50.073733209,T,KO,F I,10,71.36
2025-12-03,9:39:50.073871688,T,KO,F I,1,71.36
2025-12-03,9:39:50.073871688,T,KO,F I,35,71.36
2025-12-03,9:39:50.075159451,T,KO,F,100,71.37
2025-12-03,9:39:50.075161618,T,KO,F,100,71.37
2025-12-03,9:39:50.075164595,T,KO,F I,57,71.37
2025-12-03,9:39:50.075209647,T,KO,F,135,71.37
2025-12-03,9:39:50.075276438,T,KO,F,208,71.37
2025-12-03,9:39:50.075279546,T,KO,F,100,71.37
2025-12-03,9:39:50.075895498,T,KO,F,100,71.37
2025-12-03,9:39:50.075898361,T,KO,F I,42,71.36
2025-12-03,9:39:50.075901981,T,KO,F I,1,71.36
2025-12-03,9:39:50.075901981,T,KO,F I,25,71.36
2025-12-03,9:39:50.075908682,T,KO,F I,10,71.36
2025-12-03,9:39:50.075908682,T,KO,F,100,71.36
2025-12-03,9:39:50.075913934,T,KO,F,100,71.36
2025-12-03,9:39:50.075913934,T,KO,F,200,71.36
2025-12-03,9:39:50.075913934,T,KO,F,100,71.36
2025-12-03,9:39:50.076048706,T,KO,,100,71.36
2025-12-03,9:39:50.076485366,T,KO,F I,42,71.36
2025-12-03,9:39:50.076487695,T,KO,F,100,71.36
2025-12-03,9:39:50.076999741,T,KO,,100,71.36
2025-12-03,9:39:50.077116213,T,KO,,100,71.36
2025-12-03,9:39:50.077822945,T,KO,F,100,71.36
2025-12-03,9:39:50.078304238,T,KO,F,200,71.36
2025-12-03,9:39:50.078307137,T,KO,F I,42,71.36
2025-12-03,9:39:50.078313220,T,KO,F I,4,71.36
2025-12-03,9:39:50.078313220,T,KO,F I,5,71.36
2025-12-03,9:39:50.078313220,T,KO,F,100,71.36
2025-12-03,9:39:50.078316182,T,KO,F I,53,71.36
2025-12-03,9:39:50.078316182,T,KO,F I,25,71.36
2025-12-03,9:39:50.078379625,T,KO,F I,5,71.36
2025-12-03,9:39:50.105969974,T,KO,F,200,71.365
2025-12-03,9:39:50.105969974,T,KO,F I,42,71.36
2025-12-03,9:39:50.105973474,T,KO,F,100,71.36
2025-12-03,9:39:50.105975920,T,KO,F,100,71.36
2025-12-03,9:39:50.105975920,T,KO,F,200,71.36
2025-12-03,9:39:50.106710114,T,KO,F,100,71.36
2025-12-03,9:39:50.106713805,T,KO,F I,42,71.36
2025-12-03,9:39:50.106713805,T,KO,F I,53,71.36
2025-12-03,9:39:50.106715701,T,KO,F I,1,71.36
2025-12-03,9:39:50.133864423,T,KO,F,142,71.365
2025-12-03,9:39:50.134489876,T,KO,I,47,71.36
2025-12-03,9:39:51.589261730,T,KO,I,1,71.36
2025-12-03,9:39:53.604370094,T,KO,I,99,71.36
2025-12-03,9:39:53.604373260,T,KO,I,25,71.36
2025-12-03,9:39:53.605504455,T,KO,I,43,71.36
2025-12-03,9:39:53.605504455,T,KO,,100,71.36
2025-12-03,9:39:53.605507194,T,KO,I,1,71.36
2025-12-03,9:39:53.605507194,T,KO,I,42,71.36
2025-12-03,9:39:53.606066262,T,KO,,100,71.36
2025-12-03,9:39:53.606069277,T,KO,I,43,71.36
2025-12-03,9:39:53.606069277,T,KO,,100,71.36
2025-12-03,9:39:53.606072233,T,KO,I,43,71.36
2025-12-03,9:39:53.606075689,T,KO,,100,71.36
2025-12-03,9:39:55.454448589,T,KO,I,53,71.37
2025-12-03,9:39:56.379571985,T,KO,I,43,71.37
2025-12-03,9:39:56.380329691,T,KO,I,50,71.37
2025-12-03,9:39:56.392457658,T,KO,I,9,71.375
2025-12-03,9:39:56.392460700,T,KO,,191,71.375
2025-12-03,9:39:59.544435731,T,KO,,100,71.38
2025-12-03,9:40:01.717895272,T,KO,F I,50,71.37
2025-12-03,9:40:01.717895272,T,KO,F I,10,71.37
2025-12-03,9:40:01.717898422,T,KO,F,100,71.37
2025-12-03,9:40:01.717898422,T,KO,F,160,71.37
2025-12-03,9:40:01.717913209,T,KO,I,7,71.37
2025-12-03,9:40:01.717913209,T,KO,I,1,71.37
2025-12-03,9:40:01.717922263,T,KO,F I,32,71.37
2025-12-03,9:40:02.620269423,T,KO,F,100,71.36
2025-12-03,9:40:02.621457239,T,KO,I,43,71.36
2025-12-03,9:40:02.621457239,T,KO,,100,71.36
2025-12-03,9:40:02.621460955,T,KO,,100,71.36
2025-12-03,9:40:02.621460955,T,KO,I,1,71.36
2025-12-03,9:40:02.621463262,T,KO,I,25,71.36
2025-12-03,9:40:04.575926150,T,KO,F I,43,71.36
2025-12-03,9:40:06.104713336,T,KO,F,100,71.35
2025-12-03,9:40:06.104725438,T,KO,,100,71.35
2025-12-03,9:40:08.120889350,T,KO,I,8,71.35
2025-12-03,9:40:13.795599854,T,KO,,100,71.355
2025-12-03,9:40:13.795633005,T,KO,I,1,71.36
2025-12-03,9:40:13.795638971,T,KO,,100,71.36
2025-12-03,9:40:13.795638971,T,KO,,103,71.36
2025-12-03,9:40:13.795641958,T,KO,I,11,71.36
2025-12-03,9:40:13.795657800,T,KO,F I,14,71.36
2025-12-03,9:40:13.795657800,T,KO,F,171,71.36
2025-12-03,9:40:13.795659958,T,KO,I,1,71.36
2025-12-03,9:40:15.132872822,T,KO,F,100,71.36
2025-12-03,9:40:15.132872822,T,KO,F I,52,71.36
2025-12-03,9:40:20.918827880,T,KO,F I,9,71.36
2025-12-03,9:40:20.918827880,T,KO,F I,2,71.36
2025-12-03,9:40:20.918830420,T,KO,F I,9,71.36
2025-12-03,9:40:23.342458838,T,KO,,100,71.355
2025-12-03,9:40:23.343288839,T,KO,,100,71.355
2025-12-03,9:40:24.922903108,T,KO,F I,1,71.36
2025-12-03,9:40:24.922906417,T,KO,F,100,71.36
2025-12-03,9:40:24.922906417,T,KO,F I,1,71.36
2025-12-03,9:40:24.928042336,T,KO,I,4,71.36
2025-12-03,9:40:25.123712359,T,KO,I,16,71.36
2025-12-03,9:40:25.749523872,T,KO,F,100,71.37
2025-12-03,9:40:25.749526856,T,KO,F,100,71.37
2025-12-03,9:40:25.955529567,T,KO,,100,71.395
2025-12-03,9:40:27.300858745,T,KO,F I,25,71.37
2025-12-03,9:40:27.301234723,T,KO,F,100,71.37
2025-12-03,9:40:27.333889452,T,KO,,100,71.365
2025-12-03,9:40:29.972457898,T,KO,F,100,71.37
2025-12-03,9:40:29.985490890,T,KO,I,2,71.38
2025-12-03,9:40:34.741408221,T,KO,F I,1,71.38
2025-12-03,9:40:34.741483462,T,KO,F I,1,71.38
2025-12-03,9:40:44.447983539,T,KO,F I,1,71.35
2025-12-03,9:40:44.447989533,T,KO,F I,9,71.35
2025-12-03,9:40:44.447989533,T,KO,F I,10,71.35
2025-12-03,9:40:44.448783395,T,KO,I,90,71.35
2025-12-03,9:40:44.449691577,T,KO,I,38,71.35
2025-12-03,9:40:44.449697725,T,KO,,100,71.35
2025-12-03,9:40:44.449697725,T,KO,I,1,71.35
2025-12-03,9:40:44.449697725,T,KO,,100,71.35
2025-12-03,9:40:44.450079559,T,KO,F I,11,71.35
2025-12-03,9:40:44.450482453,T,KO,F,100,71.35
2025-12-03,9:40:44.767386303,T,KO,F I,40,71.36
2025-12-03,9:40:44.767389403,T,KO,F I,11,71.36
2025-12-03,9:40:44.767389403,T,KO,F,100,71.36
2025-12-03,9:40:44.767392277,T,KO,F I,55,71.36
2025-12-03,9:40:45.381319475,T,KO,,100,71.365
2025-12-03,9:40:53.830870935,T,KO,F I,38,71.39
2025-12-03,9:40:53.831488048,T,KO,,100,71.39
2025-12-03,9:40:53.861071902,T,KO,F I,12,71.385
2025-12-03,9:40:53.861101941,T,KO,I,88,71.385
2025-12-03,9:40:56.764496034,T,KO,,100,71.385
2025-12-03,9:40:57.087919317,T,KO,F I,10,71.38
2025-12-03,9:40:57.088042643,T,KO,F I,1,71.38
2025-12-03,9:41:00.041430756,T,KO,F I,5,71.37
2025-12-03,9:41:00.041436919,T,KO,F I,5,71.37
2025-12-03,9:41:00.041436919,T,KO,F I,5,71.37
2025-12-03,9:41:00.042236689,T,KO,,100,71.37
2025-12-03,9:41:00.046206088,T,KO,I,25,71.37
2025-12-03,9:41:00.046209125,T,KO,,100,71.37
2025-12-03,9:41:00.046227136,T,KO,I,1,71.37
2025-12-03,9:41:00.046308520,T,KO,I,36,71.37
2025-12-03,9:41:00.069608352,T,KO,,100,71.37
2025-12-03,9:41:00.069608352,T,KO,,100,71.37
2025-12-03,9:41:00.069613906,T,KO,I,25,71.37
2025-12-03,9:41:00.069613906,T,KO,,100,71.37
2025-12-03,9:41:00.069613906,T,KO,,100,71.37
2025-12-03,9:41:00.555319893,T,KO,F I,10,71.38
2025-12-03,9:41:00.555319893,T,KO,F I,11,71.38
2025-12-03,9:41:00.555324700,T,KO,F,100,71.38
2025-12-03,9:41:00.555327720,T,KO,F,100,71.38
2025-12-03,9:41:00.555327720,T,KO,F,100,71.38
2025-12-03,9:41:02.046501400,T,KO,I,5,71.38
2025-12-03,9:41:02.046504333,T,KO,I,40,71.38
2025-12-03,9:41:02.046507471,T,KO,,100,71.38
2025-12-03,9:41:02.046510907,T,KO,,100,71.38
2025-12-03,9:41:02.046510907,T,KO,,100,71.38
2025-12-03,9:41:02.046513654,T,KO,,100,71.38
2025-12-03,9:41:02.046513654,T,KO,,100,71.38
2025-12-03,9:41:02.046516327,T,KO,I,37,71.38
2025-12-03,9:41:02.775714052,T,KO,F I,5,71.37
2025-12-03,9:41:02.775738085,T,KO,I,5,71.37
2025-12-03,9:41:02.775759138,T,KO,F I,85,71.37
2025-12-03,9:41:02.775765123,T,KO,F,100,71.37
2025-12-03,9:41:03.918116919,T,KO,I,10,71.37
2025-12-03,9:41:05.355603654,T,KO,,100,71.36
2025-12-03,9:41:05.355618671,T,KO,I,1,71.36
2025-12-03,9:41:05.355630727,T,KO,I,7,71.36
2025-12-03,9:41:05.355630727,T,KO,I,17,71.36
2025-12-03,9:41:05.914632018,T,KO,I,5,71.35
2025-12-03,9:41:11.894819032,T,KO,F,100,71.32
2025-12-03,9:41:11.894819032,T,KO,F I,15,71.32
2025-12-03,9:41:12.038732825,T,KO,F I,25,71.3
2025-12-03,9:41:12.038735870,T,KO,F I,6,71.3
2025-12-03,9:41:12.038739479,T,KO,F I,1,71.3
2025-12-03,9:41:12.038739479,T,KO,F I,4,71.3
2025-12-03,9:41:12.040043984,T,KO,,100,71.3
2025-12-03,9:41:14.183780719,T,KO,I,2,71.31
2025-12-03,9:41:14.183802041,T,KO,F I,98,71.31
2025-12-03,9:41:14.183804703,T,KO,F I,11,71.31
2025-12-03,9:41:14.183807764,T,KO,F I,25,71.31
2025-12-03,9:41:14.185311387,T,KO,I,2,71.31
2025-12-03,9:41:14.185311387,T,KO,I,39,71.31
2025-12-03,9:41:15.202799644,T,KO,F,100,71.3
2025-12-03,9:41:15.619496168,T,KO,I,39,71.28
2025-12-03,9:41:15.619499955,T,KO,I,40,71.28
2025-12-03,9:41:15.619502126,T,KO,I,25,71.28
2025-12-03,9:41:16.141933481,T,KO,I,55,71.28
2025-12-03,9:41:16.515365844,T,KO,F,100,71.27
2025-12-03,9:41:16.515365844,T,KO,F I,20,71.27
2025-12-03,9:41:16.655953692,T,KO,,300,71.265
2025-12-03,9:41:17.701823629,T,KO,I,50,71.265
2025-12-03,9:41:21.467861139,T,KO,F I,50,71.26
2025-12-03,9:41:21.467864118,T,KO,F,100,71.26
2025-12-03,9:41:21.467867202,T,KO,F I,40,71.26
2025-12-03,9:41:23.828062462,T,KO,,100,71.265
2025-12-03,9:41:25.009955505,T,KO,I,2,71.26
2025-12-03,9:41:25.669329863,T,KO,,100,71.25
2025-12-03,9:41:26.249378321,T,KO,F,100,71.24
2025-12-03,9:41:26.249400041,T,KO,F I,25,71.24
2025-12-03,9:41:26.249400041,T,KO,F I,34,71.24
2025-12-03,9:41:26.249402787,T,KO,I,1,71.24
2025-12-03,9:41:26.249402787,T,KO,F I,25,71.24
2025-12-03,9:41:26.249408401,T,KO,,100,71.24
2025-12-03,9:41:26.249408401,T,KO,I,25,71.24
2025-12-03,9:41:30.380253900,T,KO,,100,71.245
2025-12-03,9:41:32.536987709,T,KO,,100,71.235
2025-12-03,9:41:42.183239337,T,KO,I,25,71.27
2025-12-03,9:41:42.184153608,T,KO,I,19,71.27
2025-12-03,9:41:42.184216556,T,KO,I,14,71.27
2025-12-03,9:41:42.184367020,T,KO,I,12,71.27
2025-12-03,9:41:42.184854121,T,KO,I,23,71.27
2025-12-03,9:41:42.185530779,T,KO,,100,71.27
2025-12-03,9:41:43.001485238,T,KO,F,100,71.28
2025-12-03,9:41:44.373800599,T,KO,F I,23,71.28
2025-12-03,9:41:45.210537857,T,KO,F I,16,71.27
2025-12-03,9:41:45.210540428,T,KO,F,100,71.27
2025-12-03,9:41:45.210561683,T,KO,I,1,71.27
2025-12-03,9:41:45.210561683,T,KO,I,3,71.27
2025-12-03,9:41:56.882233663,T,KO,,100,71.23
2025-12-03,9:41:56.882233663,T,KO,I,25,71.23
2025-12-03,9:41:56.882233663,T,KO,I,75,71.23
2025-12-03,9:41:56.882255084,T,KO,I,1,71.23
2025-12-03,9:41:56.882255084,T,KO,I,83,71.23
2025-12-03,9:41:56.882257306,T,KO,I,3,71.23
2025-12-03,9:41:56.883348918,T,KO,I,25,71.22
2025-12-03,9:41:56.883351894,T,KO,I,7,71.22
2025-12-03,9:41:58.627758347,T,KO,F I,13,71.22
2025-12-03,9:41:58.627761356,T,KO,F I,2,71.22
2025-12-03,9:41:58.627764351,T,KO,F,140,71.22
2025-12-03,9:41:58.631270793,T,KO,I,14,71.21
2025-12-03,9:42:00.025848187,T,KO,,766,71.19
2025-12-03,9:42:02.438407519,T,KO,I,6,71.15
2025-12-03,9:42:02.438407519,T,KO,I,25,71.15
2025-12-03,9:42:02.438410436,T,KO,I,23,71.15
2025-12-03,9:42:02.438413233,T,KO,I,32,71.15
2025-12-03,9:42:02.438413233,T,KO,I,14,71.15
2025-12-03,9:42:03.561690645,T,KO,,100,71.145
2025-12-03,9:42:03.561690645,T,KO,,250,71.145
2025-12-03,9:42:05.069418723,T,KO,F I,7,71.14
2025-12-03,9:42:05.069421574,T,KO,F I,25,71.14
2025-12-03,9:42:05.069866636,T,KO,F I,7,71.14
2025-12-03,9:42:05.581445187,T,KO,F I,5,71.14
2025-12-03,9:42:05.699292771,T,KO,I,39,71.14
2025-12-03,9:42:05.801091325,T,KO,,200,71.15
2025-12-03,9:42:05.801094255,T,KO,F I,90,71.15
2025-12-03,9:42:05.950406616,T,KO,,100,71.16
2025-12-03,9:42:05.950406616,T,KO,,100,71.16
2025-12-03,9:42:05.950409003,T,KO,I,14,71.16
2025-12-03,9:42:05.950411965,T,KO,I,25,71.16
2025-12-03,9:42:06.042211610,T,KO,F I,10,71.17
2025-12-03,9:42:06.042214816,T,KO,F I,39,71.17
2025-12-03,9:42:06.042214816,T,KO,I,49,71.17
2025-12-03,9:42:06.352737447,T,KO,F,100,71.17
2025-12-03,9:42:06.352737447,T,KO,F I,25,71.17
2025-12-03,9:42:07.702525929,T,KO,I,46,71.18
2025-12-03,9:42:07.702546969,T,KO,F I,54,71.18
2025-12-03,9:42:07.703771060,T,KO,,100,71.185
2025-12-03,9:42:07.703774439,T,KO,I,25,71.18
2025-12-03,9:42:07.703777351,T,KO,I,2,71.18
2025-12-03,9:42:07.703777351,T,KO,I,38,71.18
2025-12-03,9:42:07.703783277,T,KO,I,7,71.18
2025-12-03,9:42:07.704056588,T,KO,I,7,71.18
2025-12-03,9:42:07.704059577,T,KO,,100,71.18
2025-12-03,9:42:07.704363479,T,KO,F I,4,71.18
2025-12-03,9:42:07.704366393,T,KO,F I,38,71.18
2025-12-03,9:42:07.704366393,T,KO,F I,38,71.18
2025-12-03,9:42:07.704612881,T,KO,,100,71.18
2025-12-03,9:42:09.420442619,T,KO,I,25,71.19
2025-12-03,9:42:09.420446190,T,KO,I,38,71.19
2025-12-03,9:42:09.420446190,T,KO,I,37,71.19
2025-12-03,9:42:09.420460626,T,KO,I,3,71.19
2025-12-03,9:42:09.420463677,T,KO,I,1,71.19
2025-12-03,9:42:09.420484700,T,KO,I,59,71.19
2025-12-03,9:42:10.414381954,T,KO,I,10,71.19
2025-12-03,9:42:12.385576703,T,KO,I,28,71.2
2025-12-03,9:42:12.385594743,T,KO,I,26,71.2
2025-12-03,9:42:13.425197779,T,KO,F I,3,71.19
2025-12-03,9:42:13.425197779,T,KO,F I,10,71.19
2025-12-03,9:42:13.434387705,T,KO,F I,5,71.18
2025-12-03,9:42:13.434868872,T,KO,F I,9,71.18
2025-12-03,9:42:16.042141632,T,KO,I,11,71.175
2025-12-03,9:42:18.127963394,T,KO,I,10,71.17
2025-12-03,9:42:25.666013845,T,KO,F I,10,71.14
2025-12-03,9:42:25.666016893,T,KO,F,100,71.14
2025-12-03,9:42:25.949023940,T,KO,F I,46,71.13
2025-12-03,9:42:25.984508356,T,KO,F I,39,71.13
2025-12-03,9:42:25.984511452,T,KO,F I,25,71.13
2025-12-03,9:42:25.984514484,T,KO,F,100,71.13
2025-12-03,9:42:26.846108549,T,KO,F,100,71.14
2025-12-03,9:42:30.724665643,T,KO,F I,39,71.14
2025-12-03,9:42:30.724665643,T,KO,F I,5,71.14
2025-12-03,9:42:30.725007981,T,KO,I,25,71.14
2025-12-03,9:42:30.725011020,T,KO,I,39,71.14
2025-12-03,9:42:30.725013999,T,KO,I,2,71.14
2025-12-03,9:42:31.900799642,T,KO,F I,2,71.14
2025-12-03,9:42:31.900817995,T,KO,I,37,71.14
2025-12-03,9:42:31.900821006,T,KO,,100,71.14
2025-12-03,9:42:31.901427879,T,KO,F I,39,71.14
2025-12-03,9:42:32.233809580,T,KO,F I,2,71.14
2025-12-03,9:42:32.233809580,T,KO,F I,39,71.14
2025-12-03,9:42:32.233812587,T,KO,F I,36,71.14
2025-12-03,9:42:32.363806078,T,KO,F I,39,71.14
2025-12-03,9:42:32.587406684,T,KO,,100,71.15
2025-12-03,9:42:32.680403217,T,KO,I,21,71.16
2025-12-03,9:42:32.680421595,T,KO,F I,79,71.16
2025-12-03,9:42:37.060250889,T,KO,F I,15,71.18
2025-12-03,9:42:38.585261167,T,KO,I,12,71.2
2025-12-03,9:42:38.794355067,T,KO,I,39,71.19
2025-12-03,9:42:38.794358186,T,KO,I,25,71.19
2025-12-03,9:42:38.794358186,T,KO,I,36,71.19
2025-12-03,9:42:40.745203486,T,KO,I,10,71.19
2025-12-03,9:42:45.373791409,T,KO,,156,71.185
2025-12-03,9:42:45.376889184,T,KO,F I,5,71.18
2025-12-03,9:42:45.376894838,T,KO,F,100,71.18
2025-12-03,9:42:45.378130830,T,KO,,100,71.18
2025-12-03,9:42:45.378130830,T,KO,I,25,71.18
2025-12-03,9:42:45.589823285,T,KO,,113,71.17
2025-12-03,9:42:45.589826348,T,KO,I,25,71.17
2025-12-03,9:42:58.985007506,T,KO,,100,71.18
2025-12-03,9:42:58.985007506,T,KO,I,25,71.18
2025-12-03,9:42:58.985010519,T,KO,I,75,71.18
2025-12-03,9:43:02.028673586,T,KO,I,2,71.18
2025-12-03,9:43:02.028676787,T,KO,I,7,71.18
2025-12-03,9:43:02.028676787,T,KO,,100,71.18
2025-12-03,9:43:05.465826886,T,KO,,100,71.19
2025-12-03,9:43:05.465838950,T,KO,I,1,71.19
2025-12-03,9:43:05.467592179,T,KO,I,35,71.19
2025-12-03,9:43:05.690979120,T,KO,F I,10,71.2
2025-12-03,9:43:05.690982950,T,KO,F I,25,71.2
2025-12-03,9:43:05.690985226,T,KO,F,200,71.2
2025-12-03,9:43:05.690985226,T,KO,F I,69,71.2
2025-12-03,9:43:05.691001000,T,KO,I,32,71.2
2025-12-03,9:43:05.691033234,T,KO,I,34,71.2
2025-12-03,9:43:05.691033234,T,KO,I,2,71.2
2025-12-03,9:43:05.691036250,T,KO,I,35,71.2
2025-12-03,9:43:05.710700083,T,KO,F I,3,71.19
2025-12-03,9:43:05.815138830,T,KO,F,100,71.18
2025-12-03,9:43:11.123186220,T,KO,I,27,71.17
2025-12-03,9:43:11.123186220,T,KO,I,1,71.17
2025-12-03,9:43:11.123210309,T,KO,F I,99,71.17
2025-12-03,9:43:11.123213890,T,KO,F,100,71.17
2025-12-03,9:43:11.123216171,T,KO,F I,6,71.17
2025-12-03,9:43:12.485328410,T,KO,I,34,71.15
2025-12-03,9:43:23.607973404,T,KO,F I,1,71.19
2025-12-03,9:43:23.608882467,T,KO,F I,36,71.19
2025-12-03,9:43:23.608882467,T,KO,F I,2,71.19
2025-12-03,9:43:23.608887589,T,KO,F I,35,71.19
2025-12-03,9:43:23.608887589,T,KO,F I,25,71.19
2025-12-03,9:43:23.658596344,T,KO,,100,71.18
2025-12-03,9:43:23.658617063,T,KO,I,3,71.18
2025-12-03,9:43:23.658617063,T,KO,I,1,71.18
2025-12-03,9:43:25.900760162,T,KO,I,2,71.18
2025-12-03,9:43:25.900802252,T,KO,I,34,71.18
2025-12-03,9:43:28.077073869,T,KO,F I,5,71.18
2025-12-03,9:43:28.077076403,T,KO,F,100,71.18
2025-12-03,9:43:30.895948121,T,KO,F I,3,71.16
2025-12-03,9:43:32.301498822,T,KO,I,4,71.16
2025-12-03,9:43:33.540088719,T,KO,I,93,71.16
2025-12-03,9:43:33.540139801,T,KO,I,13,71.15
2025-12-03,9:43:38.746560932,T,KO,F,100,71.15
2025-12-03,9:43:38.746563182,T,KO,F I,5,71.15
2025-12-03,9:43:43.619606371,T,KO,I,2,71.13
2025-12-03,9:43:44.224942200,T,KO,F I,27,71.13
2025-12-03,9:43:44.224942200,T,KO,F,100,71.13
2025-12-03,9:43:45.336323004,T,KO,F,100,71.14
2025-12-03,9:43:45.336323004,T,KO,F,100,71.14
2025-12-03,9:43:45.336338128,T,KO,F,133,71.14
2025-12-03,9:43:45.336341666,T,KO,I,1,71.14
2025-12-03,9:43:45.336344171,T,KO,I,8,71.14
2025-12-03,9:43:45.336353104,T,KO,F I,38,71.14
2025-12-03,9:43:50.032978243,T,KO,,100,71.145
2025-12-03,9:43:50.051400061,T,KO,,180,71.15
2025-12-03,9:43:50.139558037,T,KO,,123,71.155
2025-12-03,9:43:50.139594664,T,KO,I,57,71.155
2025-12-03,9:43:50.139597443,T,KO,,100,71.155
2025-12-03,9:43:50.139600759,T,KO,I,20,71.16
2025-12-03,9:43:50.139600759,T,KO,,100,71.16
2025-12-03,9:43:50.139606462,T,KO,I,3,71.16
2025-12-03,9:43:50.139606462,T,KO,I,40,71.16
2025-12-03,9:43:50.139609260,T,KO,,120,71.16
2025-12-03,9:43:50.140517429,T,KO,F I,35,71.16
2025-12-03,9:43:50.140520395,T,KO,F I,2,71.16
2025-12-03,9:43:50.274898415,T,KO,I,5,71.15
2025-12-03,9:43:53.179108022,T,KO,F,194,71.15
2025-12-03,9:43:53.179110434,T,KO,F I,35,71.15
2025-12-03,9:43:53.179113423,T,KO,F I,17,71.15
2025-12-03,9:43:53.179125465,T,KO,I,1,71.15
2025-12-03,9:43:53.179140555,T,KO,I,69,71.15
2025-12-03,9:43:53.831409099,T,KO,F,100,71.14
2025-12-03,9:43:53.831412068,T,KO,F I,22,71.14
2025-12-03,9:43:53.831415091,T,KO,F,100,71.14
2025-12-03,9:43:53.831436798,T,KO,F,100,71.14
2025-12-03,9:43:56.901057137,T,KO,I,5,71.13
2025-12-03,9:43:56.901060149,T,KO,I,25,71.13
2025-12-03,9:43:56.901060149,T,KO,I,70,71.13
2025-12-03,9:44:00.185467662,T,KO,I,50,71.13
2025-12-03,9:44:00.186351697,T,KO,F I,6,71.13
2025-12-03,9:44:00.187864360,T,KO,F,100,71.14
2025-12-03,9:44:01.136852521,T,KO,I,40,71.14
2025-12-03,9:44:01.385974840,T,KO,,100,71.155
2025-12-03,9:44:01.386254478,T,KO,F,100,71.155
2025-12-03,9:44:01.387045477,T,KO,,100,71.16
2025-12-03,9:44:01.387069540,T,KO,I,1,71.16
2025-12-03,9:44:01.388158204,T,KO,I,36,71.16
2025-12-03,9:44:01.388158204,T,KO,I,2,71.16
2025-12-03,9:44:03.116007286,T,KO,,103,71.155
2025-12-03,9:44:10.966907816,T,KO,F I,7,71.15
2025-12-03,9:44:10.966910900,T,KO,F I,5,71.15
2025-12-03,9:44:10.966913801,T,KO,F,100,71.15
2025-12-03,9:44:16.696090013,T,KO,F I,36,71.15
2025-12-03,9:44:16.840921175,T,KO,I,40,71.16
2025-12-03,9:44:16.840921175,T,KO,I,60,71.16
2025-12-03,9:44:16.840933923,T,KO,F I,30,71.16
2025-12-03,9:44:16.840933923,T,KO,F I,10,71.16
2025-12-03,9:44:17.126240595,T,KO,I,8,71.16
2025-12-03,9:44:17.155097270,T,KO,F I,5,71.16
2025-12-03,9:44:20.040252901,T,KO,F,100,71.15
2025-12-03,9:44:20.040252901,T,KO,F I,1,71.15
2025-12-03,9:44:22.184170138,T,KO,,100,71.15
2025-12-03,9:44:22.184197288,T,KO,I,11,71.15
2025-12-03,9:44:22.926202877,T,KO,I,25,71.14
2025-12-03,9:44:24.171035284,T,KO,I,1,71.14
2025-12-03,9:44:30.163807388,T,KO,F I,35,71.14
2025-12-03,9:44:30.163825459,T,KO,F I,65,71.14
2025-12-03,9:44:30.199412138,T,KO,I,46,71.13
2025-12-03,9:44:30.199415185,T,KO,,100,71.13
2025-12-03,9:44:30.200037695,T,KO,F I,20,71.12
2025-12-03,9:44:30.200037695,T,KO,F I,44,71.12
2025-12-03,9:44:30.200055685,T,KO,I,56,71.12
2025-12-03,9:44:30.200717356,T,KO,,100,71.12
2025-12-03,9:44:30.200720368,T,KO,I,25,71.12
2025-12-03,9:44:30.200846593,T,KO,I,32,71.12
2025-12-03,9:44:30.200850400,T,KO,,100,71.12
2025-12-03,9:44:30.200852629,T,KO,,100,71.12
2025-12-03,9:44:30.200856836,T,KO,,100,71.12
2025-12-03,9:44:30.201282608,T,KO,F I,32,71.12
2025-12-03,9:44:30.201285925,T,KO,F,100,71.12
2025-12-03,9:44:30.201288655,T,KO,F I,32,71.12
2025-12-03,9:44:30.201288655,T,KO,F,100,71.12
2025-12-03,9:44:30.201448091,T,KO,I,32,71.12
2025-12-03,9:44:30.201448091,T,KO,I,25,71.12
2025-12-03,9:44:30.201655856,T,KO,I,75,71.12
2025-12-03,9:44:30.201658570,T,KO,I,40,71.12
2025-12-03,9:44:30.209678622,T,KO,F I,32,71.12
2025-12-03,9:44:30.209678622,T,KO,F I,2,71.12
2025-12-03,9:44:30.209681684,T,KO,F I,66,71.12
2025-12-03,9:44:30.209696661,T,KO,I,1,71.12
2025-12-03,9:44:30.209699697,T,KO,I,33,71.12
2025-12-03,9:44:30.209946376,T,KO,I,32,71.12
2025-12-03,9:44:30.209946376,T,KO,I,4,71.12
2025-12-03,9:44:30.209946376,T,KO,I,40,71.12
2025-12-03,9:44:30.210093657,T,KO,F,100,71.12
2025-12-03,9:44:30.210096654,T,KO,F I,2,71.12
2025-12-03,9:44:30.278996699,T,KO,I,30,71.12
2025-12-03,9:44:32.142042039,T,KO,F I,2,71.12
2025-12-03,9:44:32.142048487,T,KO,F I,22,71.12
2025-12-03,9:44:32.142048487,T,KO,F I,16,71.12
2025-12-03,9:44:32.142054004,T,KO,F I,2,71.12
2025-12-03,9:44:32.142054004,T,KO,F,100,71.12
2025-12-03,9:44:32.142057082,T,KO,F I,5,71.12
2025-12-03,9:44:32.142060648,T,KO,F I,1,71.12
2025-12-03,9:44:32.142060648,T,KO,F I,52,71.12
2025-12-03,9:44:32.142120227,T,KO,F I,11,71.12
2025-12-03,9:44:36.984827119,T,KO,F I,2,71.12
2025-12-03,9:44:36.984833198,T,KO,F,128,71.12
2025-12-03,9:44:36.984848174,T,KO,I,1,71.12
2025-12-03,9:44:36.984866275,T,KO,F I,51,71.12
2025-12-03,9:44:36.984866275,T,KO,F I,40,71.12
2025-12-03,9:44:36.984870173,T,KO,F,100,71.12
2025-12-03,9:44:36.984872547,T,KO,F I,44,71.12
2025-12-03,9:44:36.984872547,T,KO,F I,1,71.12
2025-12-03,9:44:36.984875330,T,KO,F,119,71.12
2025-12-03,9:44:36.985347916,T,KO,I,15,71.12
2025-12-03,9:44:36.985350438,T,KO,I,34,71.12
2025-12-03,9:44:36.985353404,T,KO,I,51,71.12
2025-12-03,9:44:40.617975228,T,KO,,100,71.11
2025-12-03,9:44:40.617975228,T,KO,I,11,71.11
2025-12-03,9:44:41.254801980,T,KO,I,70,71.1
2025-12-03,9:44:44.190381672,T,KO,I,60,71.1
2025-12-03,9:44:44.190851443,T,KO,F I,40,71.1
2025-12-03,9:44:44.190853850,T,KO,F I,5,71.1
2025-12-03,9:44:44.190856879,T,KO,F,547,71.1
2025-12-03,9:44:44.192297237,T,KO,,100,71.1
2025-12-03,9:44:44.192300602,T,KO,I,37,71.1
2025-12-03,9:44:44.192303501,T,KO,I,17,71.1
2025-12-03,9:44:44.192303501,T,KO,I,34,71.1
2025-12-03,9:44:44.192306642,T,KO,I,1,71.1
2025-12-03,9:44:44.192309362,T,KO,I,14,71.1
2025-12-03,9:44:44.192309362,T,KO,I,25,71.1
2025-12-03,9:44:44.192321993,T,KO,I,1,71.1
2025-12-03,9:44:44.192324636,T,KO,F I,14,71.1
2025-12-03,9:44:44.192336411,T,KO,F I,36,71.1
2025-12-03,9:44:46.542827795,T,KO,I,40,71.11
2025-12-03,9:44:46.542827795,T,KO,I,25,71.11
2025-12-03,9:44:55.683265481,T,KO,F I,43,71.12
2025-12-03,9:44:55.683268530,T,KO,F I,17,71.12
2025-12-03,9:44:55.683271513,T,KO,F I,5,71.12
2025-12-03,9:44:57.426180595,T,KO,I,43,71.11
2025-12-03,9:44:57.426183591,T,KO,,100,71.11
2025-12-03,9:44:57.426186629,T,KO,I,25,71.11
2025-12-03,9:44:57.426186629,T,KO,I,80,71.11
2025-12-03,9:44:57.438808310,T,KO,I,34,71.11
2025-12-03,9:44:57.438808310,T,KO,I,2,71.11
2025-12-03,9:44:57.438810672,T,KO,I,25,71.11
2025-12-03,9:45:00.084274576,T,KO,,100,71.12
2025-12-03,9:45:00.084316613,T,KO,F I,44,71.12
2025-12-03,9:45:00.084560108,T,KO,I,2,71.11
2025-12-03,9:45:00.084563095,T,KO,I,25,71.11
2025-12-03,9:45:00.084566289,T,KO,I,5,71.11
2025-12-03,9:45:00.084566289,T,KO,I,41,71.11
2025-12-03,9:45:01.598037730,T,KO,F I,3,71.11
2025-12-03,9:45:02.502165127,T,KO,,200,71.095
2025-12-03,9:45:04.419887683,T,KO,I,8,71.1
2025-12-03,9:45:04.419892606,T,KO,I,25,71.1
2025-12-03,9:45:04.419892606,T,KO,I,3,71.1
2025-12-03,9:45:04.419901531,T,KO,F I,45,71.1
2025-12-03,9:45:06.304736727,T,KO,I,59,71.1
2025-12-03,9:45:06.304766795,T,KO,I,41,71.1
2025-12-03,9:45:09.352143678,T,KO,I,87,71.105
2025-12-03,9:45:09.352179784,T,KO,I,22,71.105
2025-12-03,9:45:10.401883948,T,KO,,100,71.105
2025-12-03,9:45:11.614747561,T,KO,F I,10,71.1
2025-12-03,9:45:12.298705579,T,KO,I,7,71.095
2025-12-03,9:45:12.684888635,T,KO,F I,44,71.09
2025-12-03,9:45:12.684892536,T,KO,F,100,71.09
2025-12-03,9:45:12.684894307,T,KO,F I,25,71.09
2025-12-03,9:45:17.751126659,T,KO,F I,80,71.09
2025-12-03,9:45:17.751129560,T,KO,F I,22,71.09
2025-12-03,9:45:17.751144699,T,KO,I,1,71.09
2025-12-03,9:45:17.751168980,T,KO,F,277,71.09
2025-12-03,9:45:17.751171726,T,KO,F,100,71.09
2025-12-03,9:45:20.291487148,T,KO,,100,71.095
2025-12-03,9:45:24.541798488,T,KO,I,2,71.09
2025-12-03,9:45:24.541798488,T,KO,I,10,71.09
2025-12-03,9:45:24.541801132,T,KO,I,1,71.09
2025-12-03,9:45:24.542652446,T,KO,,100,71.09
2025-12-03,9:45:24.542656084,T,KO,I,37,71.09
2025-12-03,9:45:24.542656084,T,KO,I,2,71.09
2025-12-03,9:45:24.542661251,T,KO,,100,71.09
2025-12-03,9:45:24.542661251,T,KO,I,25,71.09
2025-12-03,9:45:24.542664184,T,KO,,100,71.09
2025-12-03,9:45:24.542811512,T,KO,,100,71.09
2025-12-03,9:45:24.553099065,T,KO,I,37,71.09
2025-12-03,9:45:26.912296037,T,KO,F I,29,71.08
2025-12-03,9:45:26.912299201,T,KO,F I,5,71.08
2025-12-03,9:45:26.912302115,T,KO,F I,10,71.08
2025-12-03,9:45:26.912302115,T,KO,F,100,71.08
2025-12-03,9:45:26.912314063,T,KO,F,110,71.08
2025-12-03,9:45:26.912362525,T,KO,,100,71.08
2025-12-03,9:45:26.912365117,T,KO,I,10,71.08
2025-12-03,9:45:26.912521520,T,KO,I,28,71.08
2025-12-03,9:45:26.912521520,T,KO,I,72,71.08
2025-12-03,9:45:26.912638793,T,KO,I,10,71.08
2025-12-03,9:45:26.912638793,T,KO,I,5,71.08
2025-12-03,9:45:26.912849343,T,KO,I,28,71.08
2025-12-03,9:45:26.982711891,T,KO,I,23,71.08
2025-12-03,9:45:26.982714737,T,KO,I,52,71.08
2025-12-03,9:45:33.037208725,T,KO,I,5,71.08
2025-12-03,9:45:33.037431309,T,KO,F I,48,71.08
2025-12-03,9:45:33.044324448,T,KO,,100,71.07
2025-12-03,9:45:33.045210811,T,KO,,100,71.065
2025-12-03,9:45:33.047736929,T,KO,F,300,71.06
2025-12-03,9:45:33.047736929,T,KO,F,100,71.06
2025-12-03,9:45:37.695080553,T,KO,F,200,71.07
2025-12-03,9:45:37.844314169,T,KO,F,100,71.08
2025-12-03,9:45:37.844317044,T,KO,F,200,71.08
2025-12-03,9:45:38.623484691,T,KO,,100,71.085
2025-12-03,9:45:38.623488179,T,KO,,100,71.09
2025-12-03,9:45:38.623488179,T,KO,,100,71.09
2025-12-03,9:45:38.623490833,T,KO,I,25,71.09
2025-12-03,9:45:38.623490833,T,KO,,200,71.09
2025-12-03,9:45:38.651833235,T,KO,I,39,71.08
2025-12-03,9:45:38.651836205,T,KO,,100,71.08
2025-12-03,9:45:38.651854313,T,KO,F,110,71.08
2025-12-03,9:45:40.763585765,T,KO,,200,71.075
2025-12-03,9:45:41.762075015,T,KO,F,100,71.07
2025-12-03,9:45:41.763040968,T,KO,,300,71.065
2025-12-03,9:45:41.763046316,T,KO,,100,71.065
2025-12-03,9:45:41.763046316,T,KO,I,40,71.07
2025-12-03,9:45:41.763049705,T,KO,,100,71.07
2025-12-03,9:45:41.763049705,T,KO,I,2,71.07
2025-12-03,9:45:41.763053235,T,KO,I,50,71.07
2025-12-03,9:45:41.763053235,T,KO,,125,71.07
2025-12-03,9:45:41.763062049,T,KO,I,1,71.07
2025-12-03,9:45:41.965200050,T,KO,,100,71.06
2025-12-03,9:45:41.965200050,T,KO,I,5,71.06
2025-12-03,9:45:41.965218489,T,KO,I,7,71.06
2025-12-03,9:45:41.965220805,T,KO,I,1,71.06
2025-12-03,9:45:42.326795937,T,KO,F,100,71.05
2025-12-03,9:45:43.217045255,T,KO,I,30,71.04
2025-12-03,9:45:43.217072725,T,KO,F I,40,71.04
2025-12-03,9:45:45.795368199,T,KO,F I,3,71.04
2025-12-03,9:45:45.795368199,T,KO,F I,46,71.04
2025-12-03,9:45:45.795374531,T,KO,F I,72,71.04
2025-12-03,9:45:45.795374531,T,KO,F I,40,71.04
2025-12-03,9:45:45.795377978,T,KO,F,200,71.04
2025-12-03,9:45:45.795377978,T,KO,F I,45,71.04
2025-12-03,9:45:45.795383442,T,KO,F,255,71.04
2025-12-03,9:45:45.795383442,T,KO,F I,80,71.04
2025-12-03,9:45:45.796775718,T,KO,F,100,71.04
2025-12-03,9:45:45.796775718,T,KO,F I,43,71.04
2025-12-03,9:45:45.796778517,T,KO,F,100,71.04
2025-12-03,9:45:45.796781469,T,KO,F,100,71.04
2025-12-03,9:45:45.796796441,T,KO,I,7,71.04
2025-12-03,9:45:45.796799431,T,KO,I,1,71.04
2025-12-03,9:45:45.796823736,T,KO,F I,29,71.04
2025-12-03,9:45:45.796823736,T,KO,F I,63,71.04
2025-12-03,9:45:45.797199472,T,KO,I,43,71.04
2025-12-03,9:45:45.797199472,T,KO,I,74,71.04
2025-12-03,9:45:45.797203415,T,KO,I,39,71.04
2025-12-03,9:45:45.797206061,T,KO,I,54,71.04
2025-12-03,9:45:45.797206061,T,KO,I,38,71.04
2025-12-03,9:45:45.797530881,T,KO,F I,43,71.04
2025-12-03,9:45:45.797534041,T,KO,F,100,71.04
2025-12-03,9:45:45.797537349,T,KO,F,100,71.04
2025-12-03,9:45:45.797537349,T,KO,F,100,71.04
2025-12-03,9:45:45.797542273,T,KO,F I,39,71.04
2025-12-03,9:45:45.797542273,T,KO,F I,25,71.04
2025-12-03,9:45:47.542724837,T,KO,F I,8,71.03
2025-12-03,9:45:47.543079590,T,KO,I,9,71.03
2025-12-03,9:45:50.748633315,T,KO,I,4,71.01
2025-12-03,9:45:50.748651378,T,KO,F I,30,71.01
2025-12-03,9:45:50.748654314,T,KO,F,469,71.01
2025-12-03,9:45:50.749589544,T,KO,I,31,71.01
2025-12-03,9:45:50.749610574,T,KO,F I,3,71.01
2025-12-03,9:45:50.777797212,T,KO,I,14,71.01
2025-12-03,9:45:50.777797212,T,KO,,100,71.01
2025-12-03,9:45:50.777802742,T,KO,I,55,71.01
2025-12-03,9:45:50.777802742,T,KO,,100,71.01
2025-12-03,9:45:50.777808829,T,KO,,200,71.01
2025-12-03,9:45:50.777808829,T,KO,,100,71.01
2025-12-03,9:45:50.778314012,T,KO,F,120,71.02
2025-12-03,9:45:52.088664010,T,KO,I,3,71.03
2025-12-03,9:45:52.088667036,T,KO,,200,71.03
2025-12-03,9:45:52.878925129,T,KO,I,60,71.03
2025-12-03,9:45:52.878928115,T,KO,I,1,71.03
2025-12-03,9:45:54.187651473,T,KO,F I,25,71.02
2025-12-03,9:45:54.187651473,T,KO,F,100,71.02
2025-12-03,9:45:57.875479010,T,KO,F I,53,71.02
2025-12-03,9:45:57.875481395,T,KO,F I,5,71.02
2025-12-03,9:46:01.779613880,T,KO,I,3,71.01
2025-12-03,9:46:02.158546422,T,KO,F,120,71.01
2025-12-03,9:46:02.214955084,T,KO,F,100,71.01
2025-12-03,9:46:02.214955084,T,KO,F I,25,71.01
2025-12-03,9:46:02.214957704,T,KO,F I,6,71.01
2025-12-03,9:46:02.303187921,T,KO,F I,45,71.01
2025-12-03,9:46:02.303199941,T,KO,F I,90,71.01
2025-12-03,9:46:03.292754784,T,KO,,100,71.015
2025-12-03,9:46:03.977786360,T,KO,F I,39,71.01
2025-12-03,9:46:03.977801385,T,KO,F I,61,71.01
2025-12-03,9:46:05.016664670,T,KO,I,6,71.005
2025-12-03,9:46:05.204505613,T,KO,I,4,71.005
2025-12-03,9:46:05.204509996,T,KO,,1300,71.0
2025-12-03,9:46:05.206121969,T,KO,,100,71.0
2025-12-03,9:46:05.206127853,T,KO,I,45,71.0
2025-12-03,9:46:05.206127853,T,KO,I,48,71.0
2025-12-03,9:46:05.206131597,T,KO,I,25,71.0
2025-12-03,9:46:05.206131597,T,KO,,100,71.0
2025-12-03,9:46:05.206133858,T,KO,,100,71.0
2025-12-03,9:46:05.206350358,T,KO,,100,71.0
2025-12-03,9:46:05.260202707,T,KO,,100,70.995
2025-12-03,9:46:07.370923781,T,KO,F I,55,70.99
2025-12-03,9:46:07.370923781,T,KO,F I,5,70.99
2025-12-03,9:46:07.371092611,T,KO,F I,55,70.99
2025-12-03,9:46:07.371095240,T,KO,F I,5,70.99
2025-12-03,9:46:07.371269599,T,KO,F I,28,70.99
2025-12-03,9:46:08.000283842,T,KO,I,25,70.97
2025-12-03,9:46:08.000283842,T,KO,I,5,70.97
2025-12-03,9:46:08.000286779,T,KO,I,96,70.97
2025-12-03,9:46:08.000298771,T,KO,I,1,70.97
2025-12-03,9:46:08.000304830,T,KO,I,3,70.97
2025-12-03,9:46:08.000304830,T,KO,I,4,70.97
2025-12-03,9:46:10.171241382,T,KO,I,22,70.965
2025-12-03,9:46:11.796982478,T,KO,F I,3,70.97
2025-12-03,9:46:11.796988400,T,KO,F,222,70.97
2025-12-03,9:46:11.796997477,T,KO,,275,70.97
2025-12-03,9:46:11.797001213,T,KO,,200,70.97
2025-12-03,9:46:11.797003710,T,KO,I,40,70.97
2025-12-03,9:46:11.875965585,T,KO,I,8,70.975
2025-12-03,9:46:21.421284760,T,KO,,100,70.98
2025-12-03,9:46:21.623793117,T,KO,I,5,70.98
2025-12-03,9:46:22.993937445,T,KO,F I,2,70.96
2025-12-03,9:46:22.993955482,T,KO,F I,5,70.96
2025-12-03,9:46:26.462055409,T,KO,F I,1,70.95
2025-12-03,9:46:26.462058849,T,KO,F I,8,70.95
2025-12-03,9:46:26.462058849,T,KO,F,100,70.95
2025-12-03,9:46:26.462061483,T,KO,F I,5,70.95
2025-12-03,9:46:34.119647038,T,KO,F I,2,70.95
2025-12-03,9:46:34.119647038,T,KO,F,200,70.95
2025-12-03,9:46:34.119814960,T,KO,I,2,70.95
2025-12-03,9:46:34.257594453,T,KO,,100,70.96
2025-12-03,9:46:34.257597134,T,KO,I,20,70.96
2025-12-03,9:46:35.004669486,T,KO,,100,70.97
2025-12-03,9:46:35.031033230,T,KO,F,100,70.98
2025-12-03,9:46:35.475771538,T,KO,I,5,70.985
2025-12-03,9:46:37.669138410,T,KO,,100,70.985
2025-12-03,9:46:42.759088307,T,KO,I,95,70.995
2025-12-03,9:46:44.807723442,T,KO,,100,70.995
2025-12-03,9:46:49.101295651,T,KO,,100,70.995
2025-12-03,9:46:49.264864290,T,KO,,100,70.995
2025-12-03,9:46:49.981627300,T,KO,,100,70.99
2025-12-03,9:46:49.981627300,T,KO,I,5,70.99
2025-12-03,9:46:50.563708576,T,KO,F I,5,70.98
2025-12-03,9:46:50.564009391,T,KO,,100,70.98
2025-12-03,9:46:50.564009391,T,KO,I,46,70.98
2025-12-03,9:46:50.564012614,T,KO,I,25,70.98
2025-12-03,9:46:50.564012614,T,KO,,100,70.98
2025-12-03,9:46:50.564018387,T,KO,,100,70.98
2025-12-03,9:46:50.564018387,T,KO,,200,70.98
2025-12-03,9:46:50.564307064,T,KO,I,15,70.98
2025-12-03,9:46:50.564334538,T,KO,F I,85,70.98
2025-12-03,9:46:50.564334538,T,KO,F,100,70.98
2025-12-03,9:46:50.564340129,T,KO,F I,46,70.98
2025-12-03,9:46:50.564340129,T,KO,F I,46,70.98
2025-12-03,9:46:50.868105651,T,KO,,100,70.965
2025-12-03,9:46:52.010252853,T,KO,,100,70.97
2025-12-03,9:46:54.340181207,T,KO,I,5,70.96
2025-12-03,9:46:59.156286894,T,KO,,100,70.95
2025-12-03,9:47:00.084056527,T,KO,F I,1,70.94
2025-12-03,9:47:02.368856554,T,KO,F I,46,70.94
2025-12-03,9:47:02.368856554,T,KO,F,100,70.94
2025-12-03,9:47:02.368862532,T,KO,F I,15,70.94
2025-12-03,9:47:02.368862532,T,KO,F,200,70.94
2025-12-03,9:47:02.368865478,T,KO,F I,3,70.94
