DATE,TIME_M,EX,SYM_ROOT,TR_SCOND,SIZE,PRICE
2025-11-26,9:30:01.159095196,T,KO,,100,72.49
2025-11-26,9:30:01.159236522,T,KO,I,1,72.49
2025-11-26,9:30:01.159294138,T,KO,Q,100,72.49
2025-11-26,9:30:01.159299703,T,KO,I,49,72.49
2025-11-26,9:30:01.161467794,T,KO,I,97,72.5
2025-11-26,9:30:01.166856709,T,KO,F I,1,72.52
2025-11-26,9:30:01.166859692,T,KO,F I,1,72.52
2025-11-26,9:30:01.166875268,T,KO,F I,7,72.52
2025-11-26,9:30:01.166877754,T,KO,F I,14,72.52
2025-11-26,9:30:01.166901788,T,KO,F I,2,72.52
2025-11-26,9:30:01.166901788,T,KO,F I,2,72.52
2025-11-26,9:30:01.167211461,T,KO,F I,1,72.52
2025-11-26,9:30:01.167232529,T,KO,F I,2,72.52
2025-11-26,9:30:01.167259994,T,KO,F I,1,72.52
2025-11-26,9:30:01.167274636,T,KO,F I,2,72.52
2025-11-26,9:30:01.167280643,T,KO,F I,3,72.52
2025-11-26,9:30:01.167286730,T,KO,I,64,72.52
2025-11-26,9:30:01.169584157,T,KO,F I,1,72.53
2025-11-26,9:30:01.169605194,T,KO,,399,72.53
2025-11-26,9:30:01.604456459,T,KO,I,2,72.53
2025-11-26,9:30:01.604459266,T,KO,I,1,72.53
2025-11-26,9:30:01.604459266,T,KO,I,16,72.53
2025-11-26,9:30:01.604462042,T,KO,I,2,72.53
2025-11-26,9:30:01.604465593,T,KO,I,2,72.53
2025-11-26,9:30:01.604468001,T,KO,I,1,72.53
2025-11-26,9:30:01.604474087,T,KO,I,3,72.53
2025-11-26,9:30:01.604483862,T,KO,I,10,72.53
2025-11-26,9:30:01.604486131,T,KO,I,2,72.53
2025-11-26,9:30:01.604489070,T,KO,I,1,72.53
2025-11-26,9:30:01.604498506,T,KO,I,7,72.53
2025-11-26,9:30:01.604498506,T,KO,I,2,72.53
2025-11-26,9:30:01.646384881,T,KO,I,2,72.53
2025-11-26,9:30:01.646388128,T,KO,I,2,72.53
2025-11-26,9:30:01.646390855,T,KO,I,2,72.53
2025-11-26,9:30:01.646397284,T,KO,I,2,72.53
2025-11-26,9:30:01.646400174,T,KO,I,1,72.53
2025-11-26,9:30:01.646402873,T,KO,I,1,72.53
2025-11-26,9:30:01.646405881,T,KO,I,7,72.53
2025-11-26,9:30:01.646411986,T,KO,I,6,72.53
2025-11-26,9:30:01.646411986,T,KO,I,14,72.53
2025-11-26,9:30:01.646415007,T,KO,I,1,72.53
2025-11-26,9:30:01.646430047,T,KO,I,1,72.53
2025-11-26,9:30:01.646430047,T,KO,I,1,72.53
2025-11-26,9:30:02.012549011,T,KO,I,41,72.53
2025-11-26,9:30:02.109963033,T,KO,,100,72.52
2025-11-26,9:30:02.109963033,T,KO,,100,72.51
2025-11-26,9:30:02.109966074,T,KO,I,75,72.51
2025-11-26,9:30:02.109966074,T,KO,I,7,72.51
2025-11-26,9:30:02.160179655,T,KO,I,1,72.5
2025-11-26,9:30:02.628830897,T,KO,I,7,72.51
2025-11-26,9:30:02.628830897,T,KO,I,10,72.51
2025-11-26,9:30:04.066900935,T,KO,,400,72.55
2025-11-26,9:30:04.066903919,T,KO,I,96,72.55
2025-11-26,9:30:04.120732254,T,KO,I,36,72.565
2025-11-26,9:30:04.120771682,T,KO,I,47,72.565
2025-11-26,9:30:04.120771682,T,KO,I,10,72.565
2025-11-26,9:30:04.120774196,T,KO,I,18,72.565
2025-11-26,9:30:04.120777269,T,KO,,100,72.55
2025-11-26,9:30:04.120780283,T,KO,,400,72.55
2025-11-26,9:30:04.120783258,T,KO,,100,72.55
2025-11-26,9:30:05.155821945,T,KO,I,99,72.54
2025-11-26,9:30:05.155824307,T,KO,,100,72.54
2025-11-26,9:30:05.163083628,T,KO,F I,4,72.53
2025-11-26,9:30:05.163083628,T,KO,F,100,72.53
2025-11-26,9:30:05.163573789,T,KO,,100,72.53
2025-11-26,9:30:05.395949272,T,KO,I,1,72.51
2025-11-26,9:30:05.395952186,T,KO,,100,72.51
2025-11-26,9:30:05.395955248,T,KO,,100,72.51
2025-11-26,9:30:06.756786279,T,KO,,100,72.5
2025-11-26,9:30:06.756786279,T,KO,,100,72.5
2025-11-26,9:30:06.756807381,T,KO,,100,72.5
2025-11-26,9:30:06.757237379,T,KO,,100,72.5
2025-11-26,9:30:06.972923052,T,KO,I,96,72.485
2025-11-26,9:30:09.212383845,T,KO,F I,96,72.485
2025-11-26,9:30:09.232997980,T,KO,F I,96,72.49
2025-11-26,9:30:09.396801100,T,KO,F,150,72.54
2025-11-26,9:30:09.396801100,T,KO,F,350,72.55
2025-11-26,9:30:09.396816133,T,KO,I,1,72.55
2025-11-26,9:30:09.396825238,T,KO,I,1,72.55
2025-11-26,9:30:09.397201014,T,KO,I,50,72.54
2025-11-26,9:30:09.423794910,T,KO,F,100,72.53
2025-11-26,9:30:09.449991812,T,KO,F I,90,72.525
2025-11-26,9:30:09.450076146,T,KO,F I,60,72.525
2025-11-26,9:30:09.450076146,T,KO,F I,30,72.53
2025-11-26,9:30:09.469213566,T,KO,F I,60,72.525
2025-11-26,9:30:09.498792053,T,KO,F I,60,72.53
2025-11-26,9:30:09.515157024,T,KO,F I,5,72.53
2025-11-26,9:30:09.833543300,T,KO,,100,72.53
2025-11-26,9:30:10.319988066,T,KO,I,9,72.52
2025-11-26,9:30:10.805981373,T,KO,F I,33,72.53
2025-11-26,9:30:10.840611948,T,KO,I,63,72.53
2025-11-26,9:30:11.193006182,T,KO,I,20,72.545
2025-11-26,9:30:11.667157665,T,KO,F,100,72.54
2025-11-26,9:30:12.652902326,T,KO,F,100,72.54
2025-11-26,9:30:13.509624858,T,KO,F I,2,72.54
2025-11-26,9:30:13.509667160,T,KO,,100,72.54
2025-11-26,9:30:13.509669915,T,KO,,100,72.53
2025-11-26,9:30:13.509673196,T,KO,I,8,72.53
2025-11-26,9:30:13.509673196,T,KO,I,17,72.53
2025-11-26,9:30:13.509675938,T,KO,,227,72.53
2025-11-26,9:30:13.509681948,T,KO,F,100,72.53
2025-11-26,9:30:13.509688009,T,KO,I,1,72.53
2025-11-26,9:30:13.509697124,T,KO,F I,8,72.54
2025-11-26,9:30:13.509712652,T,KO,I,55,72.53
2025-11-26,9:30:13.509853385,T,KO,F I,2,72.54
2025-11-26,9:30:13.509932096,T,KO,I,8,72.53
2025-11-26,9:30:13.509934503,T,KO,,400,72.53
2025-11-26,9:30:13.510202159,T,KO,,100,72.53
2025-11-26,9:30:13.510205222,T,KO,I,8,72.53
2025-11-26,9:30:13.510454820,T,KO,I,7,72.53
2025-11-26,9:30:13.510578066,T,KO,F,100,72.53
2025-11-26,9:30:13.518050896,T,KO,,150,72.53
2025-11-26,9:30:13.518053892,T,KO,,100,72.52
2025-11-26,9:30:13.518056898,T,KO,,100,72.52
2025-11-26,9:30:13.518056898,T,KO,,250,72.52
2025-11-26,9:30:13.518077999,T,KO,I,1,72.52
2025-11-26,9:30:14.845337110,T,KO,F,100,72.52
2025-11-26,9:30:14.845617040,T,KO,,100,72.52
2025-11-26,9:30:14.845619799,T,KO,,321,72.51
2025-11-26,9:30:14.845634811,T,KO,I,79,72.51
2025-11-26,9:30:14.845637823,T,KO,I,21,72.51
2025-11-26,9:30:15.195602419,T,KO,F I,96,72.52
2025-11-26,9:30:18.098897219,T,KO,F I,96,72.54
2025-11-26,9:30:18.098954338,T,KO,F,100,72.55
2025-11-26,9:30:18.098957816,T,KO,F,154,72.55
2025-11-26,9:30:20.659147052,T,KO,F,100,72.54
2025-11-26,9:30:20.659192158,T,KO,,198,72.53
2025-11-26,9:30:20.659213524,T,KO,F,202,72.53
2025-11-26,9:30:20.659643201,T,KO,,100,72.53
2025-11-26,9:30:20.659667305,T,KO,,100,72.53
2025-11-26,9:30:20.659727458,T,KO,,100,72.53
2025-11-26,9:30:20.660043203,T,KO,F,100,72.52
2025-11-26,9:30:20.660145364,T,KO,F,100,72.52
2025-11-26,9:30:20.661324216,T,KO,,100,72.51
2025-11-26,9:30:20.661327189,T,KO,F,100,72.51
2025-11-26,9:30:21.187385298,T,KO,F I,72,72.49
2025-11-26,9:30:27.055546542,T,KO,,100,72.47
2025-11-26,9:30:27.055549739,T,KO,,100,72.47
2025-11-26,9:30:27.055567983,T,KO,I,1,72.47
2025-11-26,9:30:27.055594688,T,KO,F I,99,72.47
2025-11-26,9:30:27.056057775,T,KO,I,15,72.46
2025-11-26,9:30:27.056057775,T,KO,I,85,72.46
2025-11-26,9:30:27.056421579,T,KO,,100,72.46
2025-11-26,9:30:27.056547879,T,KO,,100,72.47
2025-11-26,9:30:27.056731478,T,KO,,100,72.47
2025-11-26,9:30:27.056734383,T,KO,,100,72.47
2025-11-26,9:30:27.057173496,T,KO,F,100,72.47
2025-11-26,9:30:27.057230545,T,KO,,100,72.47
2025-11-26,9:30:27.057230545,T,KO,,100,72.47
2025-11-26,9:30:27.081119398,T,KO,F,100,72.47
2025-11-26,9:30:27.081122405,T,KO,F,100,72.47
2025-11-26,9:30:31.282964099,T,KO,I,6,72.47
2025-11-26,9:30:31.284169993,T,KO,I,96,72.48
2025-11-26,9:30:31.284172947,T,KO,,192,72.48
2025-11-26,9:30:31.284188028,T,KO,I,1,72.48
2025-11-26,9:30:31.284206129,T,KO,I,1,72.48
2025-11-26,9:30:31.284564339,T,KO,,100,72.47
2025-11-26,9:30:31.284569943,T,KO,,100,72.47
2025-11-26,9:30:31.284584930,T,KO,I,1,72.47
2025-11-26,9:30:31.284605959,T,KO,,200,72.47
2025-11-26,9:30:35.366994043,T,KO,I,96,72.47
2025-11-26,9:30:35.367156368,T,KO,F,400,72.48
2025-11-26,9:30:39.004950572,T,KO,I,7,72.5
2025-11-26,9:30:40.944242519,T,KO,F,100,72.515
2025-11-26,9:30:47.416052664,T,KO,,100,72.51
2025-11-26,9:30:47.416058674,T,KO,I,2,72.53
2025-11-26,9:30:47.416058674,T,KO,,400,72.53
2025-11-26,9:30:47.416071064,T,KO,I,1,72.53
2025-11-26,9:30:47.416967449,T,KO,F,400,72.52
2025-11-26,9:30:47.416970390,T,KO,F,100,72.52
2025-11-26,9:30:47.416972890,T,KO,F I,26,72.52
2025-11-26,9:30:47.417078108,T,KO,,100,72.53
2025-11-26,9:30:47.417084066,T,KO,,400,72.53
2025-11-26,9:30:47.417087185,T,KO,I,92,72.53
2025-11-26,9:30:47.417219461,T,KO,,100,72.52
2025-11-26,9:30:47.417219461,T,KO,,400,72.52
2025-11-26,9:30:47.417222381,T,KO,,100,72.52
2025-11-26,9:30:47.422475969,T,KO,F,100,72.51
2025-11-26,9:30:50.582293649,T,KO,,100,72.51
2025-11-26,9:30:50.583066588,T,KO,F,100,72.51
2025-11-26,9:30:50.583277058,T,KO,,100,72.51
2025-11-26,9:30:50.583289425,T,KO,,100,72.52
2025-11-26,9:30:50.583292053,T,KO,,400,72.52
2025-11-26,9:30:50.583598726,T,KO,,100,72.52
2025-11-26,9:30:50.584440748,T,KO,,100,72.52
2025-11-26,9:30:50.604943592,T,KO,F,150,72.52
2025-11-26,9:30:50.605487976,T,KO,F,110,72.52
2025-11-26,9:30:50.605487976,T,KO,F,136,72.53
2025-11-26,9:30:50.605505980,T,KO,I,1,72.53
2025-11-26,9:30:50.606005117,T,KO,I,98,72.54
2025-11-26,9:30:59.953850077,T,KO,I,1,72.5
2025-11-26,9:30:59.953874140,T,KO,I,1,72.5
2025-11-26,9:30:59.954223059,T,KO,I,1,72.5
2025-11-26,9:31:00.212282642,T,KO,,100,72.52
2025-11-26,9:31:04.048474624,T,KO,I,90,72.56
2025-11-26,9:31:04.048477410,T,KO,I,10,72.56
2025-11-26,9:31:04.048501518,T,KO,I,2,72.56
2025-11-26,9:31:04.053150576,T,KO,F,100,72.57
2025-11-26,9:31:04.053150576,T,KO,F,300,72.58
2025-11-26,9:31:04.053168548,T,KO,I,1,72.58
2025-11-26,9:31:04.053177556,T,KO,F I,18,72.57
2025-11-26,9:31:04.054001551,T,KO,,100,72.56
2025-11-26,9:31:04.054004563,T,KO,I,18,72.57
2025-11-26,9:31:04.067562099,T,KO,F,100,72.56
2025-11-26,9:31:04.067562099,T,KO,F I,18,72.57
2025-11-26,9:31:04.067563965,T,KO,F,382,72.57
2025-11-26,9:31:04.067572881,T,KO,F I,18,72.57
2025-11-26,9:31:04.067591194,T,KO,I,1,72.57
2025-11-26,9:31:04.067606459,T,KO,I,18,72.56
2025-11-26,9:31:04.067921745,T,KO,,100,72.555
2025-11-26,9:31:04.067961033,T,KO,F,100,72.55
2025-11-26,9:31:04.067963849,T,KO,F,400,72.55
2025-11-26,9:31:04.067967467,T,KO,F,100,72.55
2025-11-26,9:31:04.067978883,T,KO,I,1,72.55
2025-11-26,9:31:04.068427586,T,KO,F,400,72.54
2025-11-26,9:31:04.068430028,T,KO,F,100,72.54
2025-11-26,9:31:04.303388510,T,KO,,100,72.54
2025-11-26,9:31:05.371400241,T,KO,F,100,72.55
2025-11-26,9:31:06.438461666,T,KO,,100,72.56
2025-11-26,9:31:13.883317241,T,KO,F I,90,72.58
2025-11-26,9:31:13.896446844,T,KO,F,100,72.59
2025-11-26,9:31:13.896449739,T,KO,F,140,72.59
2025-11-26,9:31:13.896449739,T,KO,F,160,72.6
2025-11-26,9:31:13.896464600,T,KO,I,1,72.6
2025-11-26,9:31:13.896482599,T,KO,I,1,72.6
2025-11-26,9:31:13.896581846,T,KO,F I,82,72.58
2025-11-26,9:31:13.896840514,T,KO,,100,72.6
2025-11-26,9:31:13.896840514,T,KO,I,82,72.6
2025-11-26,9:31:13.896843521,T,KO,I,56,72.6
2025-11-26,9:31:13.896915647,T,KO,F I,56,72.58
2025-11-26,9:31:13.896930649,T,KO,F,100,72.58
2025-11-26,9:31:13.896939764,T,KO,F,400,72.58
2025-11-26,9:31:13.896990787,T,KO,F,200,72.57
2025-11-26,9:31:13.897018255,T,KO,F,200,72.57
2025-11-26,9:31:13.897018255,T,KO,F,100,72.57
2025-11-26,9:31:13.897021001,T,KO,F,100,72.57
2025-11-26,9:31:13.909211905,T,KO,F I,31,72.58
2025-11-26,9:31:13.909211905,T,KO,F,100,72.58
2025-11-26,9:31:13.909215332,T,KO,F,369,72.58
2025-11-26,9:31:13.909672065,T,KO,I,33,72.58
2025-11-26,9:31:13.909672065,T,KO,I,36,72.57
2025-11-26,9:31:13.909675229,T,KO,,100,72.57
2025-11-26,9:31:13.909675229,T,KO,I,31,72.57
2025-11-26,9:31:13.909693102,T,KO,I,1,72.58
2025-11-26,9:31:13.909696145,T,KO,F I,33,72.58
2025-11-26,9:31:13.909741162,T,KO,F,369,72.57
2025-11-26,9:31:13.909745055,T,KO,F,100,72.57
2025-11-26,9:31:13.909745055,T,KO,F,100,72.57
2025-11-26,9:31:13.932854838,T,KO,F,100,72.57
2025-11-26,9:31:13.932863294,T,KO,F I,3,72.58
2025-11-26,9:31:13.932923405,T,KO,F I,18,72.57
2025-11-26,9:31:13.946040612,T,KO,F I,18,72.57
2025-11-26,9:31:13.946040612,T,KO,F,100,72.57
2025-11-26,9:31:13.946106839,T,KO,F I,3,72.57
2025-11-26,9:31:13.960084128,T,KO,F I,3,72.57
2025-11-26,9:31:13.960084128,T,KO,F I,10,72.57
2025-11-26,9:31:14.371075959,T,KO,,100,72.57
2025-11-26,9:31:14.371075959,T,KO,I,18,72.56
2025-11-26,9:31:14.371103091,T,KO,I,2,72.56
2025-11-26,9:31:17.949836619,T,KO,F I,4,72.54
2025-11-26,9:31:17.950311698,T,KO,F I,4,72.54
2025-11-26,9:31:20.026002500,T,KO,F,100,72.56
2025-11-26,9:31:20.026002500,T,KO,F,100,72.57
2025-11-26,9:31:20.026020562,T,KO,I,1,72.57
2025-11-26,9:31:23.098116454,T,KO,F,319,72.59
2025-11-26,9:31:23.098128443,T,KO,F I,81,72.59
2025-11-26,9:31:23.098131430,T,KO,F,100,72.59
2025-11-26,9:31:23.098134487,T,KO,I,1,72.59
2025-11-26,9:31:23.663462889,T,KO,F,100,72.56
2025-11-26,9:31:23.663465947,T,KO,F,400,72.55
2025-11-26,9:31:23.663478210,T,KO,I,1,72.55
2025-11-26,9:31:23.663481217,T,KO,I,99,72.55
2025-11-26,9:31:24.562303728,T,KO,F,100,72.57
2025-11-26,9:31:24.562466175,T,KO,,100,72.57
2025-11-26,9:31:30.327087794,T,KO,I,2,72.53
2025-11-26,9:31:30.444679880,T,KO,F I,19,72.54
2025-11-26,9:31:30.444697906,T,KO,,381,72.54
2025-11-26,9:31:30.444700974,T,KO,,100,72.54
2025-11-26,9:31:30.444737358,T,KO,I,25,72.53
2025-11-26,9:31:30.444821704,T,KO,,100,72.535
2025-11-26,9:31:30.444827206,T,KO,,100,72.53
2025-11-26,9:31:30.444827206,T,KO,I,31,72.53
2025-11-26,9:31:30.444845440,T,KO,I,69,72.53
2025-11-26,9:31:30.444848773,T,KO,I,1,72.53
2025-11-26,9:31:30.444851583,T,KO,I,1,72.53
2025-11-26,9:31:30.444866717,T,KO,I,20,72.53
2025-11-26,9:31:30.444866717,T,KO,F I,78,72.53
2025-11-26,9:31:30.444869335,T,KO,F I,91,72.53
2025-11-26,9:31:30.444890415,T,KO,F I,98,72.53
2025-11-26,9:31:30.444897490,T,KO,,100,72.53
2025-11-26,9:31:30.444897490,T,KO,,100,72.53
2025-11-26,9:31:30.444902589,T,KO,,100,72.53
2025-11-26,9:31:30.444902589,T,KO,F I,78,72.53
2025-11-26,9:31:30.444980665,T,KO,,100,72.53
2025-11-26,9:31:30.445167274,T,KO,F,100,72.53
2025-11-26,9:31:30.445167274,T,KO,F I,69,72.53
2025-11-26,9:31:30.473990673,T,KO,F I,43,72.54
2025-11-26,9:31:30.474023793,T,KO,I,2,72.54
2025-11-26,9:31:30.485123214,T,KO,F I,2,72.54
2025-11-26,9:31:30.497693168,T,KO,F I,1,72.54
2025-11-26,9:31:30.498318762,T,KO,F I,25,72.53
2025-11-26,9:31:30.498318762,T,KO,F,100,72.53
2025-11-26,9:31:30.508711388,T,KO,F I,6,72.53
2025-11-26,9:31:31.148443139,T,KO,F I,2,72.52
2025-11-26,9:31:31.367920889,T,KO,F I,19,72.52
2025-11-26,9:31:31.367923833,T,KO,F I,19,72.52
2025-11-26,9:31:31.367923833,T,KO,F I,62,72.52
2025-11-26,9:31:31.367942224,T,KO,F I,38,72.52
2025-11-26,9:31:31.367942224,T,KO,F,100,72.52
2025-11-26,9:31:31.763910015,T,KO,F I,12,72.53
2025-11-26,9:31:33.624056722,T,KO,F I,19,72.53
2025-11-26,9:31:33.624059354,T,KO,F,100,72.52
2025-11-26,9:31:33.624062354,T,KO,F I,81,72.52
2025-11-26,9:31:33.624074366,T,KO,I,1,72.52
2025-11-26,9:31:33.624077323,T,KO,I,18,72.52
2025-11-26,9:31:33.624089757,T,KO,I,2,72.52
2025-11-26,9:31:33.624098444,T,KO,I,19,72.52
2025-11-26,9:31:33.697978367,T,KO,F I,12,72.53
2025-11-26,9:31:33.711140734,T,KO,F I,1,72.53
2025-11-26,9:31:36.965362429,T,KO,F,400,72.52
2025-11-26,9:31:36.965810505,T,KO,,100,72.51
2025-11-26,9:31:36.965810505,T,KO,,122,72.51
2025-11-26,9:31:36.965828494,T,KO,I,1,72.515
2025-11-26,9:31:36.983570874,T,KO,F I,2,72.52
2025-11-26,9:31:36.983573716,T,KO,F I,87,72.52
2025-11-26,9:31:36.983591841,T,KO,F I,13,72.52
2025-11-26,9:31:36.984036991,T,KO,I,4,72.52
2025-11-26,9:31:36.984036991,T,KO,I,41,72.52
2025-11-26,9:31:36.984061620,T,KO,I,59,72.52
2025-11-26,9:31:36.984061620,T,KO,,100,72.52
2025-11-26,9:31:36.984063932,T,KO,I,44,72.52
2025-11-26,9:31:36.984073314,T,KO,,100,72.52
2025-11-26,9:31:36.984076615,T,KO,F I,56,72.52
2025-11-26,9:31:36.984076615,T,KO,F I,20,72.52
2025-11-26,9:31:36.984091540,T,KO,F I,83,72.52
2025-11-26,9:31:36.984093973,T,KO,F I,17,72.52
2025-11-26,9:31:36.984103395,T,KO,F I,83,72.52
2025-11-26,9:31:36.984107072,T,KO,F I,4,72.52
2025-11-26,9:31:36.984107072,T,KO,F I,4,72.52
2025-11-26,9:31:36.984112095,T,KO,F,100,72.52
2025-11-26,9:31:36.984112095,T,KO,,100,72.52
2025-11-26,9:31:36.984136082,T,KO,I,17,72.52
2025-11-26,9:31:36.984136082,T,KO,F I,83,72.52
2025-11-26,9:31:36.984572434,T,KO,I,83,72.52
2025-11-26,9:31:36.984575423,T,KO,I,4,72.52
2025-11-26,9:31:36.984575423,T,KO,I,4,72.52
2025-11-26,9:31:36.984578205,T,KO,I,42,72.52
2025-11-26,9:31:36.984939062,T,KO,I,58,72.52
2025-11-26,9:31:36.984939062,T,KO,I,20,72.52
2025-11-26,9:31:36.984942418,T,KO,I,81,72.52
2025-11-26,9:31:36.985155755,T,KO,F I,4,72.52
2025-11-26,9:31:36.985158566,T,KO,F I,4,72.52
2025-11-26,9:31:36.985556142,T,KO,,100,72.52
2025-11-26,9:31:36.985556142,T,KO,I,4,72.52
2025-11-26,9:31:36.985558542,T,KO,I,4,72.52
2025-11-26,9:31:36.996152822,T,KO,F,100,72.53
2025-11-26,9:31:36.996152822,T,KO,F I,22,72.54
2025-11-26,9:31:36.996176731,T,KO,I,3,72.54
2025-11-26,9:31:36.997533050,T,KO,F I,29,72.53
2025-11-26,9:31:36.998850116,T,KO,F,150,72.525
2025-11-26,9:31:36.998853188,T,KO,F,100,72.52
2025-11-26,9:31:36.998853188,T,KO,F,250,72.52
2025-11-26,9:31:36.998877226,T,KO,I,2,72.52
2025-11-26,9:31:37.028587926,T,KO,F I,52,72.53
2025-11-26,9:31:37.028612051,T,KO,I,2,72.53
2025-11-26,9:31:37.044144060,T,KO,F I,3,72.53
2025-11-26,9:31:37.303487808,T,KO,I,9,72.52
2025-11-26,9:31:37.303490694,T,KO,I,91,72.52
2025-11-26,9:31:37.303506322,T,KO,F I,9,72.52
2025-11-26,9:31:37.305857313,T,KO,F I,5,72.52
2025-11-26,9:31:37.320679646,T,KO,F I,1,72.52
2025-11-26,9:31:37.464632485,T,KO,,400,72.51
2025-11-26,9:31:37.464632485,T,KO,I,83,72.51
2025-11-26,9:31:37.464659590,T,KO,I,2,72.51
2025-11-26,9:31:37.488088315,T,KO,F I,31,72.51
2025-11-26,9:31:37.488395144,T,KO,I,11,72.5
2025-11-26,9:31:37.488416201,T,KO,F,389,72.5
2025-11-26,9:31:37.504287972,T,KO,F I,22,72.505
2025-11-26,9:31:37.518376481,T,KO,F I,1,72.505
2025-11-26,9:31:37.609021435,T,KO,F,400,72.49
2025-11-26,9:31:37.609021435,T,KO,F,100,72.49
2025-11-26,9:31:37.609024457,T,KO,F,100,72.49
2025-11-26,9:31:37.609027415,T,KO,F I,83,72.49
2025-11-26,9:31:37.609039483,T,KO,F I,17,72.49
2025-11-26,9:31:37.628017628,T,KO,F I,83,72.49
2025-11-26,9:31:37.644644332,T,KO,F I,4,72.49
2025-11-26,9:31:37.680279207,T,KO,F,100,72.48
2025-11-26,9:31:37.680279207,T,KO,F,100,72.48
2025-11-26,9:31:37.680282104,T,KO,F,100,72.48
2025-11-26,9:31:37.718003935,T,KO,F,100,72.48
2025-11-26,9:31:37.718575327,T,KO,F,144,72.475
2025-11-26,9:31:37.733166087,T,KO,F I,12,72.48
2025-11-26,9:31:37.746761435,T,KO,F I,1,72.48
2025-11-26,9:31:38.208403009,T,KO,F I,1,72.47
2025-11-26,9:31:38.208406468,T,KO,F,100,72.47
2025-11-26,9:31:38.208408935,T,KO,F I,29,72.47
2025-11-26,9:31:38.208408935,T,KO,F,100,72.47
2025-11-26,9:31:38.216074188,T,KO,F I,18,72.46
2025-11-26,9:31:38.216780958,T,KO,F I,2,72.46
2025-11-26,9:31:38.218167180,T,KO,F,100,72.45
2025-11-26,9:31:38.218167180,T,KO,F,100,72.45
2025-11-26,9:31:38.218173246,T,KO,F,100,72.45
2025-11-26,9:31:38.218401800,T,KO,F,100,72.45
2025-11-26,9:31:38.218422891,T,KO,I,1,72.45
2025-11-26,9:31:38.218425881,T,KO,F I,7,72.45
2025-11-26,9:31:38.219237755,T,KO,F,100,72.45
2025-11-26,9:31:38.219240760,T,KO,F,100,72.45
2025-11-26,9:31:38.219265155,T,KO,I,2,72.45
2025-11-26,9:31:38.231783607,T,KO,F I,2,72.46
2025-11-26,9:31:38.247760775,T,KO,F I,2,72.47
2025-11-26,9:31:38.247760775,T,KO,F I,22,72.47
2025-11-26,9:31:38.247820948,T,KO,F,100,72.47
2025-11-26,9:31:38.247856955,T,KO,F I,98,72.47
2025-11-26,9:31:38.262095836,T,KO,F I,24,72.47
2025-11-26,9:31:38.273087059,T,KO,F I,2,72.47
2025-11-26,9:31:38.470828990,T,KO,F,100,72.46
2025-11-26,9:31:38.473430165,T,KO,F I,5,72.465
2025-11-26,9:31:38.636643902,T,KO,F,100,72.45
2025-11-26,9:31:38.636646958,T,KO,F,400,72.45
2025-11-26,9:31:38.678422387,T,KO,F I,46,72.46
2025-11-26,9:31:38.693142491,T,KO,F I,2,72.46
2025-11-26,9:31:39.251951471,T,KO,F,150,72.47
2025-11-26,9:31:39.343272893,T,KO,F I,8,72.48
2025-11-26,9:31:40.818514574,T,KO,I,2,72.45
2025-11-26,9:31:40.845073824,T,KO,F I,1,72.46
2025-11-26,9:31:40.862978453,T,KO,F I,98,72.45
2025-11-26,9:31:40.862981437,T,KO,F I,46,72.45
2025-11-26,9:31:40.869215264,T,KO,F I,7,72.45
2025-11-26,9:31:41.059893490,T,KO,,100,72.44
2025-11-26,9:31:41.070589977,T,KO,F I,11,72.45
2025-11-26,9:31:41.070854621,T,KO,F I,6,72.45
2025-11-26,9:31:41.101822313,T,KO,F I,12,72.46
2025-11-26,9:31:41.112792415,T,KO,F I,1,72.46
2025-11-26,9:31:41.866648966,T,KO,F I,11,72.455
2025-11-26,9:31:41.879886507,T,KO,F I,1,72.455
2025-11-26,9:31:46.313204429,T,KO,F I,2,72.46
2025-11-26,9:31:50.698681449,T,KO,I,4,72.44
2025-11-26,9:31:50.698687303,T,KO,I,1,72.44
2025-11-26,9:31:50.698711406,T,KO,I,1,72.44
2025-11-26,9:31:50.698735810,T,KO,F I,36,72.44
2025-11-26,9:31:50.716357387,T,KO,F I,8,72.45
2025-11-26,9:31:50.716384522,T,KO,I,2,72.45
2025-11-26,9:31:50.757080448,T,KO,F I,1,72.45
2025-11-26,9:31:53.465577415,T,KO,,100,72.44
2025-11-26,9:31:53.471017229,T,KO,F,100,72.43
2025-11-26,9:31:53.472650106,T,KO,F,100,72.42
2025-11-26,9:31:53.472650106,T,KO,F,100,72.42
2025-11-26,9:31:53.472653142,T,KO,F I,47,72.42
2025-11-26,9:31:53.475170081,T,KO,F,100,72.425
2025-11-26,9:31:53.475979173,T,KO,F I,38,72.44
2025-11-26,9:31:53.500249859,T,KO,F I,22,72.46
2025-11-26,9:31:53.511791409,T,KO,F I,1,72.47
2025-11-26,9:31:53.918889199,T,KO,F I,65,72.45
2025-11-26,9:31:53.957684378,T,KO,F I,4,72.46
2025-11-26,9:31:53.957723460,T,KO,I,1,72.46
2025-11-26,9:31:53.971433067,T,KO,F I,1,72.47
2025-11-26,9:31:53.971778875,T,KO,I,2,72.46
2025-11-26,9:31:54.039987373,T,KO,F I,2,72.46
2025-11-26,9:31:59.789859607,T,KO,,100,72.47
2025-11-26,9:31:59.789862380,T,KO,I,10,72.47
2025-11-26,9:31:59.789862380,T,KO,I,14,72.47
2025-11-26,9:31:59.789867879,T,KO,F,124,72.47
2025-11-26,9:31:59.789876910,T,KO,I,1,72.47
2025-11-26,9:31:59.789892036,T,KO,F I,24,72.47
2025-11-26,9:31:59.789895299,T,KO,F I,75,72.47
2025-11-26,9:31:59.789898907,T,KO,F I,25,72.47
2025-11-26,9:31:59.789937010,T,KO,F I,75,72.47
2025-11-26,9:31:59.789937010,T,KO,I,50,72.47
2025-11-26,9:31:59.789970178,T,KO,F I,50,72.47
2025-11-26,9:31:59.789970178,T,KO,F I,74,72.47
2025-11-26,9:31:59.789997301,T,KO,F I,26,72.47
2025-11-26,9:31:59.790033570,T,KO,,100,72.47
2025-11-26,9:31:59.790078374,T,KO,F I,76,72.47
2025-11-26,9:31:59.790508362,T,KO,F,200,72.48
2025-11-26,9:31:59.790508362,T,KO,F,100,72.48
2025-11-26,9:31:59.790553524,T,KO,F,100,72.48
2025-11-26,9:31:59.790773058,T,KO,,100,72.48
2025-11-26,9:31:59.790776087,T,KO,F,100,72.48
2025-11-26,9:31:59.790776087,T,KO,F,100,72.48
2025-11-26,9:31:59.827535630,T,KO,F I,2,72.51
2025-11-26,9:31:59.827568712,T,KO,I,1,72.51
2025-11-26,9:31:59.827767142,T,KO,F I,37,72.5
2025-11-26,9:31:59.846631040,T,KO,F I,2,72.5
2025-11-26,9:32:00.123467376,T,KO,F I,3,72.5
2025-11-26,9:32:00.180098299,T,KO,F I,1,72.5
2025-11-26,9:32:00.180131335,T,KO,I,33,72.5
2025-11-26,9:32:00.184206162,T,KO,,100,72.51
2025-11-26,9:32:00.184209134,T,KO,I,98,72.51
2025-11-26,9:32:01.396008280,T,KO,,200,72.51
2025-11-26,9:32:01.396026820,T,KO,I,1,72.51
2025-11-26,9:32:01.396044343,T,KO,F I,99,72.51
2025-11-26,9:32:02.260964295,T,KO,F,100,72.51
2025-11-26,9:32:02.284050349,T,KO,I,5,72.505
2025-11-26,9:32:07.024898655,T,KO,F I,10,72.49
2025-11-26,9:32:07.024902103,T,KO,F,100,72.5
2025-11-26,9:32:07.046318700,T,KO,F I,12,72.51
2025-11-26,9:32:07.046348724,T,KO,I,1,72.51
2025-11-26,9:32:07.854475587,T,KO,I,87,72.51
2025-11-26,9:32:07.854478507,T,KO,,100,72.51
2025-11-26,9:32:07.854496748,T,KO,I,1,72.51
2025-11-26,9:32:07.854496748,T,KO,F I,99,72.51
2025-11-26,9:32:07.854499542,T,KO,F I,26,72.51
2025-11-26,9:32:07.854515170,T,KO,F,100,72.51
2025-11-26,9:32:07.854517700,T,KO,F I,21,72.51
2025-11-26,9:32:07.854589824,T,KO,,100,72.52
2025-11-26,9:32:07.854592765,T,KO,,400,72.52
2025-11-26,9:32:10.390776279,T,KO,I,23,72.52
2025-11-26,9:32:10.399647504,T,KO,F I,2,72.53
2025-11-26,9:32:11.085012826,T,KO,F I,2,72.52
2025-11-26,9:32:15.108015724,T,KO,F,350,72.5
2025-11-26,9:32:15.217680821,T,KO,F I,15,72.5
2025-11-26,9:32:15.715925430,T,KO,,135,72.5
2025-11-26,9:32:15.757385640,T,KO,F I,8,72.52
2025-11-26,9:32:15.757412319,T,KO,I,1,72.52
2025-11-26,9:32:15.771028720,T,KO,F I,9,72.52
2025-11-26,9:32:15.786942646,T,KO,F I,1,72.52
2025-11-26,9:32:16.952533782,T,KO,F I,80,72.51
2025-11-26,9:32:16.952533782,T,KO,F I,80,72.51
2025-11-26,9:32:16.952549135,T,KO,F I,18,72.51
2025-11-26,9:32:16.952554821,T,KO,I,80,72.51
2025-11-26,9:32:16.952557864,T,KO,F I,80,72.51
2025-11-26,9:32:16.952563953,T,KO,F I,42,72.51
2025-11-26,9:32:16.974242422,T,KO,F I,19,72.51
2025-11-26,9:32:16.987371708,T,KO,F I,1,72.51
2025-11-26,9:32:17.069392073,T,KO,F I,80,72.5
2025-11-26,9:32:17.069449245,T,KO,,165,72.5
2025-11-26,9:32:17.069464309,T,KO,F I,92,72.5
2025-11-26,9:32:17.069482247,T,KO,I,1,72.5
2025-11-26,9:32:17.069491268,T,KO,I,7,72.5
2025-11-26,9:32:17.069491268,T,KO,I,1,72.5
2025-11-26,9:32:17.069590611,T,KO,F I,8,72.5
2025-11-26,9:32:17.092508145,T,KO,F I,17,72.51
2025-11-26,9:32:17.103231792,T,KO,F I,1,72.51
2025-11-26,9:32:18.689597040,T,KO,F I,3,72.52
2025-11-26,9:32:19.795384659,T,KO,F I,33,72.51
2025-11-26,9:32:19.795406167,T,KO,F I,47,72.51
2025-11-26,9:32:19.818699222,T,KO,F I,5,72.52
2025-11-26,9:32:19.818729244,T,KO,I,73,72.52
2025-11-26,9:32:19.818732284,T,KO,,100,72.52
2025-11-26,9:32:19.818738499,T,KO,I,19,72.52
2025-11-26,9:32:19.818738499,T,KO,,100,72.52
2025-11-26,9:32:19.818741302,T,KO,,100,72.52
2025-11-26,9:32:19.818741302,T,KO,I,1,72.52
2025-11-26,9:32:19.818750368,T,KO,I,1,72.52
2025-11-26,9:32:19.818777904,T,KO,F I,99,72.52
2025-11-26,9:32:19.818777904,T,KO,F I,1,72.52
2025-11-26,9:32:19.818807492,T,KO,I,99,72.52
2025-11-26,9:32:19.818807492,T,KO,,100,72.52
2025-11-26,9:32:19.818849565,T,KO,,100,72.52
2025-11-26,9:32:19.818852676,T,KO,I,99,72.52
2025-11-26,9:32:19.818852676,T,KO,,100,72.52
2025-11-26,9:32:19.818876656,T,KO,I,99,72.52
2025-11-26,9:32:19.819009225,T,KO,I,1,72.52
2025-11-26,9:32:19.819009225,T,KO,,100,72.52
2025-11-26,9:32:19.825606646,T,KO,I,26,72.52
2025-11-26,9:32:19.825609743,T,KO,I,74,72.52
2025-11-26,9:32:19.825627759,T,KO,I,1,72.52
2025-11-26,9:32:19.825637113,T,KO,F I,25,72.52
2025-11-26,9:32:19.825639696,T,KO,F I,75,72.52
2025-11-26,9:32:19.825655460,T,KO,F I,25,72.52
2025-11-26,9:32:19.844082646,T,KO,F I,11,72.52
2025-11-26,9:32:19.844085836,T,KO,F I,5,72.52
2025-11-26,9:32:19.844085836,T,KO,F I,74,72.52
2025-11-26,9:32:19.844434501,T,KO,I,26,72.52
2025-11-26,9:32:19.845763642,T,KO,,103,72.52
2025-11-26,9:32:19.847080851,T,KO,,100,72.52
2025-11-26,9:32:19.854279977,T,KO,F I,26,72.52
2025-11-26,9:32:19.866173312,T,KO,F I,2,72.52
2025-11-26,9:32:22.964392507,T,KO,F I,22,72.52
2025-11-26,9:32:22.990717229,T,KO,F I,1,72.52
2025-11-26,9:32:23.526563563,T,KO,F I,90,72.51
2025-11-26,9:32:23.526581539,T,KO,I,1,72.51
2025-11-26,9:32:23.527579895,T,KO,F,100,72.51
2025-11-26,9:32:23.539085226,T,KO,F I,26,72.52
2025-11-26,9:32:23.541701558,T,KO,F I,11,72.52
2025-11-26,9:32:23.554788667,T,KO,F I,1,72.52
2025-11-26,9:32:24.628739942,T,KO,I,62,72.52
2025-11-26,9:32:24.628743330,T,KO,,100,72.52
2025-11-26,9:32:24.628757720,T,KO,I,1,72.52
2025-11-26,9:32:24.628776694,T,KO,F I,99,72.52
2025-11-26,9:32:24.628778935,T,KO,F I,1,72.52
2025-11-26,9:32:24.628808757,T,KO,I,99,72.52
2025-11-26,9:32:24.628814761,T,KO,F I,99,72.52
2025-11-26,9:32:24.628826752,T,KO,I,99,72.52
2025-11-26,9:32:24.629205637,T,KO,I,1,72.52
2025-11-26,9:32:24.629208649,T,KO,,119,72.52
2025-11-26,9:32:24.629554484,T,KO,I,81,72.52
2025-11-26,9:32:24.629554484,T,KO,I,39,72.52
2025-11-26,9:32:24.650147543,T,KO,F I,46,72.52
2025-11-26,9:32:24.650174659,T,KO,I,15,72.52
2025-11-26,9:32:24.651594040,T,KO,,100,72.52
2025-11-26,9:32:24.651594040,T,KO,I,26,72.52
2025-11-26,9:32:24.651596955,T,KO,I,12,72.52
2025-11-26,9:32:24.667769547,T,KO,F I,10,72.53
2025-11-26,9:32:24.676466288,T,KO,F I,1,72.53
2025-11-26,9:32:25.772095792,T,KO,I,89,72.53
2025-11-26,9:32:25.772095792,T,KO,,100,72.53
2025-11-26,9:32:25.772113789,T,KO,I,1,72.53
2025-11-26,9:32:25.787549557,T,KO,F I,26,72.53
2025-11-26,9:32:25.799349683,T,KO,F I,1,72.53
2025-11-26,9:32:25.802261253,T,KO,I,74,72.52
2025-11-26,9:32:25.802287636,T,KO,F,326,72.52
2025-11-26,9:32:25.802287636,T,KO,F,100,72.52
2025-11-26,9:32:27.895705577,T,KO,,100,72.52
2025-11-26,9:32:27.895949179,T,KO,F,100,72.52
2025-11-26,9:32:27.895988315,T,KO,,100,72.52
2025-11-26,9:32:27.896048422,T,KO,I,30,72.52
2025-11-26,9:32:27.911577369,T,KO,F I,49,72.53
2025-11-26,9:32:27.921573183,T,KO,F I,3,72.53
2025-11-26,9:32:27.928805422,T,KO,I,20,72.53
2025-11-26,9:32:27.928808454,T,KO,I,98,72.53
2025-11-26,9:32:27.933093648,T,KO,F I,26,72.53
2025-11-26,9:32:27.943474380,T,KO,F I,2,72.53
2025-11-26,9:32:32.921615189,T,KO,I,16,72.48
2025-11-26,9:32:32.921615189,T,KO,I,13,72.48
2025-11-26,9:32:32.921621045,T,KO,I,50,72.48
2025-11-26,9:32:32.921783410,T,KO,I,50,72.48
2025-11-26,9:32:33.377572957,T,KO,F I,50,72.49
2025-11-26,9:32:37.305910316,T,KO,F I,10,72.5
2025-11-26,9:32:37.305946302,T,KO,I,1,72.5
2025-11-26,9:32:37.854317372,T,KO,,100,72.48
2025-11-26,9:32:40.760168260,T,KO,F,100,72.48
2025-11-26,9:32:40.760171242,T,KO,F,100,72.48
2025-11-26,9:32:40.760174295,T,KO,F I,50,72.48
2025-11-26,9:32:40.760189301,T,KO,I,1,72.48
2025-11-26,9:32:40.760196182,T,KO,F I,99,72.48
2025-11-26,9:32:40.760199264,T,KO,F I,29,72.48
2025-11-26,9:32:40.760210303,T,KO,I,71,72.48
2025-11-26,9:32:40.760210303,T,KO,I,29,72.48
2025-11-26,9:32:40.760252479,T,KO,F I,21,72.48
2025-11-26,9:32:40.760255412,T,KO,F,100,72.48
2025-11-26,9:32:40.760279502,T,KO,I,50,72.48
2025-11-26,9:32:40.760471975,T,KO,,100,72.48
2025-11-26,9:32:40.777327076,T,KO,F I,1,72.48
2025-11-26,9:32:40.789867009,T,KO,F I,3,72.49
2025-11-26,9:32:40.833185143,T,KO,I,10,72.49
2025-11-26,9:32:40.833185143,T,KO,,100,72.49
2025-11-26,9:32:40.835581823,T,KO,I,5,72.49
2025-11-26,9:32:40.858129508,T,KO,I,1,72.49
2025-11-26,9:32:42.499540917,T,KO,F I,5,72.49
2025-11-26,9:32:42.499570949,T,KO,I,1,72.49
2025-11-26,9:32:44.214751071,T,KO,F I,7,72.47
2025-11-26,9:32:44.718640190,T,KO,F I,5,72.46
2025-11-26,9:32:44.718643198,T,KO,F,100,72.46
2025-11-26,9:32:44.742754801,T,KO,F I,4,72.46
2025-11-26,9:32:44.742754801,T,KO,F I,8,72.46
2025-11-26,9:32:44.742818240,T,KO,I,42,72.46
2025-11-26,9:32:44.742818240,T,KO,,100,72.46
2025-11-26,9:32:44.742841809,T,KO,I,1,72.46
2025-11-26,9:32:44.743262831,T,KO,I,99,72.46
2025-11-26,9:32:44.743262831,T,KO,,100,72.46
2025-11-26,9:32:44.754073619,T,KO,F I,25,72.46
2025-11-26,9:32:44.766709698,T,KO,F I,1,72.46
2025-11-26,9:32:47.389490459,T,KO,F I,1,72.46
2025-11-26,9:32:47.595944212,T,KO,F I,5,72.46
2025-11-26,9:32:47.595962207,T,KO,F I,95,72.46
2025-11-26,9:32:47.609461384,T,KO,F I,10,72.47
2025-11-26,9:32:47.620341291,T,KO,F I,1,72.47
2025-11-26,9:32:51.682960330,T,KO,F I,1,72.46
2025-11-26,9:32:51.682978374,T,KO,F I,1,72.46
2025-11-26,9:32:51.682987363,T,KO,F I,1,72.46
2025-11-26,9:32:51.682990461,T,KO,F I,1,72.46
2025-11-26,9:32:51.682993353,T,KO,F I,1,72.46
2025-11-26,9:32:51.682996985,T,KO,F I,1,72.46
2025-11-26,9:32:51.683003306,T,KO,F I,1,72.46
2025-11-26,9:32:51.683005771,T,KO,F I,1,72.46
2025-11-26,9:32:51.683020478,T,KO,,100,72.46
2025-11-26,9:32:51.683023444,T,KO,I,50,72.46
2025-11-26,9:32:51.683038466,T,KO,I,1,72.46
2025-11-26,9:32:51.711907277,T,KO,F I,16,72.46
2025-11-26,9:32:51.711937296,T,KO,I,1,72.46
2025-11-26,9:32:51.726870871,T,KO,F I,1,72.46
2025-11-26,9:32:54.360886458,T,KO,F I,5,72.45
2025-11-26,9:32:54.360919539,T,KO,I,1,72.45
2025-11-26,9:32:54.509840253,T,KO,F I,15,72.45
2025-11-26,9:32:54.535825105,T,KO,F I,1,72.45
2025-11-26,9:32:55.091223937,T,KO,F I,28,72.45
2025-11-26,9:32:55.091223937,T,KO,F I,22,72.46
2025-11-26,9:32:55.093217610,T,KO,F I,3,72.46
2025-11-26,9:32:55.106488393,T,KO,F,100,72.455
2025-11-26,9:32:55.106491200,T,KO,F,100,72.45
2025-11-26,9:32:55.106491200,T,KO,F,100,72.45
2025-11-26,9:32:55.106509923,T,KO,I,1,72.45
2025-11-26,9:32:55.106518309,T,KO,F I,99,72.45
2025-11-26,9:32:55.106521293,T,KO,F I,1,72.45
2025-11-26,9:32:55.106524315,T,KO,F,100,72.45
2025-11-26,9:32:55.106527290,T,KO,I,2,72.45
2025-11-26,9:32:55.118968051,T,KO,F I,25,72.46
2025-11-26,9:32:55.147403633,T,KO,F I,1,72.46
2025-11-26,9:32:55.147430743,T,KO,I,2,72.46
2025-11-26,9:32:55.160298361,T,KO,F I,1,72.46
2025-11-26,9:32:58.857875201,T,KO,F,100,72.45
2025-11-26,9:32:58.857875201,T,KO,F,100,72.45
2025-11-26,9:32:58.857878034,T,KO,F,100,72.45
2025-11-26,9:32:58.873437099,T,KO,F I,58,72.44
2025-11-26,9:32:58.873497125,T,KO,I,42,72.44
2025-11-26,9:32:58.873500190,T,KO,I,2,72.44
2025-11-26,9:32:58.890592958,T,KO,F I,8,72.45
2025-11-26,9:32:58.890620383,T,KO,I,1,72.45
2025-11-26,9:32:58.916322265,T,KO,F I,5,72.46
2025-11-26,9:32:58.978179527,T,KO,F,100,72.44
2025-11-26,9:32:58.978200590,T,KO,I,1,72.44
2025-11-26,9:33:01.673399885,T,KO,,100,72.435
2025-11-26,9:33:01.710090222,T,KO,,150,72.435
2025-11-26,9:33:05.320582201,T,KO,,150,72.435
2025-11-26,9:33:07.829857563,T,KO,F I,50,72.43
2025-11-26,9:33:07.918617019,T,KO,F,400,72.42
2025-11-26,9:33:07.918620048,T,KO,F,100,72.42
2025-11-26,9:33:07.919473988,T,KO,I,1,72.42
2025-11-26,9:33:08.946970740,T,KO,I,10,72.43
2025-11-26,9:33:08.946973189,T,KO,I,45,72.43
2025-11-26,9:33:09.670749088,T,KO,F I,50,72.43
2025-11-26,9:33:11.835851738,T,KO,F,100,72.41
2025-11-26,9:33:11.835885223,T,KO,I,1,72.41
2025-11-26,9:33:11.835887743,T,KO,,100,72.41
2025-11-26,9:33:12.606178365,T,KO,,100,72.425
2025-11-26,9:33:12.606181384,T,KO,,100,72.42
2025-11-26,9:33:12.606202410,T,KO,,100,72.42
2025-11-26,9:33:12.606202410,T,KO,I,90,72.42
2025-11-26,9:33:12.606518210,T,KO,I,29,72.42
2025-11-26,9:33:12.606704656,T,KO,F,100,72.42
2025-11-26,9:33:12.606728638,T,KO,I,1,72.42
2025-11-26,9:33:12.607270025,T,KO,F I,1,72.42
2025-11-26,9:33:12.607315105,T,KO,F,100,72.42
2025-11-26,9:33:12.910909177,T,KO,F,100,72.41
2025-11-26,9:33:15.360302885,T,KO,I,50,72.415
2025-11-26,9:33:15.360317922,T,KO,F I,24,72.42
2025-11-26,9:33:15.360326984,T,KO,F I,50,72.42
2025-11-26,9:33:15.410284934,T,KO,F I,94,72.41
2025-11-26,9:33:15.410287990,T,KO,F,100,72.41
2025-11-26,9:33:15.410290974,T,KO,F,100,72.41
2025-11-26,9:33:16.001550137,T,KO,F,107,72.42
2025-11-26,9:33:16.001550137,T,KO,F I,94,72.42
2025-11-26,9:33:16.001592238,T,KO,I,5,72.43
2025-11-26,9:33:17.375624822,T,KO,F I,10,72.44
2025-11-26,9:33:17.375628018,T,KO,F I,3,72.44
2025-11-26,9:33:17.375631459,T,KO,F I,93,72.44
2025-11-26,9:33:17.375645903,T,KO,F,107,72.44
2025-11-26,9:33:19.642330490,T,KO,I,10,72.45
2025-11-26,9:33:19.642333683,T,KO,I,2,72.45
2025-11-26,9:33:19.642336563,T,KO,I,41,72.45
2025-11-26,9:33:19.642348519,T,KO,F I,4,72.45
2025-11-26,9:33:23.251003364,T,KO,I,55,72.44
2025-11-26,9:33:23.251027484,T,KO,F,100,72.44
2025-11-26,9:33:23.251030423,T,KO,F I,1,72.44
2025-11-26,9:33:32.261928932,T,KO,,100,72.44
2025-11-26,9:33:32.261931981,T,KO,,100,72.44
2025-11-26,9:33:32.261934923,T,KO,I,25,72.44
2025-11-26,9:33:32.261934923,T,KO,,400,72.44
2025-11-26,9:33:32.262701839,T,KO,F I,32,72.46
2025-11-26,9:33:35.455198351,T,KO,F I,70,72.46
2025-11-26,9:33:37.801527620,T,KO,F,100,72.42
2025-11-26,9:33:37.801548745,T,KO,I,1,72.42
2025-11-26,9:33:37.801870486,T,KO,,100,72.42
2025-11-26,9:33:51.139449848,T,KO,F,100,72.41
2025-11-26,9:33:51.139471014,T,KO,I,1,72.41
2025-11-26,9:33:51.139474887,T,KO,I,64,72.41
2025-11-26,9:33:51.141287333,T,KO,,100,72.41
2025-11-26,9:33:51.141326465,T,KO,I,93,72.42
2025-11-26,9:33:51.141329625,T,KO,I,1,72.42
2025-11-26,9:33:51.141353421,T,KO,F I,99,72.42
2025-11-26,9:33:51.141357324,T,KO,F I,68,72.42
2025-11-26,9:33:51.141362457,T,KO,F I,52,72.42
2025-11-26,9:33:51.141362457,T,KO,F,100,72.42
2025-11-26,9:33:51.141365842,T,KO,F,400,72.42
2025-11-26,9:33:51.141365842,T,KO,F,100,72.42
2025-11-26,9:33:51.158581417,T,KO,,150,72.42
2025-11-26,9:33:51.158581417,T,KO,I,52,72.41
2025-11-26,9:33:51.166538473,T,KO,I,1,72.42
2025-11-26,9:33:51.341541099,T,KO,F I,21,72.43
2025-11-26,9:33:51.341546218,T,KO,F,100,72.43
2025-11-26,9:33:53.070108282,T,KO,F,200,72.44
2025-11-26,9:33:53.070111186,T,KO,F I,36,72.44
2025-11-26,9:33:53.070114241,T,KO,F I,64,72.44
2025-11-26,9:34:00.129797505,T,KO,F,200,72.46
2025-11-26,9:34:00.129812542,T,KO,F I,43,72.46
2025-11-26,9:34:00.129818948,T,KO,I,1,72.46
2025-11-26,9:34:00.129836587,T,KO,F,156,72.46
2025-11-26,9:34:00.129839606,T,KO,F I,1,72.46
2025-11-26,9:34:00.129861158,T,KO,F I,1,72.46
2025-11-26,9:34:00.129863721,T,KO,F I,1,72.46
2025-11-26,9:34:00.129875931,T,KO,I,10,72.46
2025-11-26,9:34:00.129899782,T,KO,I,87,72.46
2025-11-26,9:34:00.229015939,T,KO,F,200,72.48
2025-11-26,9:34:00.231018659,T,KO,I,10,72.48
2025-11-26,9:34:00.252486731,T,KO,F I,31,72.48
2025-11-26,9:34:00.379933657,T,KO,F I,95,72.47
2025-11-26,9:34:00.379933657,T,KO,F I,93,72.47
2025-11-26,9:34:00.379936715,T,KO,F,160,72.47
2025-11-26,9:34:00.806520291,T,KO,F I,21,72.48
2025-11-26,9:34:00.951146811,T,KO,F I,1,72.48
2025-11-26,9:34:01.237377542,T,KO,F I,40,72.47
2025-11-26,9:34:02.002207048,T,KO,,100,72.47
2025-11-26,9:34:03.122916349,T,KO,F I,8,72.47
2025-11-26,9:34:03.122946414,T,KO,I,1,72.47
2025-11-26,9:34:03.160785505,T,KO,F I,11,72.47
2025-11-26,9:34:03.639210014,T,KO,,100,72.47
2025-11-26,9:34:03.651737776,T,KO,F I,5,72.47
2025-11-26,9:34:03.666839750,T,KO,F I,1,72.475
2025-11-26,9:34:04.871328556,T,KO,F I,9,72.5
2025-11-26,9:34:04.871328556,T,KO,F I,10,72.5
2025-11-26,9:34:05.428468485,T,KO,F,100,72.49
2025-11-26,9:34:06.381272800,T,KO,F I,6,72.5
2025-11-26,9:34:06.768700488,T,KO,F,100,72.49
2025-11-26,9:34:07.497561489,T,KO,F I,20,72.5
2025-11-26,9:34:07.510612607,T,KO,F,100,72.5
2025-11-26,9:34:07.519667133,T,KO,F I,15,72.5
2025-11-26,9:34:07.531611533,T,KO,F I,1,72.5
2025-11-26,9:34:08.350633229,T,KO,F I,1,72.5
2025-11-26,9:34:08.882284507,T,KO,,100,72.49
2025-11-26,9:34:08.889089657,T,KO,F I,6,72.49
2025-11-26,9:34:09.185725241,T,KO,F I,5,72.5
2025-11-26,9:34:09.185755362,T,KO,I,1,72.5
2025-11-26,9:34:13.290892740,T,KO,F,100,72.49
2025-11-26,9:34:14.501621120,T,KO,F I,10,72.5
2025-11-26,9:34:15.257603742,T,KO,F,394,72.49
2025-11-26,9:34:15.257624864,T,KO,I,1,72.49
2025-11-26,9:34:15.257639830,T,KO,F I,5,72.49
2025-11-26,9:34:15.257639830,T,KO,F I,20,72.49
2025-11-26,9:34:15.257687873,T,KO,F I,25,72.49
2025-11-26,9:34:15.257709151,T,KO,F I,75,72.49
2025-11-26,9:34:15.506669918,T,KO,F,100,72.48
2025-11-26,9:34:15.506669918,T,KO,F,100,72.48
2025-11-26,9:34:15.515738617,T,KO,F I,20,72.49
2025-11-26,9:34:15.515777633,T,KO,I,1,72.49
2025-11-26,9:34:15.535489504,T,KO,F I,39,72.49
2025-11-26,9:34:15.552516158,T,KO,F I,2,72.49
2025-11-26,9:34:15.741113332,T,KO,F I,27,72.49
2025-11-26,9:34:15.747265977,T,KO,F I,1,72.5
2025-11-26,9:34:18.734499799,T,KO,F I,7,72.49
2025-11-26,9:34:19.013450112,T,KO,F,100,72.48
2025-11-26,9:34:19.746680449,T,KO,F I,79,72.48
2025-11-26,9:34:20.265921149,T,KO,F,100,72.47
2025-11-26,9:34:20.265921149,T,KO,F,100,72.47
2025-11-26,9:34:20.282758215,T,KO,F I,40,72.48
2025-11-26,9:34:20.282782273,T,KO,F I,60,72.48
2025-11-26,9:34:20.282782273,T,KO,F I,95,72.48
2025-11-26,9:34:20.870719279,T,KO,F I,20,72.485
2025-11-26,9:34:20.870721957,T,KO,F I,85,72.48
2025-11-26,9:34:20.870721957,T,KO,F I,64,72.48
2025-11-26,9:34:20.870733885,T,KO,F I,54,72.48
2025-11-26,9:34:20.870733885,T,KO,F,100,72.48
2025-11-26,9:34:20.870736620,T,KO,F I,2,72.48
2025-11-26,9:34:20.870739622,T,KO,F I,2,72.48
2025-11-26,9:34:20.871837334,T,KO,F I,16,72.48
2025-11-26,9:34:20.871837334,T,KO,F,121,72.48
2025-11-26,9:34:20.871840189,T,KO,F,400,72.48
2025-11-26,9:34:20.871843256,T,KO,F,100,72.48
2025-11-26,9:34:20.872146923,T,KO,F,100,72.48
2025-11-26,9:34:21.759193612,T,KO,F I,1,72.49
2025-11-26,9:34:21.763734559,T,KO,F,100,72.49
2025-11-26,9:34:21.763734559,T,KO,F I,72,72.49
2025-11-26,9:34:21.763752461,T,KO,F I,28,72.49
2025-11-26,9:34:21.772972411,T,KO,F I,15,72.5
2025-11-26,9:34:22.373734255,T,KO,F I,20,72.49
2025-11-26,9:34:22.382662714,T,KO,F,100,72.48
2025-11-26,9:34:22.382662714,T,KO,F,400,72.48
2025-11-26,9:34:22.382665692,T,KO,F I,75,72.48
2025-11-26,9:34:22.382683658,T,KO,I,1,72.48
2025-11-26,9:34:25.595899578,T,KO,F,100,72.475
2025-11-26,9:34:28.403166790,T,KO,F I,21,72.48
2025-11-26,9:34:28.437806299,T,KO,F I,21,72.5
2025-11-26,9:34:29.347075831,T,KO,F I,57,72.505
2025-11-26,9:34:32.758175147,T,KO,F I,40,72.48
2025-11-26,9:34:32.759209670,T,KO,I,78,72.47
2025-11-26,9:34:32.795012891,T,KO,F I,25,72.48
2025-11-26,9:34:32.811540329,T,KO,F I,2,72.48
2025-11-26,9:34:34.348389655,T,KO,F I,10,72.48
2025-11-26,9:34:34.777800529,T,KO,I,34,72.48
2025-11-26,9:34:34.802997536,T,KO,F I,2,72.5
2025-11-26,9:34:35.470289736,T,KO,F I,5,72.5
2025-11-26,9:34:35.485821731,T,KO,F I,1,72.5
2025-11-26,9:34:38.030136515,T,KO,F I,5,72.5
2025-11-26,9:34:38.030494398,T,KO,I,39,72.5
2025-11-26,9:34:38.044928742,T,KO,,100,72.5
2025-11-26,9:34:38.044931753,T,KO,,100,72.5
2025-11-26,9:34:38.046681912,T,KO,F I,12,72.51
2025-11-26,9:34:38.094279404,T,KO,F,100,72.5
2025-11-26,9:34:41.260075365,T,KO,F I,5,72.485
2025-11-26,9:34:46.937317905,T,KO,F I,22,72.47
2025-11-26,9:34:46.937317905,T,KO,F,146,72.47
2025-11-26,9:34:46.946324348,T,KO,I,54,72.47
2025-11-26,9:34:46.957643358,T,KO,F I,9,72.47
2025-11-26,9:34:46.983925846,T,KO,F I,1,72.47
2025-11-26,9:34:47.496153926,T,KO,I,33,72.46
2025-11-26,9:34:47.496177929,T,KO,F I,67,72.46
2025-11-26,9:34:47.496177929,T,KO,F,100,72.46
2025-11-26,9:34:47.496192969,T,KO,F,100,72.46
2025-11-26,9:34:47.517363443,T,KO,F I,22,72.46
2025-11-26,9:34:47.663093482,T,KO,F I,1,72.46
2025-11-26,9:35:02.745978710,T,KO,F I,50,72.47
2025-11-26,9:35:02.747948393,T,KO,F,100,72.48
2025-11-26,9:35:02.747966578,T,KO,I,1,72.48
2025-11-26,9:35:02.748273134,T,KO,I,99,72.48
2025-11-26,9:35:02.748276183,T,KO,I,1,72.48
2025-11-26,9:35:02.750408316,T,KO,F I,89,72.48
2025-11-26,9:35:02.781075353,T,KO,F I,10,72.48
2025-11-26,9:35:02.781078324,T,KO,F I,34,72.48
2025-11-26,9:35:02.781511523,T,KO,I,66,72.48
2025-11-26,9:35:03.680598745,T,KO,F I,1,72.495
2025-11-26,9:35:03.908797582,T,KO,F I,1,72.5
2025-11-26,9:35:03.908797582,T,KO,F I,90,72.5
2025-11-26,9:35:03.952704814,T,KO,F I,17,72.505
2025-11-26,9:35:03.964189180,T,KO,F I,1,72.505
2025-11-26,9:35:04.259534648,T,KO,F I,82,72.505
2025-11-26,9:35:04.259534648,T,KO,F I,18,72.51
2025-11-26,9:35:04.274029294,T,KO,F,100,72.505
2025-11-26,9:35:04.274032105,T,KO,F I,82,72.51
2025-11-26,9:35:04.274032105,T,KO,F I,6,72.51
2025-11-26,9:35:04.274035770,T,KO,F,100,72.51
2025-11-26,9:35:04.274035770,T,KO,F,212,72.51
2025-11-26,9:35:04.276434862,T,KO,F I,88,72.51
2025-11-26,9:35:04.276434862,T,KO,F I,17,72.51
2025-11-26,9:35:04.290697878,T,KO,F I,5,72.505
2025-11-26,9:35:10.082946965,T,KO,F,100,72.49
2025-11-26,9:35:10.082949362,T,KO,F,100,72.48
2025-11-26,9:35:10.082952333,T,KO,F I,98,72.48
2025-11-26,9:35:10.082964469,T,KO,I,1,72.48
2025-11-26,9:35:10.083078741,T,KO,I,21,72.48
2025-11-26,9:35:10.087354888,T,KO,F I,36,72.49
2025-11-26,9:35:10.087376026,T,KO,I,64,72.49
2025-11-26,9:35:10.087376026,T,KO,I,3,72.49
2025-11-26,9:35:11.157540901,T,KO,F,400,72.48
2025-11-26,9:35:11.157544347,T,KO,F,100,72.48
2025-11-26,9:35:11.157547401,T,KO,F I,14,72.48
2025-11-26,9:35:11.157958819,T,KO,F,100,72.47
2025-11-26,9:35:11.199479375,T,KO,F,400,72.45
2025-11-26,9:35:11.199482046,T,KO,F,200,72.45
2025-11-26,9:35:11.199484668,T,KO,F,100,72.45
2025-11-26,9:35:11.199484668,T,KO,F I,25,72.45
2025-11-26,9:35:11.199550894,T,KO,F,100,72.45
2025-11-26,9:35:11.200055985,T,KO,,100,72.44
2025-11-26,9:35:11.200116178,T,KO,,100,72.44
2025-11-26,9:35:11.200209372,T,KO,,100,72.44
2025-11-26,9:35:11.200239446,T,KO,F I,60,72.44
2025-11-26,9:35:11.200953313,T,KO,,100,72.44
2025-11-26,9:35:11.200955185,T,KO,I,1,72.44
2025-11-26,9:35:11.201547553,T,KO,,100,72.44
2025-11-26,9:35:11.201551048,T,KO,I,2,72.44
2025-11-26,9:35:11.201551048,T,KO,I,80,72.44
2025-11-26,9:35:11.201839270,T,KO,,100,72.44
2025-11-26,9:35:11.201842613,T,KO,,100,72.44
2025-11-26,9:35:11.201842613,T,KO,,100,72.44
2025-11-26,9:35:18.116051025,T,KO,I,5,72.44
2025-11-26,9:35:18.116051025,T,KO,I,10,72.44
2025-11-26,9:35:22.434059331,T,KO,F I,7,72.43
2025-11-26,9:35:22.437698011,T,KO,F,100,72.425
2025-11-26,9:35:22.437758154,T,KO,F,100,72.44
2025-11-26,9:35:22.437758154,T,KO,F I,68,72.44
2025-11-26,9:35:22.437764181,T,KO,F I,62,72.44
2025-11-26,9:35:22.437764181,T,KO,F I,22,72.44
2025-11-26,9:35:22.577943253,T,KO,I,68,72.43
2025-11-26,9:35:22.577946009,T,KO,I,62,72.43
2025-11-26,9:35:22.577946009,T,KO,,100,72.43
2025-11-26,9:35:22.577948973,T,KO,,100,72.43
2025-11-26,9:35:22.577958056,T,KO,I,1,72.43
2025-11-26,9:35:22.578590055,T,KO,I,30,72.42
2025-11-26,9:35:22.578592975,T,KO,,100,72.42
2025-11-26,9:35:22.578592975,T,KO,I,24,72.42
2025-11-26,9:35:22.580144199,T,KO,I,99,72.43
2025-11-26,9:35:22.580144199,T,KO,I,93,72.43
2025-11-26,9:35:22.580162634,T,KO,I,1,72.43
2025-11-26,9:35:22.580165968,T,KO,F I,6,72.43
2025-11-26,9:35:22.580165968,T,KO,F I,40,72.43
2025-11-26,9:35:22.580168258,T,KO,F I,60,72.43
2025-11-26,9:35:23.066504635,T,KO,F I,98,72.44
2025-11-26,9:35:23.760422312,T,KO,F,100,72.45
2025-11-26,9:35:23.760425329,T,KO,F,100,72.45
2025-11-26,9:35:23.788346896,T,KO,F I,6,72.46
2025-11-26,9:35:24.061237816,T,KO,,100,72.45
2025-11-26,9:35:24.061237816,T,KO,I,68,72.45
2025-11-26,9:35:24.061240785,T,KO,,124,72.45
2025-11-26,9:35:25.781103078,T,KO,I,68,72.46
2025-11-26,9:35:28.121772949,T,KO,F I,80,72.48
2025-11-26,9:35:37.324320957,T,KO,F I,75,72.47
2025-11-26,9:35:37.324323897,T,KO,F,100,72.47
2025-11-26,9:35:37.516893650,T,KO,,100,72.46
2025-11-26,9:35:38.802930604,T,KO,F I,21,72.45
2025-11-26,9:35:40.738896481,T,KO,,100,72.445
2025-11-26,9:35:51.184644378,T,KO,,100,72.445
2025-11-26,9:35:52.590862591,T,KO,F I,6,72.44
2025-11-26,9:35:52.590865617,T,KO,F I,1,72.44
2025-11-26,9:36:01.657360309,T,KO,F I,5,72.445
2025-11-26,9:36:01.728407512,T,KO,,100,72.45
2025-11-26,9:36:01.900667389,T,KO,F I,5,72.46
2025-11-26,9:36:01.900667389,T,KO,F I,5,72.46
2025-11-26,9:36:01.900669769,T,KO,F I,90,72.46
2025-11-26,9:36:01.900687925,T,KO,I,1,72.46
2025-11-26,9:36:01.901169399,T,KO,I,71,72.45
2025-11-26,9:36:01.901169399,T,KO,,100,72.45
2025-11-26,9:36:01.901235227,T,KO,I,60,72.45
2025-11-26,9:36:01.901274267,T,KO,I,40,72.45
2025-11-26,9:36:01.903661942,T,KO,F,100,72.45
2025-11-26,9:36:01.903661942,T,KO,F I,71,72.45
2025-11-26,9:36:01.903667957,T,KO,F I,29,72.45
2025-11-26,9:36:01.903683041,T,KO,F I,42,72.45
2025-11-26,9:36:01.903731089,T,KO,,100,72.45
2025-11-26,9:36:01.904537420,T,KO,I,29,72.45
2025-11-26,9:36:01.904541511,T,KO,I,8,72.45
2025-11-26,9:36:01.904546115,T,KO,,100,72.45
2025-11-26,9:36:01.904546115,T,KO,I,60,72.45
2025-11-26,9:36:01.922087944,T,KO,F,100,72.45
2025-11-26,9:36:01.922092964,T,KO,F,400,72.45
2025-11-26,9:36:01.922092964,T,KO,F,100,72.45
2025-11-26,9:36:01.923106535,T,KO,,100,72.45
2025-11-26,9:36:01.923106535,T,KO,,100,72.45
2025-11-26,9:36:02.028784131,T,KO,F I,9,72.46
2025-11-26,9:36:02.028784131,T,KO,F I,69,72.46
2025-11-26,9:36:03.359859172,T,KO,F I,10,72.45
2025-11-26,9:36:03.359859172,T,KO,F I,22,72.45
2025-11-26,9:36:03.359908108,T,KO,,128,72.45
2025-11-26,9:36:03.359908108,T,KO,I,11,72.44
2025-11-26,9:36:06.113391265,T,KO,I,56,72.45
2025-11-26,9:36:06.809140349,T,KO,I,2,72.44
2025-11-26,9:36:06.809143370,T,KO,I,98,72.44
2025-11-26,9:36:06.809161363,T,KO,F I,2,72.44
2025-11-26,9:36:08.419565955,T,KO,,200,72.44
2025-11-26,9:36:08.419565955,T,KO,,100,72.44
2025-11-26,9:36:08.419568913,T,KO,,100,72.44
2025-11-26,9:36:08.420645416,T,KO,F,100,72.44
2025-11-26,9:36:08.420649075,T,KO,F,200,72.44
2025-11-26,9:36:08.420651650,T,KO,F,100,72.43
2025-11-26,9:36:08.420651650,T,KO,F,170,72.43
2025-11-26,9:36:08.420666482,T,KO,I,1,72.43
2025-11-26,9:36:08.420699603,T,KO,,100,72.44
2025-11-26,9:36:08.420699603,T,KO,I,70,72.43
2025-11-26,9:36:08.420708642,T,KO,F I,62,72.44
2025-11-26,9:36:08.420717572,T,KO,F I,1,72.44
2025-11-26,9:36:09.029015493,T,KO,,150,72.44
2025-11-26,9:36:09.129641049,T,KO,,130,72.44
2025-11-26,9:36:15.415184358,T,KO,F I,62,72.43
2025-11-26,9:36:16.895078073,T,KO,F I,1,72.44
2025-11-26,9:36:18.102213213,T,KO,,100,72.44
2025-11-26,9:36:18.643063308,T,KO,F,150,72.44
2025-11-26,9:36:18.857333466,T,KO,F,100,72.44
2025-11-26,9:36:18.857336354,T,KO,F I,20,72.44
2025-11-26,9:36:18.857338711,T,KO,F,100,72.44
2025-11-26,9:36:19.425833639,T,KO,,100,72.44
2025-11-26,9:36:28.172196199,T,KO,,100,72.42
2025-11-26,9:36:28.172198341,T,KO,,100,72.42
2025-11-26,9:36:28.172201257,T,KO,,284,72.42
2025-11-26,9:36:28.172201257,T,KO,,100,72.42
2025-11-26,9:36:28.273268887,T,KO,F I,82,72.42
2025-11-26,9:36:28.273268887,T,KO,F I,6,72.42
2025-11-26,9:36:28.947264180,T,KO,,100,72.425
2025-11-26,9:36:29.765164144,T,KO,F I,82,72.42
2025-11-26,9:36:29.765164144,T,KO,F I,18,72.42
2025-11-26,9:36:29.765182273,T,KO,I,1,72.42
2025-11-26,9:36:29.765182273,T,KO,F I,81,72.42
2025-11-26,9:36:37.751895253,T,KO,F,100,72.43
2025-11-26,9:36:38.598657980,T,KO,,100,72.445
2025-11-26,9:36:38.598657980,T,KO,I,20,72.45
2025-11-26,9:36:38.598904596,T,KO,,100,72.45
2025-11-26,9:36:38.598907622,T,KO,I,20,72.45
2025-11-26,9:36:38.598926024,T,KO,I,1,72.45
2025-11-26,9:36:38.598955655,T,KO,,100,72.45
2025-11-26,9:36:38.598955655,T,KO,I,75,72.45
2025-11-26,9:36:38.599033927,T,KO,I,75,72.45
2025-11-26,9:36:38.599587193,T,KO,I,75,72.45
2025-11-26,9:36:38.600480956,T,KO,F I,3,72.44
2025-11-26,9:36:38.639810996,T,KO,,100,72.43
2025-11-26,9:36:38.639810996,T,KO,,100,72.43
2025-11-26,9:36:38.641431893,T,KO,,100,72.425
2025-11-26,9:36:39.805895355,T,KO,F,100,72.42
2025-11-26,9:36:46.123804768,T,KO,F I,53,72.41
2025-11-26,9:36:47.493080183,T,KO,,100,72.405
2025-11-26,9:36:47.493080183,T,KO,I,85,72.4
2025-11-26,9:36:47.493098084,T,KO,I,1,72.4
2025-11-26,9:36:47.493098084,T,KO,F I,14,72.4
2025-11-26,9:36:47.493101550,T,KO,F I,85,72.4
2025-11-26,9:36:47.494824644,T,KO,F I,75,72.4
2025-11-26,9:36:47.494824644,T,KO,F I,75,72.4
2025-11-26,9:36:47.494827160,T,KO,F I,24,72.4
2025-11-26,9:36:47.494830221,T,KO,F,100,72.4
2025-11-26,9:36:50.012014455,T,KO,,100,72.41
2025-11-26,9:36:50.012495601,T,KO,I,75,72.41
2025-11-26,9:36:50.015325286,T,KO,I,75,72.41
2025-11-26,9:36:52.964404378,T,KO,,100,72.425
2025-11-26,9:36:53.724091691,T,KO,,140,72.43
2025-11-26,9:36:53.724091691,T,KO,I,5,72.43
2025-11-26,9:36:53.724094690,T,KO,I,1,72.43
2025-11-26,9:36:58.391072063,T,KO,,140,72.44
2025-11-26,9:36:58.391072063,T,KO,I,5,72.44
2025-11-26,9:36:58.391366683,T,KO,I,21,72.44
2025-11-26,9:36:59.127312490,T,KO,,100,72.445
2025-11-26,9:36:59.565627421,T,KO,F I,45,72.45
2025-11-26,9:36:59.565648530,T,KO,F I,20,72.45
2025-11-26,9:36:59.565663576,T,KO,F I,10,72.45
2025-11-26,9:36:59.565663576,T,KO,F,100,72.45
2025-11-26,9:37:03.391682066,T,KO,,100,72.45
2025-11-26,9:37:20.278044325,T,KO,I,5,72.47
2025-11-26,9:37:20.278044325,T,KO,,100,72.47
2025-11-26,9:37:20.278046609,T,KO,,100,72.47
2025-11-26,9:37:20.278061721,T,KO,I,1,72.47
2025-11-26,9:37:20.278485675,T,KO,F,100,72.47
2025-11-26,9:37:28.621165621,T,KO,F I,40,72.48
2025-11-26,9:37:31.601479944,T,KO,F I,22,72.49
2025-11-26,9:37:31.601498036,T,KO,F I,38,72.49
2025-11-26,9:37:31.601503812,T,KO,F I,8,72.49
2025-11-26,9:37:31.601792548,T,KO,I,82,72.49
2025-11-26,9:37:34.124179224,T,KO,F I,10,72.5
2025-11-26,9:37:34.124182482,T,KO,F I,34,72.5
2025-11-26,9:37:34.124182482,T,KO,F I,79,72.5
2025-11-26,9:37:34.124476857,T,KO,I,21,72.5
2025-11-26,9:37:34.412896814,T,KO,F,100,72.51
2025-11-26,9:37:34.412915296,T,KO,I,1,72.51
2025-11-26,9:37:36.625885605,T,KO,,100,72.51
2025-11-26,9:37:36.869598347,T,KO,,100,72.5
2025-11-26,9:37:36.869600982,T,KO,,100,72.5
2025-11-26,9:37:36.869937749,T,KO,,100,72.5
2025-11-26,9:37:36.869937749,T,KO,I,71,72.5
2025-11-26,9:37:37.864535630,T,KO,,110,72.51
2025-11-26,9:37:39.142131530,T,KO,F I,10,72.51
2025-11-26,9:37:39.142134943,T,KO,F I,40,72.51
2025-11-26,9:37:39.142134943,T,KO,F I,71,72.51
2025-11-26,9:37:39.142137566,T,KO,F,400,72.51
2025-11-26,9:37:39.680164281,T,KO,F I,22,72.51
2025-11-26,9:37:39.680164281,T,KO,F I,6,72.51
2025-11-26,9:37:39.680167038,T,KO,F I,50,72.52
2025-11-26,9:37:39.680167038,T,KO,F I,22,72.52
2025-11-26,9:37:40.878010377,T,KO,,100,72.515
2025-11-26,9:37:40.878010377,T,KO,I,50,72.51
2025-11-26,9:37:40.878012945,T,KO,,108,72.51
2025-11-26,9:37:41.059356779,T,KO,I,60,72.515
2025-11-26,9:37:44.917678315,T,KO,F I,50,72.51
2025-11-26,9:37:47.146863528,T,KO,,100,72.5
2025-11-26,9:37:47.146866563,T,KO,I,3,72.5
2025-11-26,9:37:48.390201851,T,KO,F I,5,72.51
2025-11-26,9:37:55.289777673,T,KO,I,1,72.52
2025-11-26,9:38:02.494754938,T,KO,F I,58,72.53
2025-11-26,9:38:02.494772987,T,KO,F I,42,72.53
2025-11-26,9:38:02.494784969,T,KO,F I,42,72.53
2025-11-26,9:38:10.135626341,T,KO,,100,72.54
2025-11-26,9:38:10.135644332,T,KO,I,1,72.54
2025-11-26,9:38:10.135722551,T,KO,F I,1,72.54
2025-11-26,9:38:10.342233420,T,KO,I,2,72.54
2025-11-26,9:38:10.342233420,T,KO,,150,72.54
2025-11-26,9:38:14.629574661,T,KO,I,5,72.565
2025-11-26,9:38:15.189412017,T,KO,F I,6,72.57
2025-11-26,9:38:16.227929490,T,KO,F I,17,72.57
2025-11-26,9:38:28.191064300,T,KO,I,5,72.57
2025-11-26,9:38:28.191067267,T,KO,I,50,72.57
2025-11-26,9:38:28.191082389,T,KO,I,24,72.57
2025-11-26,9:38:30.075673901,T,KO,F I,10,72.57
2025-11-26,9:38:30.075694950,T,KO,I,90,72.57
2025-11-26,9:38:30.565084118,T,KO,I,76,72.57
2025-11-26,9:38:30.565086545,T,KO,I,24,72.57
2025-11-26,9:38:35.246432030,T,KO,F I,50,72.56
2025-11-26,9:38:35.246435229,T,KO,F I,10,72.56
2025-11-26,9:38:35.246438098,T,KO,F I,42,72.56
2025-11-26,9:38:37.374086506,T,KO,F I,48,72.56
2025-11-26,9:38:39.431238078,T,KO,F I,50,72.55
2025-11-26,9:38:39.431238078,T,KO,F I,7,72.55
2025-11-26,9:38:39.431250065,T,KO,I,40,72.55
2025-11-26,9:38:39.431253640,T,KO,F I,50,72.55
2025-11-26,9:38:39.431253640,T,KO,F I,3,72.55
2025-11-26,9:38:39.431355322,T,KO,F I,50,72.55
2025-11-26,9:38:46.188906139,T,KO,F,100,72.53
2025-11-26,9:38:46.188921368,T,KO,I,1,72.53
2025-11-26,9:38:46.189035447,T,KO,F I,66,72.54
2025-11-26,9:38:46.189038195,T,KO,F I,1,72.54
2025-11-26,9:38:46.205409237,T,KO,F,150,72.55
2025-11-26,9:38:48.058230893,T,KO,F I,24,72.56
2025-11-26,9:38:48.058233089,T,KO,F,200,72.56
2025-11-26,9:38:49.159446838,T,KO,I,66,72.555
2025-11-26,9:38:54.555640133,T,KO,F I,66,72.55
2025-11-26,9:38:54.555640133,T,KO,F I,5,72.55
2025-11-26,9:39:05.943583099,T,KO,F,200,72.55
2025-11-26,9:39:11.876801323,T,KO,I,15,72.55
2025-11-26,9:39:14.198132177,T,KO,I,10,72.545
2025-11-26,9:39:14.198541071,T,KO,I,51,72.545
2025-11-26,9:39:15.245296090,T,KO,F,400,72.57
2025-11-26,9:39:15.245298147,T,KO,F I,60,72.57
2025-11-26,9:39:15.245301243,T,KO,F,100,72.57
2025-11-26,9:39:15.263864418,T,KO,I,6,72.58
2025-11-26,9:39:15.375009052,T,KO,,150,72.58
2025-11-26,9:39:15.375012062,T,KO,I,60,72.57
2025-11-26,9:39:15.375012062,T,KO,,350,72.57
2025-11-26,9:39:15.375027185,T,KO,I,1,72.57
2025-11-26,9:39:16.797796786,T,KO,F I,60,72.58
2025-11-26,9:39:19.620208092,T,KO,F I,5,72.58
2025-11-26,9:39:19.621321799,T,KO,,100,72.58
2025-11-26,9:39:19.621321799,T,KO,I,61,72.59
2025-11-26,9:39:19.621329655,T,KO,,100,72.59
2025-11-26,9:39:19.621329655,T,KO,I,68,72.59
2025-11-26,9:39:19.621332656,T,KO,I,66,72.59
2025-11-26,9:39:19.621335717,T,KO,,100,72.59
2025-11-26,9:39:19.621335717,T,KO,,400,72.59
2025-11-26,9:39:19.621335717,T,KO,,100,72.59
2025-11-26,9:39:19.622698089,T,KO,I,61,72.59
2025-11-26,9:39:19.622700905,T,KO,I,36,72.59
2025-11-26,9:39:19.622700905,T,KO,I,66,72.59
2025-11-26,9:39:26.435935144,T,KO,F I,10,72.59
2025-11-26,9:39:28.959822508,T,KO,I,22,72.58
2025-11-26,9:39:28.959822508,T,KO,,478,72.58
2025-11-26,9:39:28.959840320,T,KO,F I,13,72.58
2025-11-26,9:39:31.723671920,T,KO,I,13,72.58
2025-11-26,9:39:37.685771261,T,KO,I,5,72.57
2025-11-26,9:39:37.685773934,T,KO,I,71,72.57
2025-11-26,9:39:37.685776937,T,KO,,129,72.57
2025-11-26,9:39:40.416217108,T,KO,F I,5,72.56
2025-11-26,9:39:40.416220092,T,KO,F,400,72.56
2025-11-26,9:39:40.416223133,T,KO,F I,49,72.56
2025-11-26,9:39:40.416235265,T,KO,I,1,72.56
2025-11-26,9:39:40.416755426,T,KO,I,66,72.57
2025-11-26,9:39:40.416759636,T,KO,,100,72.57
2025-11-26,9:39:40.416765379,T,KO,,100,72.57
2025-11-26,9:39:40.416765379,T,KO,,100,72.57
2025-11-26,9:39:40.416767932,T,KO,,200,72.57
2025-11-26,9:39:40.416767932,T,KO,I,68,72.57
2025-11-26,9:39:40.416770689,T,KO,,100,72.57
2025-11-26,9:39:40.416773468,T,KO,,400,72.57
2025-11-26,9:39:40.416773468,T,KO,I,40,72.57
2025-11-26,9:39:40.665129006,T,KO,F I,40,72.58
2025-11-26,9:39:41.221384747,T,KO,F,100,72.59
2025-11-26,9:39:45.161047001,T,KO,I,2,72.61
2025-11-26,9:39:45.161047001,T,KO,,100,72.61
2025-11-26,9:39:46.510859942,T,KO,I,12,72.62
2025-11-26,9:39:46.510863111,T,KO,,100,72.62
2025-11-26,9:39:46.510863111,T,KO,I,92,72.62
2025-11-26,9:39:48.721563057,T,KO,I,29,72.63
2025-11-26,9:39:51.103632582,T,KO,,100,72.645
2025-11-26,9:39:51.103668664,T,KO,I,97,72.64
2025-11-26,9:39:51.103675585,T,KO,,387,72.64
2025-11-26,9:39:51.103680660,T,KO,I,60,72.64
2025-11-26,9:39:51.103683742,T,KO,,200,72.64
2025-11-26,9:39:51.103690092,T,KO,,100,72.64
2025-11-26,9:39:51.103690092,T,KO,I,50,72.64
2025-11-26,9:39:51.103690092,T,KO,I,1,72.64
2025-11-26,9:39:51.103692931,T,KO,,200,72.64
2025-11-26,9:39:51.103725869,T,KO,F I,51,72.64
2025-11-26,9:39:51.103725869,T,KO,F I,17,72.64
2025-11-26,9:39:54.196134993,T,KO,I,6,72.63
2025-11-26,9:39:54.196138063,T,KO,,100,72.63
2025-11-26,9:39:58.920407932,T,KO,F I,1,72.66
2025-11-26,9:40:06.977326264,T,KO,I,1,72.66
2025-11-26,9:40:07.264868031,T,KO,F I,5,72.67
2025-11-26,9:40:07.264871083,T,KO,F,400,72.67
2025-11-26,9:40:07.951045890,T,KO,I,50,72.67
2025-11-26,9:40:07.951048387,T,KO,I,22,72.67
2025-11-26,9:40:07.951048387,T,KO,I,28,72.67
2025-11-26,9:40:07.951090413,T,KO,I,5,72.67
2025-11-26,9:40:08.928643593,T,KO,,100,72.68
2025-11-26,9:40:09.436824197,T,KO,I,1,72.69
2025-11-26,9:40:09.436824197,T,KO,I,7,72.69
2025-11-26,9:40:15.424859860,T,KO,F,100,72.7
2025-11-26,9:40:15.699783539,T,KO,F I,1,72.71
2025-11-26,9:40:19.710297502,T,KO,I,1,72.72
2025-11-26,9:40:19.710309467,T,KO,F I,1,72.72
2025-11-26,9:40:19.710309467,T,KO,F I,1,72.72
2025-11-26,9:40:19.710357593,T,KO,F I,75,72.72
2025-11-26,9:40:19.987085653,T,KO,F I,21,72.71
2025-11-26,9:40:19.987089363,T,KO,F I,5,72.71
2025-11-26,9:40:19.987091666,T,KO,F I,26,72.71
2025-11-26,9:40:19.987097755,T,KO,F I,74,72.71
2025-11-26,9:40:24.085475057,T,KO,F I,20,72.7
2025-11-26,9:40:24.085481016,T,KO,F I,20,72.7
2025-11-26,9:40:24.085487787,T,KO,F I,20,72.7
2025-11-26,9:40:24.085490282,T,KO,F I,20,72.7
2025-11-26,9:40:24.085493161,T,KO,F I,20,72.7
2025-11-26,9:40:26.239598425,T,KO,F I,21,72.69
2025-11-26,9:40:26.239601437,T,KO,F I,21,72.69
2025-11-26,9:40:26.239613769,T,KO,F I,79,72.69
2025-11-26,9:40:27.052789373,T,KO,I,84,72.685
2025-11-26,9:40:34.362241403,T,KO,F I,75,72.67
2025-11-26,9:40:34.362244486,T,KO,F I,19,72.67
2025-11-26,9:40:34.362247404,T,KO,F I,3,72.67
2025-11-26,9:40:34.364689252,T,KO,,100,72.68
2025-11-26,9:40:34.364689252,T,KO,I,30,72.68
2025-11-26,9:40:34.364929889,T,KO,F,100,72.68
2025-11-26,9:40:34.367798801,T,KO,I,68,72.68
2025-11-26,9:40:34.367801683,T,KO,,400,72.68
2025-11-26,9:40:34.367825757,T,KO,I,1,72.68
2025-11-26,9:40:34.367840726,T,KO,I,9,72.68
2025-11-26,9:40:34.368490321,T,KO,F I,68,72.68
2025-11-26,9:40:34.368493355,T,KO,F,100,72.68
2025-11-26,9:40:36.269314607,T,KO,I,5,72.69
2025-11-26,9:40:36.273347174,T,KO,I,67,72.69
2025-11-26,9:40:36.273350286,T,KO,I,33,72.69
2025-11-26,9:40:36.273377337,T,KO,F I,67,72.69
2025-11-26,9:40:36.924018947,T,KO,F,100,72.695
2025-11-26,9:40:36.924022181,T,KO,F I,67,72.69
2025-11-26,9:40:36.924022181,T,KO,F,120,72.69
2025-11-26,9:40:38.103903063,T,KO,I,24,72.69
2025-11-26,9:40:38.103921133,T,KO,F,276,72.69
2025-11-26,9:40:39.806089215,T,KO,I,1,72.69
2025-11-26,9:40:39.807484789,T,KO,F I,67,72.69
2025-11-26,9:40:39.807494538,T,KO,F,100,72.69
2025-11-26,9:40:39.807496743,T,KO,F,100,72.69
2025-11-26,9:40:39.807496743,T,KO,F,100,72.69
2025-11-26,9:40:39.807499584,T,KO,F I,6,72.69
2025-11-26,9:40:42.744393685,T,KO,F I,21,72.7
2025-11-26,9:40:42.744393685,T,KO,F I,79,72.7
2025-11-26,9:40:42.744417625,T,KO,F I,21,72.7
2025-11-26,9:40:42.744420585,T,KO,F,100,72.7
2025-11-26,9:40:42.744947050,T,KO,I,65,72.7
2025-11-26,9:40:42.744950612,T,KO,I,67,72.7
2025-11-26,9:40:42.744953004,T,KO,,100,72.7
2025-11-26,9:40:42.744955839,T,KO,,100,72.7
2025-11-26,9:40:42.744970882,T,KO,I,1,72.7
2025-11-26,9:40:49.112624847,T,KO,F I,20,72.69
2025-11-26,9:40:52.608932514,T,KO,F I,96,72.66
2025-11-26,9:40:52.608935209,T,KO,F I,65,72.66
2025-11-26,9:40:52.608938192,T,KO,F,100,72.66
2025-11-26,9:41:00.568827545,T,KO,F I,90,72.68
2025-11-26,9:41:00.568845632,T,KO,F I,90,72.68
2025-11-26,9:41:00.568848626,T,KO,F I,38,72.68
2025-11-26,9:41:09.921249452,T,KO,F,100,72.69
2025-11-26,9:41:15.579526482,T,KO,F I,5,72.69
2025-11-26,9:41:15.579528931,T,KO,F,500,72.69
2025-11-26,9:41:15.634514911,T,KO,F I,20,72.675
2025-11-26,9:41:16.035297435,T,KO,I,1,72.675
2025-11-26,9:41:18.597062909,T,KO,F I,45,72.66
2025-11-26,9:41:24.205648866,T,KO,F,400,72.66
2025-11-26,9:41:24.205648866,T,KO,F I,1,72.66
2025-11-26,9:41:24.205651821,T,KO,F,180,72.66
2025-11-26,9:41:24.205651821,T,KO,F I,1,72.66
2025-11-26,9:41:24.205739103,T,KO,F I,2,72.66
2025-11-26,9:41:26.063915732,T,KO,,100,72.66
2025-11-26,9:41:27.345240687,T,KO,F,100,72.66
2025-11-26,9:41:35.788209309,T,KO,,100,72.64
2025-11-26,9:41:46.091670641,T,KO,F I,90,72.59
2025-11-26,9:41:46.091688583,T,KO,I,1,72.59
2025-11-26,9:41:46.091709567,T,KO,I,1,72.59
2025-11-26,9:41:50.133949009,T,KO,F,100,72.61
2025-11-26,9:41:52.128990680,T,KO,I,87,72.605
2025-11-26,9:41:59.742184277,T,KO,F,100,72.59
2025-11-26,9:41:59.742187340,T,KO,F I,5,72.59
2025-11-26,9:41:59.742205886,T,KO,I,1,72.59
2025-11-26,9:41:59.743032640,T,KO,F,100,72.6
2025-11-26,9:41:59.743036257,T,KO,F I,84,72.6
2025-11-26,9:41:59.743038398,T,KO,F I,88,72.6
2025-11-26,9:41:59.743041917,T,KO,F I,99,72.6
2025-11-26,9:41:59.743041917,T,KO,F I,1,72.6
2025-11-26,9:41:59.743083397,T,KO,I,84,72.6
2025-11-26,9:41:59.743101872,T,KO,I,16,72.6
2025-11-26,9:41:59.743101872,T,KO,I,84,72.59
2025-11-26,9:41:59.743108114,T,KO,,100,72.59
2025-11-26,9:41:59.743108114,T,KO,,100,72.59
2025-11-26,9:41:59.743110476,T,KO,I,88,72.59
2025-11-26,9:41:59.743113529,T,KO,I,99,72.59
2025-11-26,9:41:59.743113529,T,KO,I,88,72.59
2025-11-26,9:41:59.743122528,T,KO,,400,72.59
2025-11-26,9:41:59.743131998,T,KO,F I,84,72.6
2025-11-26,9:41:59.743131998,T,KO,F I,16,72.6
2025-11-26,9:41:59.743135344,T,KO,I,1,72.59
2025-11-26,9:41:59.743137603,T,KO,I,84,72.59
2025-11-26,9:41:59.743146537,T,KO,I,99,72.59
2025-11-26,9:41:59.743150016,T,KO,I,1,72.59
2025-11-26,9:41:59.743200717,T,KO,,400,72.6
2025-11-26,9:41:59.743204238,T,KO,,100,72.6
2025-11-26,9:41:59.743233766,T,KO,F,100,72.6
2025-11-26,9:41:59.745320773,T,KO,I,87,72.6
2025-11-26,9:41:59.745353886,T,KO,I,1,72.6
2025-11-26,9:42:01.188091762,T,KO,F I,20,72.61
2025-11-26,9:42:01.319537152,T,KO,I,30,72.62
2025-11-26,9:42:02.699337407,T,KO,I,1,72.63
2025-11-26,9:42:02.699340388,T,KO,I,96,72.63
2025-11-26,9:42:14.469380238,T,KO,I,95,72.64
2025-11-26,9:42:14.469394601,T,KO,I,1,72.64
2025-11-26,9:42:14.469415670,T,KO,I,4,72.64
2025-11-26,9:42:14.470138107,T,KO,I,89,72.64
2025-11-26,9:42:14.470140390,T,KO,,100,72.64
2025-11-26,9:42:14.470798948,T,KO,I,50,72.64
2025-11-26,9:42:14.683877513,T,KO,F I,31,72.64
2025-11-26,9:42:16.961655484,T,KO,F I,39,72.64
2025-11-26,9:42:21.532942073,T,KO,I,1,72.66
2025-11-26,9:42:21.532945614,T,KO,,100,72.66
2025-11-26,9:42:21.532948995,T,KO,,400,72.67
2025-11-26,9:42:21.532948995,T,KO,,100,72.67
2025-11-26,9:42:21.532951484,T,KO,I,2,72.67
2025-11-26,9:42:21.532951484,T,KO,I,20,72.67
2025-11-26,9:42:21.533164625,T,KO,,100,72.66
2025-11-26,9:42:21.533685270,T,KO,,100,72.66
2025-11-26,9:42:21.533886303,T,KO,F,100,72.66
2025-11-26,9:42:21.533898357,T,KO,F,100,72.66
2025-11-26,9:42:21.534211115,T,KO,I,87,72.66
2025-11-26,9:42:21.534211115,T,KO,,100,72.66
2025-11-26,9:42:21.534920863,T,KO,F I,87,72.66
2025-11-26,9:42:21.534924769,T,KO,F,100,72.66
2025-11-26,9:42:21.534924769,T,KO,F I,3,72.66
2025-11-26,9:42:21.534926844,T,KO,F I,87,72.66
2025-11-26,9:42:21.534929822,T,KO,F I,99,72.66
2025-11-26,9:42:21.535007936,T,KO,,180,72.66
2025-11-26,9:42:23.059485897,T,KO,,100,72.665
2025-11-26,9:42:24.135108726,T,KO,I,10,72.67
2025-11-26,9:42:30.859030271,T,KO,I,10,72.68
2025-11-26,9:42:31.012906760,T,KO,I,10,72.68
2025-11-26,9:42:39.838765583,T,KO,F I,6,72.68
2025-11-26,9:42:39.838768748,T,KO,F,100,72.68
2025-11-26,9:42:39.838768748,T,KO,F I,90,72.68
2025-11-26,9:42:39.839616675,T,KO,I,87,72.68
2025-11-26,9:42:39.839619950,T,KO,I,10,72.68
2025-11-26,9:42:39.839619950,T,KO,I,77,72.68
2025-11-26,9:42:39.839622635,T,KO,I,50,72.68
2025-11-26,9:42:39.839625623,T,KO,I,7,72.68
2025-11-26,9:42:39.839628656,T,KO,,170,72.68
2025-11-26,9:42:39.839632394,T,KO,,100,72.68
2025-11-26,9:42:39.839668159,T,KO,,100,72.68
2025-11-26,9:42:39.839670801,T,KO,I,70,72.68
2025-11-26,9:42:39.841183359,T,KO,I,15,72.68
2025-11-26,9:42:41.710802252,T,KO,F I,2,72.69
2025-11-26,9:42:42.428500669,T,KO,,100,72.69
2025-11-26,9:42:49.372687925,T,KO,F I,50,72.68
2025-11-26,9:42:55.613460627,T,KO,F I,40,72.67
2025-11-26,9:42:55.614431975,T,KO,I,14,72.67
2025-11-26,9:42:55.614471107,T,KO,I,1,72.67
2025-11-26,9:42:56.937105261,T,KO,F I,29,72.67
2025-11-26,9:42:56.937105261,T,KO,F I,71,72.67
2025-11-26,9:42:56.937123226,T,KO,I,1,72.67
2025-11-26,9:42:58.218339718,T,KO,F,150,72.67
2025-11-26,9:42:58.218342817,T,KO,F,209,72.67
2025-11-26,9:43:02.706781981,T,KO,F I,10,72.67
2025-11-26,9:43:04.022066628,T,KO,F,150,72.67
2025-11-26,9:43:13.913513334,T,KO,F,350,72.65
2025-11-26,9:43:15.309035277,T,KO,I,72,72.66
2025-11-26,9:43:15.325241154,T,KO,I,29,72.65
2025-11-26,9:43:15.325890220,T,KO,I,60,72.64
2025-11-26,9:43:15.325923308,T,KO,I,1,72.64
2025-11-26,9:43:16.925914304,T,KO,F,100,72.64
2025-11-26,9:43:16.925914304,T,KO,F,150,72.64
2025-11-26,9:43:16.931994590,T,KO,,100,72.635
2025-11-26,9:43:23.279963693,T,KO,,100,72.625
2025-11-26,9:43:25.941560938,T,KO,F I,90,72.61
2025-11-26,9:43:25.941576035,T,KO,I,1,72.61
2025-11-26,9:43:27.452290103,T,KO,,100,72.61
2025-11-26,9:43:27.452302112,T,KO,I,1,72.61
2025-11-26,9:43:27.452308056,T,KO,F,308,72.61
2025-11-26,9:43:27.452308056,T,KO,F I,69,72.61
2025-11-26,9:43:27.452317677,T,KO,I,1,72.61
2025-11-26,9:43:27.452347847,T,KO,I,85,72.61
2025-11-26,9:43:27.452350208,T,KO,I,5,72.61
2025-11-26,9:43:27.452353262,T,KO,I,68,72.61
2025-11-26,9:43:27.452371258,T,KO,F I,27,72.61
2025-11-26,9:43:27.452377260,T,KO,F,100,72.61
2025-11-26,9:43:27.452377260,T,KO,F I,68,72.61
2025-11-26,9:43:27.452380375,T,KO,I,32,72.61
2025-11-26,9:43:27.452383543,T,KO,I,68,72.61
2025-11-26,9:43:27.452383543,T,KO,I,1,72.61
2025-11-26,9:43:27.452386912,T,KO,F I,31,72.61
2025-11-26,9:43:31.892756179,T,KO,I,27,72.62
2025-11-26,9:43:31.892777288,T,KO,F,243,72.62
2025-11-26,9:43:31.892777288,T,KO,F I,50,72.62
2025-11-26,9:43:37.408246709,T,KO,F I,7,72.62
2025-11-26,9:43:37.408249533,T,KO,F,107,72.62
2025-11-26,9:43:37.408253116,T,KO,F I,4,72.62
2025-11-26,9:43:37.408253116,T,KO,F,100,72.62
2025-11-26,9:43:37.408255671,T,KO,F I,1,72.62
2025-11-26,9:43:37.408255671,T,KO,F I,1,72.62
2025-11-26,9:43:39.378082122,T,KO,I,7,72.62
2025-11-26,9:43:39.578572740,T,KO,I,10,72.62
2025-11-26,9:43:39.578602600,T,KO,I,1,72.62
2025-11-26,9:43:40.391592037,T,KO,F I,25,72.62
2025-11-26,9:43:40.391616073,T,KO,F I,40,72.62
2025-11-26,9:43:43.005961638,T,KO,,100,72.61
2025-11-26,9:43:51.857931606,T,KO,I,19,72.615
2025-11-26,9:43:56.046857493,T,KO,I,10,72.605
2025-11-26,9:43:59.534660468,T,KO,F I,10,72.58
2025-11-26,9:43:59.534660468,T,KO,F I,10,72.58
2025-11-26,9:44:07.752967228,T,KO,,100,72.585
2025-11-26,9:44:08.761894258,T,KO,F I,58,72.585
2025-11-26,9:44:13.475220977,T,KO,F I,2,72.58
2025-11-26,9:44:13.475224084,T,KO,F I,50,72.58
2025-11-26,9:44:13.475224084,T,KO,F I,9,72.58
2025-11-26,9:44:13.475254136,T,KO,F I,52,72.58
2025-11-26,9:44:13.475293179,T,KO,,150,72.58
2025-11-26,9:44:13.475296156,T,KO,I,24,72.59
2025-11-26,9:44:13.475747320,T,KO,I,15,72.58
2025-11-26,9:44:14.628557951,T,KO,I,24,72.59
2025-11-26,9:44:22.794326503,T,KO,I,32,72.57
2025-11-26,9:44:32.919342356,T,KO,F I,58,72.57
2025-11-26,9:44:34.829663196,T,KO,I,11,72.56
2025-11-26,9:44:34.829666301,T,KO,,104,72.56
2025-11-26,9:44:34.843472168,T,KO,,100,72.56
2025-11-26,9:44:34.843472168,T,KO,I,87,72.56
2025-11-26,9:44:41.620121239,T,KO,I,30,72.55
2025-11-26,9:44:43.617367157,T,KO,F I,40,72.55
2025-11-26,9:44:47.535531130,T,KO,F I,40,72.555
2025-11-26,9:44:53.944729042,T,KO,F I,40,72.54
2025-11-26,9:44:53.944966572,T,KO,F,100,72.55
2025-11-26,9:45:00.895706592,T,KO,,100,72.555
2025-11-26,9:45:01.013400849,T,KO,I,5,72.54
2025-11-26,9:45:01.017908579,T,KO,I,2,72.54
2025-11-26,9:45:02.361674368,T,KO,,150,72.555
2025-11-26,9:45:05.246107927,T,KO,F I,40,72.54
2025-11-26,9:45:09.238413608,T,KO,F I,67,72.55
2025-11-26,9:45:09.238416500,T,KO,F I,23,72.55
2025-11-26,9:45:09.238437613,T,KO,I,1,72.55
2025-11-26,9:45:09.239084121,T,KO,F I,33,72.56
2025-11-26,9:45:10.052058429,T,KO,,270,72.57
2025-11-26,9:45:10.052061470,T,KO,I,6,72.57
2025-11-26,9:45:10.052061470,T,KO,I,25,72.57
2025-11-26,9:45:11.155671904,T,KO,,100,72.59
2025-11-26,9:45:11.155693090,T,KO,,100,72.59
2025-11-26,9:45:11.165057228,T,KO,F,150,72.6
2025-11-26,9:45:12.276456345,T,KO,I,50,72.605
2025-11-26,9:45:12.276757045,T,KO,I,50,72.605
2025-11-26,9:45:12.592611369,T,KO,,100,72.605
2025-11-26,9:45:13.999668577,T,KO,,100,72.605
2025-11-26,9:45:15.391091559,T,KO,I,50,72.61
2025-11-26,9:45:22.660253579,T,KO,I,33,72.6
2025-11-26,9:45:22.660253579,T,KO,I,25,72.6
2025-11-26,9:45:22.660256523,T,KO,I,70,72.6
2025-11-26,9:45:23.428965535,T,KO,I,6,72.59
2025-11-26,9:45:23.428968351,T,KO,I,25,72.59
2025-11-26,9:45:23.429214957,T,KO,F,237,72.59
2025-11-26,9:45:23.429954739,T,KO,F,123,72.59
2025-11-26,9:45:24.734978894,T,KO,,100,72.58
2025-11-26,9:45:29.547996471,T,KO,,350,72.58
2025-11-26,9:45:36.474630438,T,KO,,350,72.585
2025-11-26,9:45:39.901658561,T,KO,,100,72.595
2025-11-26,9:45:39.925451548,T,KO,I,25,72.61
2025-11-26,9:45:39.925451548,T,KO,I,21,72.61
2025-11-26,9:45:39.925475251,T,KO,I,29,72.61
2025-11-26,9:45:39.925475251,T,KO,,100,72.61
2025-11-26,9:45:39.925478335,T,KO,I,16,72.61
2025-11-26,9:45:39.925493327,T,KO,I,84,72.61
2025-11-26,9:45:39.925493327,T,KO,,100,72.61
2025-11-26,9:45:45.416306825,T,KO,,100,72.6
2025-11-26,9:45:45.449860681,T,KO,I,27,72.6
2025-11-26,9:45:48.277447232,T,KO,F I,10,72.59
2025-11-26,9:45:48.277447232,T,KO,F I,10,72.59
2025-11-26,9:45:48.277465552,T,KO,F I,13,72.59
2025-11-26,9:45:48.403366121,T,KO,F I,77,72.59
2025-11-26,9:45:50.220188298,T,KO,F I,50,72.59
2025-11-26,9:45:50.220188298,T,KO,F I,4,72.59
2025-11-26,9:45:50.220191320,T,KO,I,5,72.59
2025-11-26,9:45:50.220204059,T,KO,I,40,72.59
2025-11-26,9:45:52.843976400,T,KO,F,100,72.57
2025-11-26,9:45:53.867821966,T,KO,F I,6,72.56
2025-11-26,9:45:53.887239196,T,KO,F I,3,72.56
2025-11-26,9:45:53.887242133,T,KO,F,100,72.56
2025-11-26,9:45:53.887293311,T,KO,F,100,72.56
2025-11-26,9:45:53.887296273,T,KO,F I,3,72.56
2025-11-26,9:45:54.078864553,T,KO,F I,86,72.56
2025-11-26,9:45:54.078900702,T,KO,I,1,72.56
2025-11-26,9:45:55.025272658,T,KO,F I,13,72.56
2025-11-26,9:45:56.006139778,T,KO,I,1,72.57
2025-11-26,9:45:58.494148509,T,KO,,100,72.56
2025-11-26,9:46:00.934259389,T,KO,,100,72.555
2025-11-26,9:46:01.447936825,T,KO,I,1,72.56
2025-11-26,9:46:02.867945778,T,KO,F I,5,72.57
2025-11-26,9:46:04.016263721,T,KO,,100,72.58
2025-11-26,9:46:05.892856342,T,KO,F,300,72.59
2025-11-26,9:46:05.892856342,T,KO,F I,25,72.59
2025-11-26,9:46:07.017327539,T,KO,F I,90,72.6
2025-11-26,9:46:07.320242034,T,KO,,100,72.61
2025-11-26,9:46:13.687568164,T,KO,F,100,72.59
2025-11-26,9:46:25.160430368,T,KO,F,100,72.58
2025-11-26,9:46:26.085123746,T,KO,F,100,72.57
2025-11-26,9:46:26.085126720,T,KO,F I,6,72.57
2025-11-26,9:46:26.085159753,T,KO,I,1,72.57
2025-11-26,9:46:26.085180839,T,KO,F I,99,72.57
2025-11-26,9:46:26.085180839,T,KO,F,400,72.57
2025-11-26,9:46:29.384976375,T,KO,I,4,72.56
2025-11-26,9:46:29.384976375,T,KO,I,50,72.56
2025-11-26,9:46:29.384994031,T,KO,F I,50,72.56
2025-11-26,9:46:29.385270768,T,KO,I,81,72.56
2025-11-26,9:46:32.527728149,T,KO,F I,2,72.56
2025-11-26,9:46:32.534737920,T,KO,I,3,72.56
2025-11-26,9:46:32.534740965,T,KO,I,50,72.56
2025-11-26,9:46:32.534740965,T,KO,I,2,72.56
2025-11-26,9:46:32.640331310,T,KO,F I,3,72.56
2025-11-26,9:46:33.330658546,T,KO,I,4,72.55
2025-11-26,9:46:34.752959016,T,KO,F I,50,72.55
2025-11-26,9:46:37.104635028,T,KO,,100,72.545
2025-11-26,9:46:37.219656040,T,KO,F I,25,72.545
2025-11-26,9:46:42.252893758,T,KO,,100,72.54
2025-11-26,9:46:42.974609689,T,KO,F I,90,72.54
2025-11-26,9:46:45.141041561,T,KO,I,6,72.54
2025-11-26,9:46:45.141041561,T,KO,I,50,72.54
2025-11-26,9:46:48.910405072,T,KO,I,4,72.535
2025-11-26,9:46:48.962266656,T,KO,I,60,72.54
2025-11-26,9:46:48.962269519,T,KO,I,50,72.54
2025-11-26,9:46:48.962456291,T,KO,F I,50,72.54
2025-11-26,9:46:48.976541513,T,KO,F,200,72.55
2025-11-26,9:46:50.550366922,T,KO,I,25,72.55
2025-11-26,9:47:00.534560409,T,KO,F I,50,72.55
2025-11-26,9:47:00.534578522,T,KO,F I,13,72.55
2025-11-26,9:47:03.363737799,T,KO,,100,72.55
2025-11-26,9:47:03.363740770,T,KO,I,47,72.55
2025-11-26,9:47:03.364733088,T,KO,F I,20,72.55
2025-11-26,9:47:03.364760166,T,KO,I,23,72.55
2025-11-26,9:47:03.369174923,T,KO,I,87,72.55
2025-11-26,9:47:08.008525321,T,KO,F I,36,72.545
2025-11-26,9:47:08.010326548,T,KO,F I,1,72.55
2025-11-26,9:47:08.010919021,T,KO,F,100,72.56
2025-11-26,9:47:08.010922033,T,KO,F,100,72.56
2025-11-26,9:47:08.010925022,T,KO,F I,4,72.56
2025-11-26,9:47:08.010925022,T,KO,F,150,72.56
2025-11-26,9:47:08.018671618,T,KO,F I,31,72.56
2025-11-26,9:47:08.018674509,T,KO,F I,25,72.56
2025-11-26,9:47:08.018677511,T,KO,F,100,72.56
2025-11-26,9:47:08.018680529,T,KO,F I,10,72.56
2025-11-26,9:47:10.860184183,T,KO,,100,72.55
2025-11-26,9:47:17.162077515,T,KO,,100,72.55
2025-11-26,9:47:20.754605263,T,KO,F,200,72.56
2025-11-26,9:47:20.754608531,T,KO,F I,31,72.56
2025-11-26,9:47:20.754608531,T,KO,F I,25,72.56
2025-11-26,9:47:22.423622005,T,KO,,150,72.555
2025-11-26,9:47:23.362157256,T,KO,I,5,72.54
2025-11-26,9:47:23.362160212,T,KO,I,6,72.54
2025-11-26,9:47:23.362160212,T,KO,I,19,72.54
2025-11-26,9:47:23.362488078,T,KO,F I,81,72.54
2025-11-26,9:47:23.362488078,T,KO,F I,55,72.54
2025-11-26,9:47:23.362491005,T,KO,F I,45,72.54
2025-11-26,9:47:24.047077746,T,KO,F I,25,72.53
2025-11-26,9:47:24.047077746,T,KO,F,100,72.53
2025-11-26,9:47:24.047122594,T,KO,F,300,72.53
2025-11-26,9:47:25.828616625,T,KO,F I,50,72.52
2025-11-26,9:47:25.828619611,T,KO,F,100,72.52
2025-11-26,9:47:25.828622749,T,KO,F I,8,72.52
2025-11-26,9:47:25.828626394,T,KO,F I,25,72.52
2025-11-26,9:47:32.268365388,T,KO,I,1,72.53
2025-11-26,9:47:33.139052421,T,KO,I,2,72.53
2025-11-26,9:47:33.538908247,T,KO,,100,72.54
2025-11-26,9:47:33.873785840,T,KO,I,50,72.54
2025-11-26,9:47:33.873852089,T,KO,F I,50,72.54
2025-11-26,9:47:36.607518795,T,KO,,100,72.53
2025-11-26,9:47:43.181915719,T,KO,F I,90,72.54
2025-11-26,9:47:43.181918122,T,KO,F I,25,72.54
2025-11-26,9:47:43.181945283,T,KO,F I,37,72.54
2025-11-26,9:47:43.181951219,T,KO,I,1,72.54
2025-11-26,9:47:43.181954735,T,KO,I,62,72.54
2025-11-26,9:47:44.702594932,T,KO,I,4,72.54
2025-11-26,9:47:45.530391434,T,KO,,100,72.545
2025-11-26,9:47:55.047043207,T,KO,I,50,72.55
2025-11-26,9:47:55.072901767,T,KO,I,6,72.56
2025-11-26,9:47:55.072901767,T,KO,I,50,72.56
2025-11-26,9:47:55.072904840,T,KO,I,25,72.56
2025-11-26,9:47:57.372740378,T,KO,,100,72.56
2025-11-26,9:47:57.415772788,T,KO,,100,72.56
2025-11-26,9:47:58.530654192,T,KO,F,300,72.55
2025-11-26,9:47:58.729623087,T,KO,I,1,72.54
2025-11-26,9:48:09.179866702,T,KO,I,25,72.5
2025-11-26,9:48:09.179869696,T,KO,,175,72.5
2025-11-26,9:48:09.179884686,T,KO,I,1,72.505
2025-11-26,9:48:10.137816314,T,KO,F I,2,72.51
2025-11-26,9:48:10.137816314,T,KO,F I,25,72.51
2025-11-26,9:48:11.825673319,T,KO,,100,72.505
2025-11-26,9:48:13.286483566,T,KO,F I,87,72.52
2025-11-26,9:48:13.286486620,T,KO,F I,25,72.52
2025-11-26,9:48:13.286489826,T,KO,F I,1,72.52
2025-11-26,9:48:13.286493241,T,KO,F I,3,72.52
2025-11-26,9:48:19.240334074,T,KO,I,2,72.55
2025-11-26,9:48:24.638376698,T,KO,F I,50,72.56
2025-11-26,9:48:24.638376698,T,KO,F I,5,72.56
2025-11-26,9:48:24.638403833,T,KO,,100,72.56
2025-11-26,9:48:24.647407279,T,KO,I,49,72.56
2025-11-26,9:48:24.727391783,T,KO,F,150,72.57
2025-11-26,9:48:24.743874259,T,KO,,200,72.58
2025-11-26,9:48:24.743874259,T,KO,I,86,72.58
2025-11-26,9:48:24.743878390,T,KO,,100,72.58
2025-11-26,9:48:24.743883053,T,KO,,100,72.58
2025-11-26,9:48:24.743886043,T,KO,I,25,72.58
2025-11-26,9:48:24.743889033,T,KO,,100,72.58
2025-11-26,9:48:24.743889033,T,KO,,300,72.58
2025-11-26,9:48:31.452104072,T,KO,I,50,72.585
2025-11-26,9:48:31.453189821,T,KO,I,50,72.585
2025-11-26,9:48:31.453192865,T,KO,I,25,72.6
2025-11-26,9:48:31.453192865,T,KO,I,31,72.6
2025-11-26,9:48:35.265597615,T,KO,F,100,72.61
2025-11-26,9:48:35.265955519,T,KO,I,6,72.61
2025-11-26,9:48:43.264781372,T,KO,F I,6,72.62
2025-11-26,9:48:50.926690689,T,KO,F I,42,72.62
2025-11-26,9:48:50.926696804,T,KO,F,100,72.62
2025-11-26,9:48:50.927358309,T,KO,F,100,72.62
2025-11-26,9:48:50.927379684,T,KO,I,1,72.62
2025-11-26,9:48:50.927382449,T,KO,I,2,72.62
2025-11-26,9:48:50.927926720,T,KO,F I,3,72.62
2025-11-26,9:48:51.017389727,T,KO,,100,72.62
2025-11-26,9:48:54.826162055,T,KO,I,61,72.62
2025-11-26,9:48:58.569258289,T,KO,,100,72.61
2025-11-26,9:48:58.569273159,T,KO,I,1,72.61
2025-11-26,9:48:58.569279391,T,KO,F I,4,72.61
2025-11-26,9:48:58.569282391,T,KO,F I,5,72.61
2025-11-26,9:48:58.569282391,T,KO,F I,6,72.61
2025-11-26,9:48:58.569285002,T,KO,F I,1,72.61
2025-11-26,9:48:58.569300698,T,KO,F I,16,72.61
2025-11-26,9:48:58.569303028,T,KO,F I,15,72.61
2025-11-26,9:48:58.569306108,T,KO,F I,16,72.61
2025-11-26,9:48:58.569471447,T,KO,F I,16,72.61
2025-11-26,9:48:58.569721023,T,KO,F I,26,72.61
2025-11-26,9:48:58.571366026,T,KO,I,8,72.61
2025-11-26,9:48:58.571378333,T,KO,I,42,72.61
2025-11-26,9:48:58.571378333,T,KO,I,18,72.61
2025-11-26,9:49:00.119480167,T,KO,,100,72.61
2025-11-26,9:49:00.157908708,T,KO,F I,80,72.6
2025-11-26,9:49:00.157911729,T,KO,F I,10,72.6
2025-11-26,9:49:00.157926755,T,KO,I,1,72.6
2025-11-26,9:49:02.900924783,T,KO,F,100,72.61
2025-11-26,9:49:02.902479516,T,KO,,100,72.61
2025-11-26,9:49:06.740087743,T,KO,F I,50,72.61
2025-11-26,9:49:07.941286388,T,KO,,100,72.61
2025-11-26,9:49:09.205849174,T,KO,,100,72.61
2025-11-26,9:49:21.597158740,T,KO,F,100,72.62
2025-11-26,9:49:21.597158740,T,KO,F,100,72.62
2025-11-26,9:49:21.597161669,T,KO,F I,1,72.62
2025-11-26,9:49:25.758872762,T,KO,F I,8,72.63
2025-11-26,9:49:25.758887988,T,KO,F I,92,72.63
2025-11-26,9:49:25.999508909,T,KO,,100,72.63
2025-11-26,9:49:46.785116202,T,KO,,100,72.615
2025-11-26,9:49:46.937209424,T,KO,,100,72.615
2025-11-26,9:49:51.780220348,T,KO,F I,31,72.615
2025-11-26,9:49:53.807008536,T,KO,F I,6,72.61
2025-11-26,9:49:53.807008536,T,KO,F I,25,72.61
2025-11-26,9:49:57.582527818,T,KO,F I,20,72.6
2025-11-26,9:49:57.582530865,T,KO,F I,3,72.6
2025-11-26,9:49:57.582530865,T,KO,F I,25,72.6
2025-11-26,9:49:57.582533848,T,KO,F I,70,72.6
2025-11-26,9:49:57.586710830,T,KO,F,200,72.6
2025-11-26,9:49:57.586731846,T,KO,I,1,72.6
2025-11-26,9:50:00.564002968,T,KO,I,3,72.6
2025-11-26,9:50:00.564002968,T,KO,I,33,72.6
2025-11-26,9:50:00.564006027,T,KO,I,6,72.6
2025-11-26,9:50:00.564009166,T,KO,,100,72.6
2025-11-26,9:50:02.419349921,T,KO,,100,72.605
2025-11-26,9:50:04.920851925,T,KO,F I,3,72.6
2025-11-26,9:50:04.920855427,T,KO,F I,1,72.6
2025-11-26,9:50:04.920858390,T,KO,F I,4,72.6
2025-11-26,9:50:04.920861885,T,KO,F,100,72.6
2025-11-26,9:50:04.920863897,T,KO,F I,25,72.6
2025-11-26,9:50:04.920863897,T,KO,F,174,72.6
2025-11-26,9:50:05.056180124,T,KO,,100,72.595
2025-11-26,9:50:05.056228272,T,KO,,100,72.595
2025-11-26,9:50:05.222019021,T,KO,F,100,72.59
2025-11-26,9:50:05.222019021,T,KO,F,100,72.59
2025-11-26,9:50:06.449777548,T,KO,F,150,72.58
2025-11-26,9:50:06.449777548,T,KO,F,100,72.57
2025-11-26,9:50:06.449780470,T,KO,F I,25,72.57
2025-11-26,9:50:06.449783370,T,KO,F I,50,72.57
2025-11-26,9:50:09.296050927,T,KO,I,60,72.58
2025-11-26,9:50:09.296050927,T,KO,,100,72.58
2025-11-26,9:50:09.296053605,T,KO,,371,72.58
2025-11-26,9:50:09.296068322,T,KO,I,1,72.58
2025-11-26,9:50:09.296084532,T,KO,I,1,72.58
2025-11-26,9:50:09.296092671,T,KO,,327,72.58
2025-11-26,9:50:09.296095416,T,KO,,100,72.58
2025-11-26,9:50:11.968582338,T,KO,F I,25,72.55
2025-11-26,9:50:11.968582338,T,KO,F,100,72.55
2025-11-26,9:50:11.968584425,T,KO,F,100,72.55
2025-11-26,9:50:11.968587445,T,KO,F,130,72.55
2025-11-26,9:50:11.968695762,T,KO,F,100,72.55
2025-11-26,9:50:13.965652905,T,KO,F I,3,72.55
2025-11-26,9:50:13.965655940,T,KO,F I,50,72.55
2025-11-26,9:50:13.965655940,T,KO,F I,3,72.55
2025-11-26,9:50:18.227397109,T,KO,,100,72.575
2025-11-26,9:50:22.562952185,T,KO,I,92,72.575
2025-11-26,9:50:22.562991275,T,KO,I,58,72.575
2025-11-26,9:50:22.562991275,T,KO,I,42,72.58
2025-11-26,9:50:22.562994281,T,KO,I,50,72.58
2025-11-26,9:50:22.562994281,T,KO,I,35,72.58
2025-11-26,9:50:22.563012297,T,KO,I,91,72.58
2025-11-26,9:50:22.563012297,T,KO,I,1,72.58
2025-11-26,9:50:22.563069552,T,KO,I,23,72.58
2025-11-26,9:50:22.563072463,T,KO,I,6,72.58
2025-11-26,9:50:30.792325086,T,KO,I,6,72.57
2025-11-26,9:50:30.792349071,T,KO,F I,17,72.57
2025-11-26,9:50:30.792352146,T,KO,F I,19,72.57
2025-11-26,9:50:30.792355100,T,KO,F I,6,72.57
2025-11-26,9:50:30.792355100,T,KO,F I,50,72.57
2025-11-26,9:50:30.793185059,T,KO,I,3,72.58
2025-11-26,9:50:30.793489486,T,KO,F I,22,72.58
2025-11-26,9:50:30.793489486,T,KO,F I,3,72.58
2025-11-26,9:50:30.793494816,T,KO,F,100,72.58
2025-11-26,9:50:32.829602287,T,KO,F,100,72.57
2025-11-26,9:50:32.831286259,T,KO,F I,4,72.55
2025-11-26,9:50:32.831289264,T,KO,F I,25,72.55
2025-11-26,9:50:32.832679530,T,KO,F I,18,72.54
2025-11-26,9:50:32.832682622,T,KO,F,100,72.54
2025-11-26,9:50:32.832684737,T,KO,F I,40,72.54
2025-11-26,9:50:32.832684737,T,KO,F,100,72.54
2025-11-26,9:50:32.832687674,T,KO,F,150,72.54
2025-11-26,9:50:32.832826424,T,KO,I,10,72.54
2025-11-26,9:50:32.832889234,T,KO,F I,12,72.54
2025-11-26,9:50:32.832892278,T,KO,F,100,72.54
2025-11-26,9:50:32.832892278,T,KO,F,100,72.54
2025-11-26,9:50:32.832913544,T,KO,I,22,72.55
2025-11-26,9:50:32.832913544,T,KO,I,7,72.55
2025-11-26,9:50:32.832916221,T,KO,I,25,72.55
2025-11-26,9:50:32.832919688,T,KO,I,31,72.55
2025-11-26,9:50:32.832919688,T,KO,,184,72.55
2025-11-26,9:50:32.833386269,T,KO,F,100,72.55
2025-11-26,9:50:32.833386269,T,KO,F I,22,72.55
2025-11-26,9:50:32.833391829,T,KO,F,100,72.54
2025-11-26,9:50:32.833391829,T,KO,F,100,72.54
2025-11-26,9:50:32.833394737,T,KO,F,100,72.54
2025-11-26,9:50:32.833394737,T,KO,F I,22,72.54
2025-11-26,9:50:32.833397454,T,KO,F,100,72.54
2025-11-26,9:50:32.833397454,T,KO,F,100,72.54
2025-11-26,9:50:32.833484731,T,KO,I,3,72.54
2025-11-26,9:50:32.833484731,T,KO,,100,72.54
2025-11-26,9:50:32.833487669,T,KO,I,22,72.54
2025-11-26,9:50:32.833487669,T,KO,I,22,72.54
2025-11-26,9:50:32.833887462,T,KO,F,100,72.54
2025-11-26,9:50:32.833890487,T,KO,F I,27,72.54
2025-11-26,9:50:32.833893624,T,KO,F,100,72.54
2025-11-26,9:50:32.833893624,T,KO,F I,60,72.54
2025-11-26,9:50:32.834711485,T,KO,F I,60,72.53
2025-11-26,9:50:32.834714520,T,KO,F I,27,72.53
2025-11-26,9:50:32.835324870,T,KO,I,22,72.53
2025-11-26,9:50:32.835324870,T,KO,I,88,72.53
2025-11-26,9:50:32.835354989,T,KO,F I,12,72.53
2025-11-26,9:50:32.836037982,T,KO,F,100,72.53
2025-11-26,9:50:32.836040587,T,KO,F,100,72.53
2025-11-26,9:50:32.836043581,T,KO,F I,27,72.53
2025-11-26,9:50:32.836046656,T,KO,F,100,72.53
2025-11-26,9:50:32.836046656,T,KO,F,100,72.53
2025-11-26,9:50:32.836485881,T,KO,F I,22,72.53
2025-11-26,9:50:32.836488793,T,KO,F,100,72.53
2025-11-26,9:50:32.836492631,T,KO,F,100,72.53
2025-11-26,9:50:32.836492631,T,KO,F,100,72.53
2025-11-26,9:50:32.836783585,T,KO,F I,27,72.53
2025-11-26,9:50:32.836786370,T,KO,F I,22,72.53
2025-11-26,9:50:32.837295361,T,KO,F I,22,72.53
2025-11-26,9:50:32.837297658,T,KO,F I,3,72.53
2025-11-26,9:50:32.837399865,T,KO,I,22,72.54
2025-11-26,9:50:32.837402854,T,KO,I,78,72.54
2025-11-26,9:50:32.837421150,T,KO,I,5,72.54
2025-11-26,9:50:32.837424199,T,KO,I,1,72.54
2025-11-26,9:50:32.837424199,T,KO,I,16,72.54
2025-11-26,9:50:36.071867460,T,KO,F I,27,72.55
2025-11-26,9:50:36.071870457,T,KO,F,161,72.55
2025-11-26,9:50:36.071873492,T,KO,F,100,72.55
2025-11-26,9:50:36.071873492,T,KO,F I,1,72.55
2025-11-26,9:50:36.071921721,T,KO,F I,1,72.55
2025-11-26,9:50:36.071948689,T,KO,F I,26,72.55
2025-11-26,9:50:36.071951603,T,KO,F I,1,72.55
2025-11-26,9:50:36.071963879,T,KO,F I,1,72.55
2025-11-26,9:50:41.231637721,T,KO,F I,28,72.54
2025-11-26,9:50:41.231640555,T,KO,F,185,72.54
2025-11-26,9:50:41.231640555,T,KO,F I,1,72.54
2025-11-26,9:50:41.231679663,T,KO,F I,28,72.54
2025-11-26,9:50:41.231679663,T,KO,F I,1,72.54
2025-11-26,9:50:42.145653196,T,KO,F,100,72.53
2025-11-26,9:50:42.145655491,T,KO,F I,54,72.52
2025-11-26,9:50:43.551148955,T,KO,F I,29,72.52
2025-11-26,9:50:43.551152027,T,KO,F,308,72.52
2025-11-26,9:50:43.630613256,T,KO,F I,5,72.52
2025-11-26,9:50:43.631067878,T,KO,F I,18,72.52
2025-11-26,9:50:43.631067878,T,KO,F,100,72.52
2025-11-26,9:50:43.631070582,T,KO,F I,50,72.52
2025-11-26,9:50:43.631070582,T,KO,F I,6,72.52
2025-11-26,9:50:43.631088728,T,KO,I,1,72.52
2025-11-26,9:50:43.631088728,T,KO,F,174,72.52
2025-11-26,9:50:43.631094390,T,KO,I,25,72.52
2025-11-26,9:50:46.648496003,T,KO,F I,29,72.52
2025-11-26,9:50:46.648499114,T,KO,F I,1,72.52
2025-11-26,9:50:46.648502086,T,KO,F,109,72.52
2025-11-26,9:50:46.947573386,T,KO,F I,18,72.51
2025-11-26,9:50:46.947573386,T,KO,F I,29,72.51
2025-11-26,9:50:46.947576339,T,KO,F I,62,72.51
2025-11-26,9:50:46.954943936,T,KO,I,24,72.51
2025-11-26,9:50:48.260843216,T,KO,F I,3,72.52
2025-11-26,9:50:50.093305634,T,KO,I,6,72.525
2025-11-26,9:50:55.198237172,T,KO,I,29,72.52
2025-11-26,9:50:55.198973860,T,KO,,100,72.52
2025-11-26,9:50:55.198976905,T,KO,I,23,72.52
2025-11-26,9:50:58.621007539,T,KO,I,1,72.53
2025-11-26,9:50:58.621010234,T,KO,F I,2,72.53
2025-11-26,9:50:58.621013257,T,KO,F I,50,72.53
2025-11-26,9:51:01.873358421,T,KO,I,29,72.54
2025-11-26,9:51:02.049172216,T,KO,I,8,72.535
2025-11-26,9:51:03.617314099,T,KO,,100,72.53
2025-11-26,9:51:03.617317064,T,KO,I,24,72.53
2025-11-26,9:51:03.617329036,T,KO,I,1,72.53
2025-11-26,9:51:03.617332498,T,KO,I,52,72.53
2025-11-26,9:51:03.617341919,T,KO,F I,3,72.53
2025-11-26,9:51:03.617344344,T,KO,F I,13,72.53
2025-11-26,9:51:03.617344344,T,KO,F I,29,72.53
2025-11-26,9:51:05.578080141,T,KO,F I,25,72.51
2025-11-26,9:51:05.578083818,T,KO,F I,5,72.51
2025-11-26,9:51:05.578086131,T,KO,F I,29,72.51
2025-11-26,9:51:05.578086131,T,KO,F I,57,72.5
2025-11-26,9:51:05.580374558,T,KO,F I,1,72.5
2025-11-26,9:51:05.580401535,T,KO,I,1,72.5
2025-11-26,9:51:06.834189842,T,KO,F I,27,72.5
2025-11-26,9:51:06.834192707,T,KO,F I,40,72.5
2025-11-26,9:51:06.834196540,T,KO,F,100,72.5
2025-11-26,9:51:06.834196540,T,KO,F I,1,72.5
2025-11-26,9:51:06.834198835,T,KO,F I,1,72.5
2025-11-26,9:51:10.467776902,T,KO,F I,1,72.5
2025-11-26,9:51:10.467780200,T,KO,F I,27,72.5
2025-11-26,9:51:10.468312160,T,KO,I,27,72.5
2025-11-26,9:51:10.468315211,T,KO,I,1,72.5
2025-11-26,9:51:10.648510423,T,KO,I,2,72.495
2025-11-26,9:51:10.679231604,T,KO,I,1,72.495
2025-11-26,9:51:10.679231604,T,KO,I,1,72.5
2025-11-26,9:51:12.783517427,T,KO,F I,50,72.5
2025-11-26,9:51:12.783580476,T,KO,I,29,72.5
2025-11-26,9:51:14.329520566,T,KO,F I,29,72.5
2025-11-26,9:51:19.697900468,T,KO,,100,72.535
2025-11-26,9:51:19.705514611,T,KO,I,8,72.54
2025-11-26,9:51:19.706497933,T,KO,,100,72.545
2025-11-26,9:51:23.428898719,T,KO,F I,28,72.54
2025-11-26,9:51:23.488461642,T,KO,F,100,72.53
2025-11-26,9:51:23.488461642,T,KO,F I,1,72.53
2025-11-26,9:51:23.488464577,T,KO,F I,9,72.53
2025-11-26,9:51:23.638443889,T,KO,F,100,72.52
2025-11-26,9:51:23.638447059,T,KO,F I,25,72.51
2025-11-26,9:51:23.638450745,T,KO,F,200,72.51
2025-11-26,9:51:23.638450745,T,KO,F I,25,72.5
2025-11-26,9:51:23.638453257,T,KO,F,200,72.5
2025-11-26,9:51:23.639361286,T,KO,,100,72.51
2025-11-26,9:51:23.639364370,T,KO,,100,72.51
2025-11-26,9:51:23.639367027,T,KO,,100,72.51
2025-11-26,9:51:23.639379059,T,KO,I,1,72.51
2025-11-26,9:51:23.639427133,T,KO,F I,4,72.51
2025-11-26,9:51:23.639431265,T,KO,F I,23,72.51
2025-11-26,9:51:23.639436147,T,KO,F,100,72.51
2025-11-26,9:51:23.639436147,T,KO,F I,25,72.51
2025-11-26,9:51:23.639436147,T,KO,F I,50,72.51
2025-11-26,9:51:26.408978421,T,KO,,100,72.515
2025-11-26,9:51:34.147546583,T,KO,F I,50,72.52
2025-11-26,9:51:34.147579707,T,KO,F I,23,72.52
2025-11-26,9:51:34.148244579,T,KO,F,100,72.51
2025-11-26,9:51:34.148247287,T,KO,F I,25,72.51
2025-11-26,9:51:34.541157017,T,KO,F I,6,72.5
2025-11-26,9:51:36.470275687,T,KO,I,5,72.49
2025-11-26,9:51:36.733664929,T,KO,F,194,72.48
2025-11-26,9:51:36.733664929,T,KO,F I,25,72.47
2025-11-26,9:51:36.733670328,T,KO,F,100,72.47
2025-11-26,9:51:36.733670328,T,KO,F I,58,72.47
2025-11-26,9:51:36.733898551,T,KO,F I,42,72.47
2025-11-26,9:51:43.223135160,T,KO,F I,6,72.47
2025-11-26,9:52:02.046617654,T,KO,F I,80,72.48
2025-11-26,9:52:02.046617654,T,KO,F I,30,72.48
2025-11-26,9:52:04.993735888,T,KO,I,20,72.47
2025-11-26,9:52:08.408675322,T,KO,F I,53,72.485
2025-11-26,9:52:08.408681356,T,KO,F I,47,72.485
2025-11-26,9:52:08.408684311,T,KO,F I,1,72.49
2025-11-26,9:52:08.408687326,T,KO,F I,2,72.49
2025-11-26,9:52:08.409405987,T,KO,I,50,72.49
2025-11-26,9:52:08.410326169,T,KO,I,22,72.49
2025-11-26,9:52:08.410326169,T,KO,,100,72.49
2025-11-26,9:52:08.410350334,T,KO,I,1,72.49
2025-11-26,9:52:08.410371272,T,KO,F I,99,72.49
2025-11-26,9:52:08.410374274,T,KO,F,100,72.49
2025-11-26,9:52:12.376941571,T,KO,F I,3,72.48
2025-11-26,9:52:12.383617619,T,KO,I,22,72.48
2025-11-26,9:52:12.383623525,T,KO,I,5,72.48
2025-11-26,9:52:12.383623525,T,KO,I,22,72.48
2025-11-26,9:52:12.383626497,T,KO,I,1,72.48
2025-11-26,9:52:12.383626497,T,KO,I,25,72.48
2025-11-26,9:52:12.436507979,T,KO,F I,22,72.49
2025-11-26,9:52:16.920384855,T,KO,,100,72.495
2025-11-26,9:52:17.904565838,T,KO,F I,11,72.49
2025-11-26,9:52:17.904569290,T,KO,F I,22,72.49
2025-11-26,9:52:17.904572036,T,KO,F I,1,72.49
2025-11-26,9:52:17.904574869,T,KO,F,147,72.49
2025-11-26,9:52:18.085558285,T,KO,F,100,72.48
2025-11-26,9:52:18.085558285,T,KO,F I,20,72.48
2025-11-26,9:52:20.697104008,T,KO,F I,1,72.47
2025-11-26,9:52:20.697104008,T,KO,F I,95,72.47
2025-11-26,9:52:20.849567097,T,KO,F I,1,72.46
2025-11-26,9:52:20.849570140,T,KO,F,100,72.46
2025-11-26,9:52:21.140278439,T,KO,F I,4,72.45
2025-11-26,9:52:22.005742815,T,KO,I,5,72.445
2025-11-26,9:52:24.399636374,T,KO,,100,72.455
2025-11-26,9:52:26.043579830,T,KO,F,324,72.45
2025-11-26,9:52:26.043582983,T,KO,F I,40,72.45
2025-11-26,9:52:26.043582983,T,KO,F I,1,72.45
2025-11-26,9:52:26.478619990,T,KO,,100,72.435
2025-11-26,9:52:28.085866949,T,KO,I,23,72.435
2025-11-26,9:52:28.327652298,T,KO,F I,2,72.43
2025-11-26,9:52:28.327652298,T,KO,F I,2,72.43
2025-11-26,9:52:28.327654853,T,KO,F,648,72.43
2025-11-26,9:52:29.010800918,T,KO,F I,4,72.43
2025-11-26,9:52:29.010800918,T,KO,F I,25,72.43
2025-11-26,9:52:29.010806993,T,KO,F,100,72.43
2025-11-26,9:52:29.010809928,T,KO,F,100,72.43
2025-11-26,9:52:29.010809928,T,KO,,200,72.43
2025-11-26,9:52:31.197474018,T,KO,F I,4,72.43
2025-11-26,9:52:32.198023659,T,KO,F,100,72.42
2025-11-26,9:52:32.198023659,T,KO,F I,20,72.42
2025-11-26,9:52:32.198025981,T,KO,F I,1,72.42
2025-11-26,9:52:32.198038098,T,KO,I,1,72.42
2025-11-26,9:52:33.523366722,T,KO,F I,3,72.42
2025-11-26,9:52:35.070085456,T,KO,I,1,72.43
2025-11-26,9:52:35.070626825,T,KO,F I,59,72.43
2025-11-26,9:52:38.318253829,T,KO,F,100,72.42
2025-11-26,9:52:38.318256906,T,KO,F,100,72.42
2025-11-26,9:52:39.057191699,T,KO,I,13,72.415
2025-11-26,9:52:47.429603504,T,KO,F I,50,72.4
2025-11-26,9:52:47.429606614,T,KO,F,100,72.4
2025-11-26,9:52:49.393235424,T,KO,I,50,72.41
2025-11-26,9:52:49.393235424,T,KO,I,6,72.41
2025-11-26,9:52:54.126451622,T,KO,I,5,72.425
2025-11-26,9:52:55.157505341,T,KO,I,25,72.44
2025-11-26,9:52:55.711562923,T,KO,,100,72.44
2025-11-26,9:52:55.711581169,T,KO,I,1,72.44
2025-11-26,9:52:55.711581169,T,KO,I,24,72.44
2025-11-26,9:52:58.484004234,T,KO,F I,58,72.43
2025-11-26,9:52:58.974373382,T,KO,F,500,72.42
2025-11-26,9:52:58.974373382,T,KO,F I,36,72.42
2025-11-26,9:52:59.075922208,T,KO,F I,31,72.42
2025-11-26,9:52:59.075922208,T,KO,F I,25,72.42
2025-11-26,9:53:01.420645540,T,KO,F I,31,72.43
2025-11-26,9:53:01.420696638,T,KO,I,31,72.43
2025-11-26,9:53:02.930259002,T,KO,F I,31,72.42
2025-11-26,9:53:04.761290017,T,KO,I,5,72.415
2025-11-26,9:53:05.079168099,T,KO,F I,20,72.43
2025-11-26,9:53:05.217638864,T,KO,I,30,72.43
2025-11-26,9:53:05.217972722,T,KO,F I,33,72.43
2025-11-26,9:53:05.442078436,T,KO,F I,10,72.43
2025-11-26,9:53:05.521395396,T,KO,F I,20,72.43
2025-11-26,9:53:05.653935992,T,KO,F I,30,72.43
2025-11-26,9:53:06.039033225,T,KO,F I,3,72.44
2025-11-26,9:53:09.147672148,T,KO,F I,30,72.44
2025-11-26,9:53:09.147672148,T,KO,F I,78,72.44
2025-11-26,9:53:09.148204476,T,KO,I,30,72.44
2025-11-26,9:53:09.475055855,T,KO,F I,4,72.44
2025-11-26,9:53:09.475058898,T,KO,F I,30,72.44
2025-11-26,9:53:09.475061972,T,KO,F I,6,72.44
2025-11-26,9:53:12.367726602,T,KO,,100,72.43
2025-11-26,9:53:12.367726602,T,KO,I,4,72.43
2025-11-26,9:53:12.367729876,T,KO,I,12,72.43
2025-11-26,9:53:14.363883816,T,KO,I,50,72.42
2025-11-26,9:53:17.658807729,T,KO,F I,70,72.41
2025-11-26,9:53:17.658810473,T,KO,F I,11,72.41
2025-11-26,9:53:17.658867523,T,KO,I,29,72.41
2025-11-26,9:53:17.658885684,T,KO,F I,4,72.41
2025-11-26,9:53:17.658888620,T,KO,F I,25,72.41
2025-11-26,9:53:17.658891659,T,KO,F I,71,72.41
2025-11-26,9:53:17.659352235,T,KO,F,100,72.41
2025-11-26,9:53:17.659354824,T,KO,F I,29,72.41
2025-11-26,9:53:17.659357699,T,KO,F,100,72.41
2025-11-26,9:53:17.659357699,T,KO,F I,29,72.41
2025-11-26,9:53:22.678786703,T,KO,F I,29,72.41
2025-11-26,9:53:25.593890976,T,KO,F I,4,72.41
2025-11-26,9:53:25.593890976,T,KO,F I,24,72.41
2025-11-26,9:53:25.594618319,T,KO,F I,4,72.41
2025-11-26,9:53:25.598747473,T,KO,,444,72.42
2025-11-26,9:53:25.598771206,T,KO,F I,65,72.42
2025-11-26,9:53:27.484520545,T,KO,F I,8,72.43
2025-11-26,9:53:28.404495724,T,KO,,100,72.44
2025-11-26,9:53:28.404498760,T,KO,I,25,72.44
2025-11-26,9:53:28.404510985,T,KO,I,1,72.44
2025-11-26,9:53:28.404513771,T,KO,,100,72.44
2025-11-26,9:53:28.404516762,T,KO,I,99,72.44
2025-11-26,9:53:28.404534779,T,KO,,100,72.44
2025-11-26,9:53:28.404567864,T,KO,,100,72.44
2025-11-26,9:53:28.448238025,T,KO,F I,1,72.45
2025-11-26,9:53:28.448240913,T,KO,F I,3,72.45
2025-11-26,9:53:28.448240913,T,KO,F,100,72.45
2025-11-26,9:53:28.448243872,T,KO,F I,5,72.45
2025-11-26,9:53:28.448816080,T,KO,F I,28,72.46
2025-11-26,9:53:28.453687062,T,KO,F I,30,72.46
2025-11-26,9:53:28.453689920,T,KO,F I,30,72.46
2025-11-26,9:53:28.476327768,T,KO,I,4,72.46
2025-11-26,9:53:28.476327768,T,KO,I,30,72.46
2025-11-26,9:53:28.476330808,T,KO,I,30,72.46
2025-11-26,9:53:28.476333824,T,KO,,100,72.46
2025-11-26,9:53:28.476336753,T,KO,,100,72.46
2025-11-26,9:53:28.476336753,T,KO,I,25,72.46
2025-11-26,9:53:30.244082159,T,KO,,100,72.465
2025-11-26,9:53:30.584005724,T,KO,I,30,72.47
2025-11-26,9:53:32.895875941,T,KO,I,51,72.465
2025-11-26,9:53:32.895957190,T,KO,I,51,72.465
2025-11-26,9:53:32.896116571,T,KO,I,48,72.465
2025-11-26,9:53:32.896119817,T,KO,I,1,72.47
2025-11-26,9:53:32.896122574,T,KO,I,2,72.47
2025-11-26,9:53:32.896137541,T,KO,I,48,72.47
2025-11-26,9:53:32.899601904,T,KO,I,28,72.47
2025-11-26,9:53:34.599643809,T,KO,F I,27,72.46
2025-11-26,9:53:34.600167054,T,KO,F I,44,72.46
2025-11-26,9:53:34.606521189,T,KO,I,27,72.455
2025-11-26,9:53:36.553183878,T,KO,F,274,72.45
2025-11-26,9:53:36.553186677,T,KO,F,126,72.45
2025-11-26,9:53:36.553406383,T,KO,I,29,72.45
2025-11-26,9:53:36.873473625,T,KO,F I,1,72.44
2025-11-26,9:53:36.873473625,T,KO,F I,1,72.44
2025-11-26,9:53:36.888467252,T,KO,F I,7,72.43
2025-11-26,9:53:37.201047101,T,KO,F I,1,72.42
2025-11-26,9:53:37.201047101,T,KO,F I,69,72.42
2025-11-26,9:53:39.597842025,T,KO,F I,14,72.43
2025-11-26,9:53:40.822788671,T,KO,,100,72.425
2025-11-26,9:53:40.891908339,T,KO,F I,10,72.42
2025-11-26,9:53:40.891908339,T,KO,F I,5,72.42
2025-11-26,9:53:40.891935317,T,KO,F,100,72.42
2025-11-26,9:53:40.891935317,T,KO,F,100,72.42
2025-11-26,9:53:40.892855491,T,KO,I,27,72.42
2025-11-26,9:53:40.892858531,T,KO,I,4,72.42
2025-11-26,9:53:40.892912660,T,KO,I,3,72.43
2025-11-26,9:53:42.131228932,T,KO,F I,5,72.44
2025-11-26,9:53:42.131231951,T,KO,F I,27,72.44
2025-11-26,9:53:46.420756402,T,KO,F I,12,72.42
2025-11-26,9:54:02.271872659,T,KO,F,100,72.42
2025-11-26,9:54:02.271875636,T,KO,F I,6,72.42
2025-11-26,9:54:05.461133632,T,KO,F I,5,72.43
2025-11-26,9:54:09.929019061,T,KO,F,100,72.44
2025-11-26,9:54:11.084506190,T,KO,,100,72.45
2025-11-26,9:54:11.587568328,T,KO,,100,72.45
2025-11-26,9:54:12.281022926,T,KO,I,10,72.47
2025-11-26,9:54:12.281025880,T,KO,,100,72.47
2025-11-26,9:54:12.281028991,T,KO,,110,72.47
2025-11-26,9:54:12.281044033,T,KO,I,1,72.47
2025-11-26,9:54:12.281046972,T,KO,I,89,72.47
2025-11-26,9:54:12.281083089,T,KO,,100,72.47
2025-11-26,9:54:13.393218900,T,KO,,100,72.47
2025-11-26,9:54:13.394635302,T,KO,F,100,72.47
2025-11-26,9:54:13.394638802,T,KO,F I,24,72.47
2025-11-26,9:54:13.394638802,T,KO,F,100,72.47
2025-11-26,9:54:13.479172684,T,KO,I,1,72.465
2025-11-26,9:54:14.468992260,T,KO,I,24,72.46
2025-11-26,9:54:17.521500241,T,KO,F,100,72.45
2025-11-26,9:54:17.521500241,T,KO,F,100,72.45
2025-11-26,9:54:17.521505492,T,KO,F,100,72.45
2025-11-26,9:54:17.521511662,T,KO,F,200,72.45
2025-11-26,9:54:17.521511662,T,KO,F,300,72.45
2025-11-26,9:54:17.542540504,T,KO,,100,72.45
2025-11-26,9:54:17.652786067,T,KO,,100,72.45
2025-11-26,9:54:17.652807177,T,KO,I,11,72.45
2025-11-26,9:54:17.652810153,T,KO,I,1,72.45
2025-11-26,9:54:17.652834285,T,KO,I,24,72.45
2025-11-26,9:54:17.652855294,T,KO,F,100,72.45
2025-11-26,9:54:17.652873276,T,KO,I,1,72.45
2025-11-26,9:54:17.652882354,T,KO,I,99,72.45
2025-11-26,9:54:18.440686693,T,KO,I,28,72.445
2025-11-26,9:54:18.727386588,T,KO,I,4,72.45
2025-11-26,9:54:18.727386588,T,KO,I,24,72.45
2025-11-26,9:54:18.727717302,T,KO,,100,72.45
2025-11-26,9:54:18.727723380,T,KO,I,24,72.45
2025-11-26,9:54:18.727723380,T,KO,I,4,72.45
2025-11-26,9:54:20.677242629,T,KO,I,24,72.445
2025-11-26,9:54:21.382539386,T,KO,I,24,72.45
2025-11-26,9:54:30.462927477,T,KO,F,100,72.46
2025-11-26,9:54:30.613481007,T,KO,,100,72.46
2025-11-26,9:54:31.222464429,T,KO,,100,72.465
2025-11-26,9:54:31.410252714,T,KO,F I,4,72.46
2025-11-26,9:54:31.410255768,T,KO,F I,60,72.46
2025-11-26,9:54:31.410258703,T,KO,F,100,72.46
2025-11-26,9:54:31.410261701,T,KO,F I,25,72.46
2025-11-26,9:54:35.093906219,T,KO,F,100,72.455
2025-11-26,9:54:35.093906219,T,KO,F I,4,72.46
2025-11-26,9:54:35.093921606,T,KO,,100,72.46
2025-11-26,9:54:35.093921606,T,KO,I,3,72.46
2025-11-26,9:54:35.093936261,T,KO,I,20,72.46
2025-11-26,9:54:35.093942418,T,KO,I,1,72.46
2025-11-26,9:54:35.093942418,T,KO,,100,72.46
2025-11-26,9:54:35.099831197,T,KO,I,27,72.46
2025-11-26,9:54:35.099831197,T,KO,I,4,72.46
2025-11-26,9:54:35.555183813,T,KO,,100,72.45
2025-11-26,9:54:35.555186873,T,KO,I,2,72.45
2025-11-26,9:54:35.555190227,T,KO,I,5,72.45
2025-11-26,9:54:36.557074147,T,KO,I,8,72.45
2025-11-26,9:54:36.557077054,T,KO,I,27,72.45
2025-11-26,9:54:36.557077054,T,KO,I,4,72.45
2025-11-26,9:54:38.381859189,T,KO,,100,72.455
2025-11-26,9:54:48.553233804,T,KO,F I,4,72.46
2025-11-26,9:54:48.553239544,T,KO,F,100,72.46
2025-11-26,9:54:48.553239544,T,KO,F I,70,72.46
2025-11-26,9:54:48.553251739,T,KO,F,192,72.46
2025-11-26,9:54:48.553254654,T,KO,I,1,72.46
2025-11-26,9:54:48.736384750,T,KO,I,27,72.46
2025-11-26,9:54:54.900914144,T,KO,I,5,72.47
2025-11-26,9:54:54.900916832,T,KO,I,50,72.47
2025-11-26,9:54:56.430227693,T,KO,I,33,72.475
2025-11-26,9:54:56.430230320,T,KO,I,33,72.475
2025-11-26,9:54:56.430233242,T,KO,F I,33,72.475
2025-11-26,9:54:56.430648372,T,KO,I,21,72.48
2025-11-26,9:54:56.430651229,T,KO,I,12,72.48
2025-11-26,9:54:56.430885866,T,KO,F,100,72.48
2025-11-26,9:54:56.430885866,T,KO,F I,31,72.48
2025-11-26,9:54:56.430888855,T,KO,F I,27,72.48
2025-11-26,9:54:56.430921869,T,KO,I,27,72.48
2025-11-26,9:54:56.921649107,T,KO,F I,60,72.47
2025-11-26,9:54:56.921649107,T,KO,F I,27,72.47
2025-11-26,9:54:56.921652375,T,KO,F I,20,72.47
2025-11-26,9:54:56.921654661,T,KO,F,400,72.47
2025-11-26,9:55:01.046092041,T,KO,F I,37,72.47
2025-11-26,9:55:01.046095678,T,KO,F I,6,72.47
2025-11-26,9:55:03.193647797,T,KO,I,21,72.49
2025-11-26,9:55:03.209396788,T,KO,F I,25,72.5
2025-11-26,9:55:03.209399339,T,KO,F,100,72.5
2025-11-26,9:55:03.210124183,T,KO,F,100,72.49
2025-11-26,9:55:03.210124183,T,KO,F,100,72.49
2025-11-26,9:55:03.698120356,T,KO,,100,72.49
2025-11-26,9:55:09.491992760,T,KO,I,3,72.52
2025-11-26,9:55:09.492016846,T,KO,I,3,72.52
2025-11-26,9:55:09.492016846,T,KO,I,1,72.52
2025-11-26,9:55:10.288650244,T,KO,F I,60,72.52
2025-11-26,9:55:10.566175148,T,KO,F,100,72.51
2025-11-26,9:55:10.566175148,T,KO,F I,1,72.51
2025-11-26,9:55:10.566178457,T,KO,F I,60,72.51
2025-11-26,9:55:10.566181210,T,KO,F I,25,72.51
2025-11-26,9:55:10.566190254,T,KO,I,1,72.51
2025-11-26,9:55:10.566632225,T,KO,I,29,72.51
2025-11-26,9:55:10.566650275,T,KO,F I,4,72.51
2025-11-26,9:55:10.566863798,T,KO,F I,5,72.51
