DATE,TIME_M,EX,SYM_ROOT,TR_SCOND,SIZE,PRICE
2025-10-06,9:30:00.312758367,T,KO,FTI,2,66.55
2025-10-06,9:30:00.331565143,T,KO,O I,4,66.56
2025-10-06,9:30:00.331658283,T,KO,Q,4,66.56
2025-10-06,9:30:00.416412154,T,KO,I,1,66.46
2025-10-06,9:30:01.584147646,T,KO,F I,4,66.44
2025-10-06,9:30:01.584150645,T,KO,F I,1,66.4
2025-10-06,9:30:01.584153661,T,KO,F I,4,66.4
2025-10-06,9:30:01.724777575,T,KO,I,30,66.43
2025-10-06,9:30:01.724780627,T,KO,,136,66.44
2025-10-06,9:30:01.724825722,T,KO,,100,66.44
2025-10-06,9:30:01.758529983,T,KO,I,22,66.43
2025-10-06,9:30:01.758532985,T,KO,,200,66.43
2025-10-06,9:30:01.794706359,T,KO,F,200,66.41
2025-10-06,9:30:01.794709171,T,KO,F,100,66.41
2025-10-06,9:30:02.221969811,T,KO,,100,66.41
2025-10-06,9:30:02.232422680,T,KO,I,22,66.42
2025-10-06,9:30:02.232509943,T,KO,,200,66.42
2025-10-06,9:30:02.355716334,T,KO,,100,66.415
2025-10-06,9:30:02.570475958,T,KO,I,9,66.415
2025-10-06,9:30:02.620391878,T,KO,I,44,66.415
2025-10-06,9:30:03.380812863,T,KO,,100,66.43
2025-10-06,9:30:03.380851949,T,KO,,200,66.43
2025-10-06,9:30:03.381376218,T,KO,,100,66.44
2025-10-06,9:30:03.381378298,T,KO,,200,66.44
2025-10-06,9:30:03.381381963,T,KO,I,30,66.44
2025-10-06,9:30:03.381381963,T,KO,,400,66.44
2025-10-06,9:30:03.381384292,T,KO,,200,66.44
2025-10-06,9:30:03.381424104,T,KO,I,46,66.44
2025-10-06,9:30:03.388433048,T,KO,F,400,66.46
2025-10-06,9:30:03.443223566,T,KO,I,1,66.46
2025-10-06,9:30:03.443259655,T,KO,I,99,66.46
2025-10-06,9:30:03.517521488,T,KO,I,93,66.46
2025-10-06,9:30:03.517539661,T,KO,I,7,66.46
2025-10-06,9:30:03.924192108,T,KO,I,4,66.47
2025-10-06,9:30:03.924258255,T,KO,F,400,66.48
2025-10-06,9:30:03.924558980,T,KO,F,400,66.49
2025-10-06,9:30:04.048081214,T,KO,F I,30,66.48
2025-10-06,9:30:04.048084200,T,KO,F,200,66.48
2025-10-06,9:30:04.299326500,T,KO,I,32,66.47
2025-10-06,9:30:04.299428740,T,KO,I,18,66.47
2025-10-06,9:30:04.299431726,T,KO,I,62,66.47
2025-10-06,9:30:04.299843753,T,KO,I,10,66.47
2025-10-06,9:30:04.366184728,T,KO,,183,66.47
2025-10-06,9:30:04.366199767,T,KO,,215,66.47
2025-10-06,9:30:04.397618552,T,KO,F I,31,66.48
2025-10-06,9:30:04.913933260,T,KO,I,2,66.44
2025-10-06,9:30:05.585358279,T,KO,I,30,66.46
2025-10-06,9:30:05.585358279,T,KO,I,10,66.46
2025-10-06,9:30:05.585363422,T,KO,,160,66.46
2025-10-06,9:30:05.585381459,T,KO,I,4,66.46
2025-10-06,9:30:05.585399552,T,KO,I,36,66.46
2025-10-06,9:30:05.585399552,T,KO,I,27,66.49
2025-10-06,9:30:05.654690648,T,KO,I,2,66.47
2025-10-06,9:30:07.932625080,T,KO,I,1,66.46
2025-10-06,9:30:07.934170826,T,KO,F I,50,66.44
2025-10-06,9:30:07.934462466,T,KO,F I,23,66.43
2025-10-06,9:30:07.972424937,T,KO,F I,1,66.44
2025-10-06,9:30:08.461990900,T,KO,F I,99,66.44
2025-10-06,9:30:08.461993881,T,KO,F I,67,66.45
2025-10-06,9:30:08.754440383,T,KO,F,333,66.45
2025-10-06,9:30:08.755270355,T,KO,F,400,66.47
2025-10-06,9:30:08.755399644,T,KO,F,400,66.48
2025-10-06,9:30:08.755426705,T,KO,F I,53,66.48
2025-10-06,9:30:08.755892876,T,KO,I,23,66.46
2025-10-06,9:30:08.755932001,T,KO,,377,66.46
2025-10-06,9:30:08.755932001,T,KO,,200,66.46
2025-10-06,9:30:09.457926884,T,KO,I,10,66.455
2025-10-06,9:30:10.035470477,T,KO,,100,66.455
2025-10-06,9:30:10.983024434,T,KO,F,100,66.47
2025-10-06,9:30:11.079494218,T,KO,F,100,66.48
2025-10-06,9:30:11.501366053,T,KO,I,1,66.495
2025-10-06,9:30:11.504950499,T,KO,I,5,66.495
2025-10-06,9:30:11.504956571,T,KO,I,1,66.495
2025-10-06,9:30:11.508062962,T,KO,I,2,66.495
2025-10-06,9:30:11.508062962,T,KO,I,2,66.495
2025-10-06,9:30:11.572398271,T,KO,I,2,66.495
2025-10-06,9:30:11.572401141,T,KO,I,1,66.495
2025-10-06,9:30:12.099126639,T,KO,F,100,66.49
2025-10-06,9:30:13.665154515,T,KO,F,200,66.49
2025-10-06,9:30:13.665455265,T,KO,F,200,66.48
2025-10-06,9:30:13.666113761,T,KO,F,400,66.46
2025-10-06,9:30:13.666117533,T,KO,F,200,66.46
2025-10-06,9:30:15.122590836,T,KO,,100,66.46
2025-10-06,9:30:16.585587269,T,KO,F,124,66.47
2025-10-06,9:30:16.765123834,T,KO,F,100,66.48
2025-10-06,9:30:17.068011240,T,KO,F,100,66.49
2025-10-06,9:30:19.505514785,T,KO,,200,66.485
2025-10-06,9:30:20.118480322,T,KO,,100,66.48
2025-10-06,9:30:20.118485674,T,KO,,100,66.48
2025-10-06,9:30:20.118503732,T,KO,F,100,66.48
2025-10-06,9:30:20.118503732,T,KO,F,100,66.48
2025-10-06,9:30:20.118972898,T,KO,F,200,66.47
2025-10-06,9:30:20.343917650,T,KO,,100,66.46
2025-10-06,9:30:20.345013252,T,KO,I,5,66.45
2025-10-06,9:30:20.345015536,T,KO,,100,66.45
2025-10-06,9:30:20.345018205,T,KO,,100,66.45
2025-10-06,9:30:20.683227731,T,KO,I,61,66.46
2025-10-06,9:30:21.193937177,T,KO,,200,66.46
2025-10-06,9:30:21.852764227,T,KO,,200,66.485
2025-10-06,9:30:23.982614069,T,KO,F,100,66.48
2025-10-06,9:30:28.323422840,T,KO,I,43,66.47
2025-10-06,9:30:28.323479975,T,KO,I,57,66.47
2025-10-06,9:30:28.324463264,T,KO,,100,66.5
2025-10-06,9:30:28.325055700,T,KO,,100,66.5
2025-10-06,9:30:28.325094868,T,KO,,115,66.5
2025-10-06,9:30:28.325599987,T,KO,I,46,66.47
2025-10-06,9:30:28.405458248,T,KO,,100,66.48
2025-10-06,9:30:28.866399089,T,KO,,100,66.48
2025-10-06,9:30:28.866402057,T,KO,,231,66.48
2025-10-06,9:30:28.866441136,T,KO,F I,58,66.48
2025-10-06,9:30:28.866441136,T,KO,F I,11,66.48
2025-10-06,9:30:28.866486325,T,KO,I,24,66.48
2025-10-06,9:30:28.866486325,T,KO,,100,66.48
2025-10-06,9:30:29.617034874,T,KO,,100,66.475
2025-10-06,9:30:30.330944286,T,KO,F,400,66.46
2025-10-06,9:30:30.330956253,T,KO,I,39,66.46
2025-10-06,9:30:30.331251002,T,KO,F I,61,66.46
2025-10-06,9:30:30.331254047,T,KO,F,338,66.45
2025-10-06,9:30:30.942077849,T,KO,,400,66.44
2025-10-06,9:30:30.942255464,T,KO,F,350,66.43
2025-10-06,9:30:30.943275477,T,KO,I,24,66.43
2025-10-06,9:30:30.943275477,T,KO,I,46,66.43
2025-10-06,9:30:30.944288586,T,KO,,100,66.42
2025-10-06,9:30:30.944291253,T,KO,,100,66.42
2025-10-06,9:30:30.944294105,T,KO,,100,66.42
2025-10-06,9:30:30.945906016,T,KO,I,7,66.41
2025-10-06,9:30:30.945906016,T,KO,,193,66.41
2025-10-06,9:30:30.947150886,T,KO,,100,66.41
2025-10-06,9:30:30.947959884,T,KO,,100,66.41
2025-10-06,9:30:30.972943343,T,KO,,200,66.42
2025-10-06,9:30:31.205348931,T,KO,,120,66.42
2025-10-06,9:30:31.997790333,T,KO,,200,66.425
2025-10-06,9:30:32.166327162,T,KO,,200,66.425
2025-10-06,9:30:32.166329785,T,KO,I,29,66.41
2025-10-06,9:30:32.166405018,T,KO,F I,82,66.42
2025-10-06,9:30:38.038653273,T,KO,F I,82,66.42
2025-10-06,9:30:38.038686321,T,KO,F,246,66.41
2025-10-06,9:30:38.038695258,T,KO,,154,66.41
2025-10-06,9:30:38.038698301,T,KO,I,2,66.41
2025-10-06,9:30:38.038698301,T,KO,,100,66.41
2025-10-06,9:30:38.039708710,T,KO,,100,66.4
2025-10-06,9:30:38.118604681,T,KO,F,200,66.4
2025-10-06,9:30:38.298814839,T,KO,,200,66.4
2025-10-06,9:30:39.674113901,T,KO,F,326,66.38
2025-10-06,9:30:39.674119530,T,KO,F,400,66.38
2025-10-06,9:30:39.676486168,T,KO,F,100,66.39
2025-10-06,9:30:39.676522266,T,KO,,135,66.4
2025-10-06,9:30:42.028917106,T,KO,I,21,66.39
2025-10-06,9:30:42.088988187,T,KO,,226,66.38
2025-10-06,9:30:44.199590437,T,KO,F I,1,66.37
2025-10-06,9:30:44.199592953,T,KO,F I,1,66.37
2025-10-06,9:30:44.199595249,T,KO,F I,4,66.37
2025-10-06,9:30:45.240455776,T,KO,I,1,66.35
2025-10-06,9:30:45.240458173,T,KO,I,4,66.35
2025-10-06,9:30:45.240461145,T,KO,I,6,66.35
2025-10-06,9:30:45.240461145,T,KO,I,9,66.35
2025-10-06,9:30:45.240509949,T,KO,I,1,66.35
2025-10-06,9:30:45.240512330,T,KO,I,2,66.35
2025-10-06,9:30:45.240515336,T,KO,,134,66.35
2025-10-06,9:30:45.303990708,T,KO,F,400,66.36
2025-10-06,9:30:45.303990708,T,KO,F,200,66.36
2025-10-06,9:30:48.804017839,T,KO,,305,66.38
2025-10-06,9:30:58.048642086,T,KO,,100,66.36
2025-10-06,9:30:58.048645179,T,KO,,200,66.35
2025-10-06,9:30:58.048648134,T,KO,,133,66.35
2025-10-06,9:30:58.048651099,T,KO,,242,66.35
2025-10-06,9:30:58.048966874,T,KO,I,25,66.35
2025-10-06,9:30:58.241840274,T,KO,,400,66.36
2025-10-06,9:30:58.241843307,T,KO,,200,66.36
2025-10-06,9:31:00.811815381,T,KO,I,60,66.35
2025-10-06,9:31:00.811818350,T,KO,I,15,66.35
2025-10-06,9:31:00.811947676,T,KO,,206,66.35
2025-10-06,9:31:00.812765648,T,KO,I,4,66.34
2025-10-06,9:31:00.815748694,T,KO,I,34,66.35
2025-10-06,9:31:00.818536380,T,KO,,100,66.35
2025-10-06,9:31:00.818557416,T,KO,I,1,66.35
2025-10-06,9:31:00.818566388,T,KO,I,33,66.35
2025-10-06,9:31:00.851049846,T,KO,I,11,66.34
2025-10-06,9:31:00.851049846,T,KO,,156,66.34
2025-10-06,9:31:00.851070790,T,KO,I,1,66.34
2025-10-06,9:31:00.852622570,T,KO,F,124,66.35
2025-10-06,9:31:00.852625527,T,KO,F,400,66.35
2025-10-06,9:31:02.821095937,T,KO,,124,66.34
2025-10-06,9:31:02.826920795,T,KO,I,69,66.33
2025-10-06,9:31:02.827236580,T,KO,F I,1,66.33
2025-10-06,9:31:02.827925226,T,KO,,300,66.335
2025-10-06,9:31:02.827928196,T,KO,,100,66.33
2025-10-06,9:31:02.827931209,T,KO,,100,66.33
2025-10-06,9:31:02.827931209,T,KO,,100,66.33
2025-10-06,9:31:03.486782440,T,KO,,100,66.34
2025-10-06,9:31:03.486782440,T,KO,,100,66.34
2025-10-06,9:31:09.326929223,T,KO,F,200,66.34
2025-10-06,9:31:09.351452668,T,KO,,100,66.33
2025-10-06,9:31:09.353539666,T,KO,,100,66.33
2025-10-06,9:31:09.401846707,T,KO,,100,66.33
2025-10-06,9:31:09.647862622,T,KO,F I,2,66.32
2025-10-06,9:31:09.647865766,T,KO,F I,1,66.32
2025-10-06,9:31:09.647865766,T,KO,F I,2,66.32
2025-10-06,9:31:09.647865766,T,KO,F I,1,66.32
2025-10-06,9:31:09.648594229,T,KO,F I,1,66.31
2025-10-06,9:31:09.648596445,T,KO,F I,4,66.31
2025-10-06,9:31:09.648602641,T,KO,F,100,66.31
2025-10-06,9:31:09.648609617,T,KO,F I,14,66.31
2025-10-06,9:31:09.649438727,T,KO,I,50,66.31
2025-10-06,9:31:09.649561720,T,KO,F I,50,66.31
2025-10-06,9:31:09.699020703,T,KO,I,10,66.31
2025-10-06,9:31:09.699020703,T,KO,,400,66.31
2025-10-06,9:31:09.699113736,T,KO,,100,66.31
2025-10-06,9:31:10.093833811,T,KO,,100,66.32
2025-10-06,9:31:10.093836859,T,KO,,100,66.32
2025-10-06,9:31:10.093869939,T,KO,I,20,66.32
2025-10-06,9:31:11.046268343,T,KO,I,1,66.3
2025-10-06,9:31:11.046268343,T,KO,I,2,66.3
2025-10-06,9:31:11.046271361,T,KO,I,12,66.3
2025-10-06,9:31:11.046319957,T,KO,I,88,66.3
2025-10-06,9:31:11.046329945,T,KO,I,3,66.3
2025-10-06,9:31:11.046329945,T,KO,I,35,66.3
2025-10-06,9:31:11.046341273,T,KO,I,2,66.3
2025-10-06,9:31:11.046341273,T,KO,I,10,66.3
2025-10-06,9:31:11.047326828,T,KO,I,33,66.3
2025-10-06,9:31:11.047326828,T,KO,I,14,66.3
2025-10-06,9:31:11.047420067,T,KO,I,53,66.305
2025-10-06,9:31:11.047420067,T,KO,I,47,66.3
2025-10-06,9:31:11.047441127,T,KO,I,1,66.3
2025-10-06,9:31:11.047735972,T,KO,F I,4,66.3
2025-10-06,9:31:14.695285566,T,KO,F,100,66.32
2025-10-06,9:31:14.771583140,T,KO,F I,97,66.34
2025-10-06,9:31:15.153363450,T,KO,F I,1,66.35
2025-10-06,9:31:15.153408527,T,KO,I,94,66.36
2025-10-06,9:31:15.153435921,T,KO,,306,66.36
2025-10-06,9:31:15.153435921,T,KO,I,5,66.36
2025-10-06,9:31:15.732052664,T,KO,,100,66.365
2025-10-06,9:31:15.854841123,T,KO,F,100,66.365
2025-10-06,9:31:16.692994420,T,KO,F,100,66.365
2025-10-06,9:31:20.350458658,T,KO,F,200,66.375
2025-10-06,9:31:24.360828429,T,KO,F,100,66.36
2025-10-06,9:31:24.361052334,T,KO,,100,66.35
2025-10-06,9:31:24.361052334,T,KO,,100,66.35
2025-10-06,9:31:24.361057134,T,KO,,169,66.35
2025-10-06,9:31:24.361057134,T,KO,,121,66.35
2025-10-06,9:31:24.361059984,T,KO,,100,66.345
2025-10-06,9:31:24.361059984,T,KO,,100,66.345
2025-10-06,9:31:24.361063328,T,KO,I,44,66.34
2025-10-06,9:31:24.361063328,T,KO,,200,66.34
2025-10-06,9:31:26.494804020,T,KO,F,200,66.325
2025-10-06,9:31:34.288959703,T,KO,,200,66.315
2025-10-06,9:31:34.446889883,T,KO,F,100,66.3
2025-10-06,9:31:34.448387499,T,KO,F,100,66.29
2025-10-06,9:31:34.448451129,T,KO,I,5,66.28
2025-10-06,9:31:34.448453594,T,KO,I,1,66.28
2025-10-06,9:31:34.448453594,T,KO,I,1,66.28
2025-10-06,9:31:34.448456681,T,KO,,400,66.28
2025-10-06,9:31:34.451217228,T,KO,F I,17,66.26
2025-10-06,9:31:35.272960560,T,KO,F I,1,66.25
2025-10-06,9:31:35.272963739,T,KO,F I,1,66.25
2025-10-06,9:31:35.272963739,T,KO,F I,1,66.25
2025-10-06,9:31:35.272966569,T,KO,F I,5,66.25
2025-10-06,9:31:35.273040208,T,KO,,131,66.26
2025-10-06,9:31:35.273249156,T,KO,F,100,66.25
2025-10-06,9:31:35.609859571,T,KO,F,100,66.26
2025-10-06,9:31:35.609862412,T,KO,F,100,66.26
2025-10-06,9:31:35.609864913,T,KO,F,191,66.26
2025-10-06,9:31:35.609864913,T,KO,F I,65,66.26
2025-10-06,9:31:35.609867911,T,KO,F I,11,66.26
2025-10-06,9:31:35.610346073,T,KO,,100,66.26
2025-10-06,9:31:35.610734131,T,KO,I,8,66.26
2025-10-06,9:31:35.611185093,T,KO,F I,12,66.26
2025-10-06,9:31:35.612208134,T,KO,I,12,66.26
2025-10-06,9:31:35.612210486,T,KO,,100,66.26
2025-10-06,9:31:35.613386284,T,KO,F,100,66.27
2025-10-06,9:31:35.613389269,T,KO,F,400,66.27
2025-10-06,9:31:37.259651292,T,KO,,200,66.275
2025-10-06,9:31:39.084986762,T,KO,I,37,66.26
2025-10-06,9:31:40.412191985,T,KO,I,10,66.255
2025-10-06,9:31:40.412814453,T,KO,F,100,66.26
2025-10-06,9:31:47.588340314,T,KO,F I,12,66.26
2025-10-06,9:31:47.588340314,T,KO,F,133,66.26
2025-10-06,9:31:47.588677092,T,KO,I,12,66.26
2025-10-06,9:31:47.588677092,T,KO,I,10,66.26
2025-10-06,9:31:47.588679772,T,KO,,100,66.26
2025-10-06,9:31:49.032932694,T,KO,I,10,66.245
2025-10-06,9:31:55.068457824,T,KO,F,200,66.27
2025-10-06,9:31:57.312561738,T,KO,,100,66.26
2025-10-06,9:31:57.312564879,T,KO,,200,66.26
2025-10-06,9:31:57.312564879,T,KO,,400,66.26
2025-10-06,9:31:57.312612950,T,KO,,100,66.27
2025-10-06,9:31:57.312670072,T,KO,,100,66.26
2025-10-06,9:31:57.312766230,T,KO,,200,66.26
2025-10-06,9:31:57.312766230,T,KO,,400,66.26
2025-10-06,9:31:57.312772298,T,KO,,100,66.26
2025-10-06,9:32:03.565375406,T,KO,I,10,66.245
2025-10-06,9:32:06.639399179,T,KO,,100,66.25
2025-10-06,9:32:06.639414113,T,KO,I,1,66.25
2025-10-06,9:32:06.639426194,T,KO,,154,66.25
2025-10-06,9:32:06.776273093,T,KO,F I,8,66.26
2025-10-06,9:32:06.776655044,T,KO,F I,1,66.27
2025-10-06,9:32:13.342357874,T,KO,I,10,66.285
2025-10-06,9:32:13.979801217,T,KO,I,62,66.3
2025-10-06,9:32:14.010029114,T,KO,,100,66.32
2025-10-06,9:32:14.130405853,T,KO,F,100,66.325
2025-10-06,9:32:14.315009773,T,KO,F,100,66.33
2025-10-06,9:32:14.315346339,T,KO,I,27,66.33
2025-10-06,9:32:14.315643971,T,KO,,400,66.33
2025-10-06,9:32:14.315647065,T,KO,,200,66.33
2025-10-06,9:32:14.315674075,T,KO,,100,66.33
2025-10-06,9:32:14.315915664,T,KO,F,100,66.34
2025-10-06,9:32:14.315921130,T,KO,F,100,66.34
2025-10-06,9:32:14.315927091,T,KO,F,100,66.34
2025-10-06,9:32:14.315927091,T,KO,F,199,66.34
2025-10-06,9:32:14.315930217,T,KO,F,100,66.34
2025-10-06,9:32:14.315930217,T,KO,F,138,66.34
2025-10-06,9:32:14.315932827,T,KO,F,200,66.34
2025-10-06,9:32:14.316941233,T,KO,,127,66.34
2025-10-06,9:32:14.316941233,T,KO,,1015,66.34
2025-10-06,9:32:14.316946070,T,KO,,562,66.34
2025-10-06,9:32:14.316949455,T,KO,,100,66.34
2025-10-06,9:32:14.316952844,T,KO,,400,66.34
2025-10-06,9:32:14.357949049,T,KO,I,42,66.34
2025-10-06,9:32:14.357952819,T,KO,I,73,66.34
2025-10-06,9:32:14.357954934,T,KO,,100,66.34
2025-10-06,9:32:14.357954934,T,KO,,161,66.34
2025-10-06,9:32:15.602483835,T,KO,I,45,66.335
2025-10-06,9:32:19.090350104,T,KO,F I,73,66.335
2025-10-06,9:32:19.090593789,T,KO,I,31,66.33
2025-10-06,9:32:19.090819265,T,KO,I,29,66.34
2025-10-06,9:32:19.090822589,T,KO,,100,66.34
2025-10-06,9:32:19.090825303,T,KO,F,400,66.34
2025-10-06,9:32:19.091132072,T,KO,,249,66.34
2025-10-06,9:32:19.104775729,T,KO,I,1,66.35
2025-10-06,9:32:22.646332008,T,KO,F I,73,66.35
2025-10-06,9:32:22.924545295,T,KO,I,10,66.33
2025-10-06,9:32:24.552753005,T,KO,F,100,66.34
2025-10-06,9:32:24.552755407,T,KO,F,249,66.34
2025-10-06,9:32:25.057165094,T,KO,I,2,66.34
2025-10-06,9:32:25.057165094,T,KO,I,1,66.34
2025-10-06,9:32:25.057507791,T,KO,,100,66.34
2025-10-06,9:32:25.057510581,T,KO,I,22,66.34
2025-10-06,9:32:25.057531641,T,KO,,100,66.34
2025-10-06,9:32:26.078099332,T,KO,F,100,66.34
2025-10-06,9:32:27.522628900,T,KO,I,44,66.29
2025-10-06,9:32:28.312369782,T,KO,I,1,66.28
2025-10-06,9:32:29.450204975,T,KO,I,1,66.3
2025-10-06,9:32:29.450222958,T,KO,F I,99,66.3
2025-10-06,9:32:36.469541239,T,KO,I,10,66.295
2025-10-06,9:32:36.985389806,T,KO,I,10,66.295
2025-10-06,9:32:37.773064830,T,KO,I,10,66.3
2025-10-06,9:32:38.361473473,T,KO,I,17,66.3
2025-10-06,9:32:38.361476416,T,KO,,100,66.3
2025-10-06,9:32:40.063325706,T,KO,F,100,66.31
2025-10-06,9:32:40.063343733,T,KO,,100,66.31
2025-10-06,9:32:40.229023301,T,KO,F I,17,66.31
2025-10-06,9:32:44.303367314,T,KO,I,10,66.315
2025-10-06,9:32:53.053376866,T,KO,I,16,66.31
2025-10-06,9:32:53.426908269,T,KO,F I,10,66.3
2025-10-06,9:32:54.691107177,T,KO,I,25,66.29
2025-10-06,9:32:54.691107177,T,KO,I,25,66.29
2025-10-06,9:32:57.336496524,T,KO,F,100,66.3
2025-10-06,9:32:57.336496524,T,KO,F I,5,66.3
2025-10-06,9:32:57.336499170,T,KO,F I,5,66.3
2025-10-06,9:32:57.336502014,T,KO,F,100,66.3
2025-10-06,9:33:01.210505761,T,KO,,100,66.32
2025-10-06,9:33:06.534376982,T,KO,F,200,66.32
2025-10-06,9:33:06.559570935,T,KO,F I,1,66.305
2025-10-06,9:33:09.222951380,T,KO,F,400,66.32
2025-10-06,9:33:09.241093572,T,KO,I,1,66.34
2025-10-06,9:33:09.241096532,T,KO,I,99,66.34
2025-10-06,9:33:09.241117589,T,KO,I,1,66.34
2025-10-06,9:33:09.242332524,T,KO,F,226,66.33
2025-10-06,9:33:22.275765324,T,KO,F I,2,66.32
2025-10-06,9:33:22.275777002,T,KO,F I,2,66.32
2025-10-06,9:33:22.275783191,T,KO,F I,2,66.32
2025-10-06,9:33:22.275822723,T,KO,F,194,66.32
2025-10-06,9:33:22.276339432,T,KO,I,2,66.31
2025-10-06,9:33:22.276429527,T,KO,F I,10,66.31
2025-10-06,9:33:22.277070123,T,KO,I,80,66.31
2025-10-06,9:33:24.925920042,T,KO,F I,10,66.3
2025-10-06,9:33:25.410247890,T,KO,F I,4,66.28
2025-10-06,9:33:26.554024701,T,KO,F,100,66.27
2025-10-06,9:33:26.577477592,T,KO,,113,66.27
2025-10-06,9:33:26.577477592,T,KO,,100,66.27
2025-10-06,9:33:38.523258741,T,KO,F,100,66.29
2025-10-06,9:33:39.449933886,T,KO,F,100,66.3
2025-10-06,9:33:43.369938295,T,KO,F I,10,66.29
2025-10-06,9:33:43.427585553,T,KO,F,200,66.27
2025-10-06,9:33:47.755304141,T,KO,I,54,66.255
2025-10-06,9:33:50.588435957,T,KO,F I,1,66.25
2025-10-06,9:33:50.589043425,T,KO,,100,66.24
2025-10-06,9:33:50.589097592,T,KO,,100,66.24
2025-10-06,9:33:50.609019930,T,KO,F I,18,66.23
2025-10-06,9:33:52.402272088,T,KO,I,1,66.22
2025-10-06,9:33:52.402275032,T,KO,I,20,66.22
2025-10-06,9:33:52.402278131,T,KO,I,26,66.22
2025-10-06,9:33:54.183411250,T,KO,F,100,66.22
2025-10-06,9:33:54.183414277,T,KO,F I,21,66.22
2025-10-06,9:33:54.183426693,T,KO,F I,14,66.22
2025-10-06,9:33:54.183429352,T,KO,I,65,66.22
2025-10-06,9:33:54.184512051,T,KO,I,17,66.22
2025-10-06,9:33:54.184515037,T,KO,,400,66.22
2025-10-06,9:33:54.184515037,T,KO,,162,66.22
2025-10-06,9:33:54.192201240,T,KO,F I,20,66.21
2025-10-06,9:33:54.192204202,T,KO,F,162,66.21
2025-10-06,9:33:55.017153385,T,KO,F I,17,66.21
2025-10-06,9:33:56.413925819,T,KO,I,7,66.21
2025-10-06,9:33:56.414773935,T,KO,F I,10,66.2
2025-10-06,9:33:56.414773935,T,KO,F I,1,66.2
2025-10-06,9:33:56.414780097,T,KO,F I,1,66.2
2025-10-06,9:33:56.414780097,T,KO,F I,3,66.2
2025-10-06,9:33:56.414783097,T,KO,F I,1,66.2
2025-10-06,9:33:56.414783097,T,KO,F I,5,66.2
2025-10-06,9:33:56.414786017,T,KO,F I,1,66.2
2025-10-06,9:33:56.414788789,T,KO,F I,4,66.2
2025-10-06,9:33:56.414791835,T,KO,F I,1,66.2
2025-10-06,9:33:56.670729361,T,KO,,100,66.195
2025-10-06,9:33:56.670737406,T,KO,I,10,66.19
2025-10-06,9:33:56.670737406,T,KO,I,55,66.19
2025-10-06,9:33:56.670777218,T,KO,I,45,66.19
2025-10-06,9:33:56.670780361,T,KO,I,6,66.18
2025-10-06,9:33:56.670782568,T,KO,,400,66.18
2025-10-06,9:33:56.670785544,T,KO,,200,66.18
2025-10-06,9:33:56.670785544,T,KO,,100,66.18
2025-10-06,9:33:56.771308960,T,KO,I,85,66.19
2025-10-06,9:33:56.771312041,T,KO,,100,66.19
2025-10-06,9:34:01.388157343,T,KO,F I,23,66.19
2025-10-06,9:34:01.388160431,T,KO,F I,85,66.19
2025-10-06,9:34:01.388160431,T,KO,F I,42,66.19
2025-10-06,9:34:01.388169284,T,KO,F,100,66.19
2025-10-06,9:34:05.006059148,T,KO,I,7,66.19
2025-10-06,9:34:11.312794408,T,KO,F I,10,66.19
2025-10-06,9:34:16.982299781,T,KO,F,100,66.18
2025-10-06,9:34:16.982302784,T,KO,F I,1,66.18
2025-10-06,9:34:17.774711178,T,KO,I,28,66.17
2025-10-06,9:34:17.774714159,T,KO,I,3,66.17
2025-10-06,9:34:18.158118308,T,KO,I,18,66.17
2025-10-06,9:34:18.158118308,T,KO,I,82,66.17
2025-10-06,9:34:22.889211561,T,KO,I,19,66.175
2025-10-06,9:34:23.709210607,T,KO,I,18,66.17
2025-10-06,9:34:23.709213653,T,KO,I,1,66.17
2025-10-06,9:34:23.750544044,T,KO,I,6,66.16
2025-10-06,9:34:24.751316149,T,KO,,100,66.15
2025-10-06,9:34:28.701710630,T,KO,F I,11,66.15
2025-10-06,9:34:28.725211635,T,KO,F,100,66.14
2025-10-06,9:34:29.373176969,T,KO,,100,66.13
2025-10-06,9:34:29.521267882,T,KO,F I,71,66.13
2025-10-06,9:34:29.521267882,T,KO,F I,48,66.13
2025-10-06,9:34:39.338627699,T,KO,,100,66.135
2025-10-06,9:34:39.338630288,T,KO,I,71,66.13
2025-10-06,9:34:39.338633141,T,KO,I,29,66.13
2025-10-06,9:34:39.338633141,T,KO,I,60,66.13
2025-10-06,9:34:39.338648212,T,KO,I,18,66.13
2025-10-06,9:34:39.338663291,T,KO,I,22,66.13
2025-10-06,9:34:39.339264688,T,KO,I,10,66.12
2025-10-06,9:34:40.386271408,T,KO,I,2,66.13
2025-10-06,9:34:43.170936740,T,KO,,100,66.14
2025-10-06,9:34:43.170936740,T,KO,I,93,66.14
2025-10-06,9:34:43.170939771,T,KO,F,100,66.14
2025-10-06,9:34:44.004416923,T,KO,I,7,66.16
2025-10-06,9:34:45.674435375,T,KO,,200,66.165
2025-10-06,9:34:46.020454603,T,KO,F,200,66.165
2025-10-06,9:34:48.067090117,T,KO,I,84,66.145
2025-10-06,9:34:48.068599702,T,KO,F I,16,66.145
2025-10-06,9:34:48.068599702,T,KO,F I,68,66.14
2025-10-06,9:34:48.068620699,T,KO,F I,16,66.14
2025-10-06,9:34:48.087662060,T,KO,F I,68,66.14
2025-10-06,9:34:48.160528627,T,KO,F I,32,66.14
2025-10-06,9:34:48.962030597,T,KO,F I,5,66.13
2025-10-06,9:34:50.344347818,T,KO,,100,66.13
2025-10-06,9:34:52.578455772,T,KO,F I,24,66.14
2025-10-06,9:35:01.965144289,T,KO,I,40,66.135
2025-10-06,9:35:02.277188468,T,KO,,100,66.135
2025-10-06,9:35:02.277943385,T,KO,,100,66.135
2025-10-06,9:35:03.825810833,T,KO,F I,12,66.13
2025-10-06,9:35:03.825810833,T,KO,F I,1,66.13
2025-10-06,9:35:03.825816895,T,KO,F I,78,66.13
2025-10-06,9:35:03.825819868,T,KO,F I,20,66.13
2025-10-06,9:35:04.001823069,T,KO,F I,5,66.12
2025-10-06,9:35:04.052839559,T,KO,F I,1,66.12
2025-10-06,9:35:04.052869565,T,KO,I,68,66.12
2025-10-06,9:35:04.482406701,T,KO,I,18,66.12
2025-10-06,9:35:04.482410232,T,KO,I,1,66.12
2025-10-06,9:35:04.482413225,T,KO,I,67,66.12
2025-10-06,9:35:04.482413225,T,KO,I,1,66.12
2025-10-06,9:35:05.573185782,T,KO,F I,1,66.11
2025-10-06,9:35:05.573185782,T,KO,F I,3,66.11
2025-10-06,9:35:05.631381056,T,KO,I,70,66.11
2025-10-06,9:35:05.631383318,T,KO,I,18,66.11
2025-10-06,9:35:06.077673255,T,KO,I,25,66.115
2025-10-06,9:35:06.376489592,T,KO,,100,66.11
2025-10-06,9:35:06.376491984,T,KO,I,70,66.11
2025-10-06,9:35:06.376494948,T,KO,,100,66.11
2025-10-06,9:35:07.375850742,T,KO,F I,1,66.1
2025-10-06,9:35:07.375853719,T,KO,F I,60,66.1
2025-10-06,9:35:07.375853719,T,KO,F I,10,66.1
2025-10-06,9:35:07.375857057,T,KO,F I,1,66.1
2025-10-06,9:35:07.375857057,T,KO,F I,1,66.1
2025-10-06,9:35:07.375859749,T,KO,F I,23,66.1
2025-10-06,9:35:08.352465251,T,KO,I,6,66.09
2025-10-06,9:35:08.352465251,T,KO,I,64,66.09
2025-10-06,9:35:08.740602756,T,KO,I,6,66.08
2025-10-06,9:35:08.740605830,T,KO,I,10,66.08
2025-10-06,9:35:08.808279029,T,KO,,285,66.08
2025-10-06,9:35:08.808538139,T,KO,,114,66.08
2025-10-06,9:35:08.808561706,T,KO,F I,1,66.08
2025-10-06,9:35:08.808564699,T,KO,F,100,66.08
2025-10-06,9:35:08.808594681,T,KO,F,100,66.08
2025-10-06,9:35:08.808624833,T,KO,I,68,66.08
2025-10-06,9:35:08.808624833,T,KO,I,32,66.08
2025-10-06,9:35:08.808805359,T,KO,I,68,66.08
2025-10-06,9:35:08.808805359,T,KO,I,24,66.08
2025-10-06,9:35:08.809010232,T,KO,I,68,66.08
2025-10-06,9:35:08.809010232,T,KO,,100,66.08
2025-10-06,9:35:08.809012750,T,KO,I,68,66.08
2025-10-06,9:35:08.809015687,T,KO,I,64,66.08
2025-10-06,9:35:08.809031024,T,KO,I,36,66.08
2025-10-06,9:35:08.809031024,T,KO,I,18,66.08
2025-10-06,9:35:10.195001858,T,KO,F I,18,66.08
2025-10-06,9:35:10.195004879,T,KO,F I,68,66.08
2025-10-06,9:35:10.195004879,T,KO,F I,4,66.08
2025-10-06,9:35:10.195041030,T,KO,F I,96,66.08
2025-10-06,9:35:11.012029754,T,KO,I,17,66.08
2025-10-06,9:35:16.575857461,T,KO,F,100,66.1
2025-10-06,9:35:16.575860568,T,KO,F I,6,66.1
2025-10-06,9:35:16.575875638,T,KO,I,94,66.1
2025-10-06,9:35:22.472713355,T,KO,F,100,66.095
2025-10-06,9:35:22.473119395,T,KO,F,100,66.09
2025-10-06,9:35:25.180789471,T,KO,I,65,66.09
2025-10-06,9:35:25.180816538,T,KO,F I,35,66.09
2025-10-06,9:35:26.698293909,T,KO,F,100,66.11
2025-10-06,9:35:28.577102693,T,KO,F I,14,66.11
2025-10-06,9:35:28.577129687,T,KO,F I,86,66.11
2025-10-06,9:35:35.488574977,T,KO,F I,22,66.11
2025-10-06,9:35:35.488574977,T,KO,F I,17,66.11
2025-10-06,9:35:38.028192803,T,KO,F I,49,66.1
2025-10-06,9:35:43.935826469,T,KO,F I,30,66.14
2025-10-06,9:35:49.642286963,T,KO,F I,21,66.16
2025-10-06,9:35:56.314954617,T,KO,I,2,66.19
2025-10-06,9:36:07.364580453,T,KO,F I,50,66.18
2025-10-06,9:36:07.364580453,T,KO,F,100,66.18
2025-10-06,9:36:11.230497834,T,KO,,400,66.17
2025-10-06,9:36:12.748441236,T,KO,F,100,66.16
2025-10-06,9:36:21.149734032,T,KO,I,5,66.14
2025-10-06,9:36:21.813865927,T,KO,F I,2,66.14
2025-10-06,9:36:21.813887927,T,KO,F I,98,66.14
2025-10-06,9:36:21.813887927,T,KO,F I,18,66.14
2025-10-06,9:36:21.813892923,T,KO,F,100,66.14
2025-10-06,9:36:21.813896393,T,KO,F,100,66.14
2025-10-06,9:36:21.813896393,T,KO,F,289,66.14
2025-10-06,9:36:21.814599651,T,KO,I,1,66.15
2025-10-06,9:36:23.902953618,T,KO,F I,2,66.15
2025-10-06,9:36:23.902998681,T,KO,F I,98,66.15
2025-10-06,9:36:30.067491880,T,KO,,100,66.165
2025-10-06,9:36:31.153161673,T,KO,F I,77,66.16
2025-10-06,9:36:31.153182655,T,KO,I,23,66.16
2025-10-06,9:36:31.153182655,T,KO,I,50,66.16
2025-10-06,9:36:36.335635739,T,KO,I,10,66.155
2025-10-06,9:36:40.607968324,T,KO,F,180,66.14
2025-10-06,9:36:40.608010781,T,KO,I,20,66.14
2025-10-06,9:36:40.608010781,T,KO,I,6,66.14
2025-10-06,9:36:40.608013450,T,KO,I,11,66.14
2025-10-06,9:36:45.074698970,T,KO,I,10,66.13
2025-10-06,9:36:50.236586390,T,KO,,100,66.135
2025-10-06,9:36:50.845952141,T,KO,F,100,66.13
2025-10-06,9:36:51.638817406,T,KO,,100,66.125
2025-10-06,9:36:59.575753352,T,KO,I,1,66.16
2025-10-06,9:37:03.033544896,T,KO,,100,66.15
2025-10-06,9:37:03.033544896,T,KO,I,16,66.15
2025-10-06,9:37:03.033554273,T,KO,F I,84,66.15
2025-10-06,9:37:03.033556869,T,KO,F I,16,66.15
2025-10-06,9:37:03.033562951,T,KO,F I,84,66.15
2025-10-06,9:37:03.397343049,T,KO,F I,3,66.14
2025-10-06,9:37:03.508291739,T,KO,I,67,66.12
2025-10-06,9:37:03.508291739,T,KO,I,1,66.12
2025-10-06,9:37:04.855184584,T,KO,I,8,66.12
2025-10-06,9:37:04.855373957,T,KO,F I,98,66.12
2025-10-06,9:37:04.855376973,T,KO,F,100,66.12
2025-10-06,9:37:04.855425080,T,KO,F I,5,66.12
2025-10-06,9:37:05.559624370,T,KO,F I,54,66.12
2025-10-06,9:37:07.377974348,T,KO,F I,44,66.12
2025-10-06,9:37:07.377974348,T,KO,F I,10,66.12
2025-10-06,9:37:11.089855990,T,KO,I,39,66.12
2025-10-06,9:37:11.089892061,T,KO,,161,66.12
2025-10-06,9:37:11.089892061,T,KO,I,5,66.12
2025-10-06,9:37:31.596727549,T,KO,F I,1,66.12
2025-10-06,9:37:31.596730529,T,KO,F,100,66.12
2025-10-06,9:37:39.921406741,T,KO,F I,1,66.105
2025-10-06,9:37:39.921418858,T,KO,F I,1,66.105
2025-10-06,9:37:39.921608297,T,KO,,198,66.105
2025-10-06,9:37:40.635613807,T,KO,F I,1,66.1
2025-10-06,9:37:45.487366440,T,KO,,100,66.1
2025-10-06,9:37:46.284739628,T,KO,I,1,66.1
2025-10-06,9:37:46.704184589,T,KO,F,100,66.09
2025-10-06,9:37:49.577765786,T,KO,I,12,66.09
2025-10-06,9:37:58.087030668,T,KO,I,38,66.09
2025-10-06,9:37:58.763804630,T,KO,F I,1,66.08
2025-10-06,9:37:58.763814230,T,KO,F I,2,66.08
2025-10-06,9:37:58.763817337,T,KO,F,100,66.08
2025-10-06,9:37:58.763820014,T,KO,F I,5,66.08
2025-10-06,9:37:58.763820014,T,KO,F I,1,66.08
2025-10-06,9:37:58.764403077,T,KO,F,100,66.08
2025-10-06,9:37:59.504865963,T,KO,,200,66.07
2025-10-06,9:37:59.504868713,T,KO,,100,66.07
2025-10-06,9:38:01.261947747,T,KO,I,1,66.06
2025-10-06,9:38:01.261947747,T,KO,I,1,66.06
2025-10-06,9:38:01.261950587,T,KO,I,7,66.06
2025-10-06,9:38:01.623318306,T,KO,I,3,66.06
2025-10-06,9:38:01.623318306,T,KO,I,5,66.06
2025-10-06,9:38:01.623322265,T,KO,,100,66.06
2025-10-06,9:38:04.040412607,T,KO,F I,1,66.05
2025-10-06,9:38:04.040415240,T,KO,F I,6,66.05
2025-10-06,9:38:06.948109814,T,KO,F,100,66.06
2025-10-06,9:38:06.948109814,T,KO,F I,1,66.06
2025-10-06,9:38:13.005460674,T,KO,F I,5,66.08
2025-10-06,9:38:13.007568751,T,KO,I,69,66.08
2025-10-06,9:38:13.007640839,T,KO,I,19,66.08
2025-10-06,9:38:13.457894334,T,KO,F I,7,66.08
2025-10-06,9:38:13.458261937,T,KO,I,69,66.08
2025-10-06,9:38:13.458261937,T,KO,I,19,66.08
2025-10-06,9:38:13.458264770,T,KO,I,12,66.08
2025-10-06,9:38:13.458267216,T,KO,I,10,66.08
2025-10-06,9:38:22.237734617,T,KO,I,15,66.125
2025-10-06,9:38:22.237734617,T,KO,I,92,66.12
2025-10-06,9:38:22.237800778,T,KO,I,7,66.12
2025-10-06,9:38:24.783742665,T,KO,I,50,66.13
2025-10-06,9:38:34.292555251,T,KO,,100,66.15
2025-10-06,9:38:34.976570438,T,KO,F I,12,66.14
2025-10-06,9:38:41.297228721,T,KO,I,81,66.18
2025-10-06,9:38:45.413038530,T,KO,,120,66.19
2025-10-06,9:38:45.413071648,T,KO,I,36,66.19
2025-10-06,9:38:46.434267844,T,KO,F,400,66.18
2025-10-06,9:38:46.890758124,T,KO,F I,88,66.17
2025-10-06,9:38:46.890761091,T,KO,F,100,66.17
2025-10-06,9:38:51.183148438,T,KO,I,1,66.17
2025-10-06,9:39:03.198380090,T,KO,F I,1,66.15
2025-10-06,9:39:03.198380090,T,KO,F I,1,66.15
2025-10-06,9:39:03.198382830,T,KO,F I,98,66.15
2025-10-06,9:39:03.198400890,T,KO,F I,2,66.15
2025-10-06,9:39:06.843583953,T,KO,F I,27,66.15
2025-10-06,9:39:09.419678605,T,KO,,100,66.16
2025-10-06,9:39:09.431662195,T,KO,F,400,66.16
2025-10-06,9:39:09.470968788,T,KO,,400,66.16
2025-10-06,9:39:11.303464952,T,KO,F I,26,66.16
2025-10-06,9:39:11.303467471,T,KO,F I,30,66.16
2025-10-06,9:39:11.303467471,T,KO,F I,25,66.16
2025-10-06,9:39:11.303470777,T,KO,F I,8,66.16
2025-10-06,9:39:11.303470777,T,KO,F I,55,66.16
2025-10-06,9:39:11.303474069,T,KO,F I,8,66.16
2025-10-06,9:39:11.303786295,T,KO,F I,3,66.16
2025-10-06,9:39:20.633083405,T,KO,,200,66.14
2025-10-06,9:39:22.620315463,T,KO,,100,66.13
2025-10-06,9:39:22.620315463,T,KO,,100,66.13
2025-10-06,9:39:28.574626154,T,KO,I,25,66.12
2025-10-06,9:39:36.585495988,T,KO,F,200,66.11
2025-10-06,9:39:36.586103435,T,KO,I,56,66.1
2025-10-06,9:39:36.587354380,T,KO,,119,66.1
2025-10-06,9:39:36.587387508,T,KO,I,25,66.1
2025-10-06,9:39:39.123994886,T,KO,I,75,66.115
2025-10-06,9:39:39.922766381,T,KO,F I,18,66.11
2025-10-06,9:39:39.922802422,T,KO,,182,66.11
2025-10-06,9:39:39.922860281,T,KO,,100,66.11
2025-10-06,9:39:39.922862706,T,KO,I,96,66.11
2025-10-06,9:39:39.922862706,T,KO,I,18,66.11
2025-10-06,9:39:39.922881381,T,KO,I,1,66.11
2025-10-06,9:39:41.405484848,T,KO,F,100,66.11
2025-10-06,9:39:41.405489819,T,KO,F I,25,66.11
2025-10-06,9:39:41.405489819,T,KO,F I,18,66.11
2025-10-06,9:39:41.405489819,T,KO,F I,3,66.11
2025-10-06,9:39:41.405492811,T,KO,F I,93,66.11
2025-10-06,9:39:41.405495790,T,KO,F,100,66.11
2025-10-06,9:39:41.405495790,T,KO,F,200,66.11
2025-10-06,9:39:41.405877699,T,KO,,100,66.11
2025-10-06,9:39:43.331165273,T,KO,,100,66.1
2025-10-06,9:39:43.331165273,T,KO,I,35,66.1
2025-10-06,9:39:43.331183294,T,KO,I,1,66.1
2025-10-06,9:39:43.331189246,T,KO,F,200,66.105
2025-10-06,9:39:43.331192768,T,KO,F I,64,66.1
2025-10-06,9:39:43.331195924,T,KO,F I,2,66.1
2025-10-06,9:39:43.331195924,T,KO,,198,66.1
2025-10-06,9:39:43.331199310,T,KO,I,1,66.1
2025-10-06,9:39:50.377502795,T,KO,F I,27,66.09
2025-10-06,9:39:50.377505816,T,KO,F,173,66.09
2025-10-06,9:39:50.377896760,T,KO,F,100,66.095
2025-10-06,9:39:55.644713002,T,KO,I,1,66.08
2025-10-06,9:39:55.644715933,T,KO,,200,66.08
2025-10-06,9:39:56.263449206,T,KO,I,24,66.07
2025-10-06,9:39:56.263451633,T,KO,,200,66.07
2025-10-06,9:39:57.316824497,T,KO,F I,80,66.07
2025-10-06,9:40:00.147445393,T,KO,F I,19,66.07
2025-10-06,9:40:00.147448363,T,KO,F,100,66.07
2025-10-06,9:40:00.147451326,T,KO,F,200,66.07
2025-10-06,9:40:00.147553627,T,KO,I,25,66.07
2025-10-06,9:40:00.570852554,T,KO,F I,25,66.06
2025-10-06,9:40:00.570857786,T,KO,F I,75,66.06
2025-10-06,9:40:00.570882009,T,KO,I,1,66.06
2025-10-06,9:40:00.570890008,T,KO,,124,66.06
2025-10-06,9:40:00.570892945,T,KO,I,25,66.06
2025-10-06,9:40:01.291081601,T,KO,I,19,66.06
2025-10-06,9:40:01.291102395,T,KO,I,19,66.06
2025-10-06,9:40:03.085557251,T,KO,F I,1,66.06
2025-10-06,9:40:03.085575326,T,KO,I,2,66.06
2025-10-06,9:40:03.085578370,T,KO,I,16,66.06
2025-10-06,9:40:03.085581475,T,KO,,184,66.06
2025-10-06,9:40:03.086074976,T,KO,I,25,66.06
2025-10-06,9:40:04.676328164,T,KO,,100,66.065
2025-10-06,9:40:04.716753406,T,KO,,100,66.065
2025-10-06,9:40:05.518466300,T,KO,I,2,66.07
2025-10-06,9:40:05.518468904,T,KO,I,5,66.07
2025-10-06,9:40:05.518895934,T,KO,I,87,66.07
2025-10-06,9:40:05.518898963,T,KO,,100,66.07
2025-10-06,9:40:05.518904894,T,KO,I,19,66.07
2025-10-06,9:40:05.518904894,T,KO,,100,66.07
2025-10-06,9:40:05.518907983,T,KO,I,25,66.07
2025-10-06,9:40:08.724365578,T,KO,,100,66.065
2025-10-06,9:40:08.724368976,T,KO,,100,66.065
2025-10-06,9:40:08.724368976,T,KO,I,10,66.06
2025-10-06,9:40:08.724371589,T,KO,,100,66.06
2025-10-06,9:40:08.724374641,T,KO,,100,66.06
2025-10-06,9:40:08.724395668,T,KO,F I,67,66.06
2025-10-06,9:40:08.724395668,T,KO,,133,66.06
2025-10-06,9:40:15.267235111,T,KO,I,10,66.055
2025-10-06,9:40:17.375352120,T,KO,,200,66.055
2025-10-06,9:40:17.994761370,T,KO,,100,66.055
2025-10-06,9:40:18.083960083,T,KO,F I,10,66.05
2025-10-06,9:40:18.083963252,T,KO,F,200,66.05
2025-10-06,9:40:18.083965840,T,KO,F I,20,66.05
2025-10-06,9:40:18.084447071,T,KO,F,200,66.05
2025-10-06,9:40:18.085749077,T,KO,I,6,66.045
2025-10-06,9:40:18.155981546,T,KO,,100,66.04
2025-10-06,9:40:18.155984559,T,KO,I,1,66.04
2025-10-06,9:40:18.155988813,T,KO,I,1,66.04
2025-10-06,9:40:18.155993734,T,KO,I,8,66.04
2025-10-06,9:40:18.155993734,T,KO,I,1,66.04
2025-10-06,9:40:18.155997027,T,KO,I,25,66.04
2025-10-06,9:40:18.349438633,T,KO,I,19,66.03
2025-10-06,9:40:18.349441150,T,KO,I,6,66.03
2025-10-06,9:40:18.501450237,T,KO,I,5,66.02
2025-10-06,9:40:18.602376753,T,KO,,100,66.015
2025-10-06,9:40:19.700829840,T,KO,F I,87,66.02
2025-10-06,9:40:21.283956466,T,KO,,200,66.02
2025-10-06,9:40:21.284073768,T,KO,I,25,66.02
2025-10-06,9:40:21.285784747,T,KO,I,6,66.02
2025-10-06,9:40:21.285820842,T,KO,I,19,66.02
2025-10-06,9:40:23.412579331,T,KO,I,12,66.01
2025-10-06,9:40:23.412582254,T,KO,,200,66.01
2025-10-06,9:40:23.413211022,T,KO,F I,85,66.01
2025-10-06,9:40:23.413213952,T,KO,F I,20,66.01
2025-10-06,9:40:23.413216764,T,KO,F,100,66.01
2025-10-06,9:40:23.413237838,T,KO,I,1,66.01
2025-10-06,9:40:24.310169073,T,KO,,100,66.015
2025-10-06,9:40:25.371165123,T,KO,,100,66.015
2025-10-06,9:40:26.741928943,T,KO,F,200,66.015
2025-10-06,9:40:28.943401302,T,KO,,200,66.015
2025-10-06,9:40:28.943401302,T,KO,I,51,66.01
2025-10-06,9:40:28.943403239,T,KO,I,32,66.01
2025-10-06,9:40:28.943406284,T,KO,I,62,66.01
2025-10-06,9:40:28.943418351,T,KO,I,13,66.01
2025-10-06,9:40:28.943418351,T,KO,I,1,66.01
2025-10-06,9:40:28.943436341,T,KO,I,9,66.01
2025-10-06,9:40:28.943439564,T,KO,I,44,66.01
2025-10-06,9:40:28.943439564,T,KO,,200,66.01
2025-10-06,9:40:28.982403466,T,KO,I,82,66.01
2025-10-06,9:40:28.982403466,T,KO,,100,66.01
2025-10-06,9:40:30.638805275,T,KO,,100,66.015
2025-10-06,9:40:30.639590146,T,KO,,100,66.01
2025-10-06,9:40:30.639611218,T,KO,I,1,66.01
2025-10-06,9:40:31.127412062,T,KO,I,7,66.01
2025-10-06,9:40:34.982594203,T,KO,F,200,66.015
2025-10-06,9:40:35.925411742,T,KO,,100,66.015
2025-10-06,9:40:35.925444751,T,KO,F,100,66.02
2025-10-06,9:40:35.925447789,T,KO,F I,7,66.02
2025-10-06,9:40:35.925447789,T,KO,F,100,66.02
2025-10-06,9:40:35.925453853,T,KO,F,100,66.02
2025-10-06,9:40:35.925453853,T,KO,F I,25,66.02
2025-10-06,9:40:36.242234326,T,KO,,100,66.025
2025-10-06,9:40:38.188935872,T,KO,F I,1,66.03
2025-10-06,9:40:38.188960745,T,KO,,106,66.03
2025-10-06,9:40:38.188960745,T,KO,I,3,66.03
2025-10-06,9:40:38.188962920,T,KO,,166,66.03
2025-10-06,9:40:38.189005476,T,KO,I,34,66.03
2025-10-06,9:40:38.189005476,T,KO,I,2,66.03
2025-10-06,9:40:38.189008099,T,KO,I,1,66.03
2025-10-06,9:40:38.189026114,T,KO,I,44,66.03
2025-10-06,9:40:38.397593928,T,KO,F I,18,66.03
2025-10-06,9:40:42.109126904,T,KO,F I,44,66.02
2025-10-06,9:40:42.109144881,T,KO,F I,46,66.02
2025-10-06,9:40:42.109144881,T,KO,F,200,66.02
2025-10-06,9:40:42.109256137,T,KO,I,25,66.02
2025-10-06,9:40:47.232483419,T,KO,F,200,66.02
2025-10-06,9:40:47.232546565,T,KO,I,21,66.02
2025-10-06,9:40:47.233003717,T,KO,F I,91,66.02
2025-10-06,9:40:47.233006706,T,KO,F I,21,66.02
2025-10-06,9:40:47.233006706,T,KO,F,100,66.02
2025-10-06,9:40:47.233096868,T,KO,F,200,66.02
2025-10-06,9:40:47.233135996,T,KO,F I,25,66.02
2025-10-06,9:40:56.273044866,T,KO,F I,69,66.01
2025-10-06,9:40:56.273080980,T,KO,F I,8,66.01
2025-10-06,9:40:56.273117067,T,KO,F I,23,66.01
2025-10-06,9:40:57.066102732,T,KO,I,25,66.01
2025-10-06,9:40:57.066208108,T,KO,,200,66.01
2025-10-06,9:40:57.066210998,T,KO,I,92,66.01
2025-10-06,9:40:57.066214067,T,KO,I,21,66.01
2025-10-06,9:40:57.066316410,T,KO,F I,92,66.01
2025-10-06,9:40:57.066316410,T,KO,F,100,66.01
2025-10-06,9:40:57.066320217,T,KO,F I,21,66.01
2025-10-06,9:40:57.066320217,T,KO,F I,91,66.01
2025-10-06,9:40:57.066325312,T,KO,F I,24,66.01
2025-10-06,9:40:57.066343281,T,KO,I,1,66.01
2025-10-06,9:41:00.039191062,T,KO,F I,51,66.01
2025-10-06,9:41:00.039212488,T,KO,I,64,66.01
2025-10-06,9:41:00.039215137,T,KO,I,1,66.01
2025-10-06,9:41:00.039218070,T,KO,I,2,66.01
2025-10-06,9:41:00.039218070,T,KO,I,2,66.01
2025-10-06,9:41:00.039260134,T,KO,I,4,66.01
2025-10-06,9:41:00.047385696,T,KO,,100,66.005
2025-10-06,9:41:00.504634149,T,KO,I,11,66.0
2025-10-06,9:41:00.504638039,T,KO,I,9,66.0
2025-10-06,9:41:00.504642771,T,KO,I,2,66.0
2025-10-06,9:41:00.504642771,T,KO,I,2,66.0
2025-10-06,9:41:00.504646643,T,KO,I,1,66.0
2025-10-06,9:41:00.504646643,T,KO,I,1,66.0
2025-10-06,9:41:00.504651983,T,KO,I,1,66.0
2025-10-06,9:41:00.504651983,T,KO,I,8,66.0
2025-10-06,9:41:00.504654740,T,KO,I,1,66.0
2025-10-06,9:41:00.504657836,T,KO,I,1,66.0
2025-10-06,9:41:00.504657836,T,KO,I,1,66.0
2025-10-06,9:41:00.504661851,T,KO,,160,66.0
2025-10-06,9:41:00.504661851,T,KO,I,10,66.0
2025-10-06,9:41:00.504666700,T,KO,I,3,66.0
2025-10-06,9:41:00.504666700,T,KO,I,1,66.0
2025-10-06,9:41:00.504666700,T,KO,I,5,66.0
2025-10-06,9:41:00.504672922,T,KO,I,1,66.0
2025-10-06,9:41:00.504672922,T,KO,I,5,66.0
2025-10-06,9:41:00.504676605,T,KO,I,1,66.0
2025-10-06,9:41:00.504681672,T,KO,I,5,66.0
2025-10-06,9:41:00.504681672,T,KO,I,1,66.0
2025-10-06,9:41:00.504681672,T,KO,I,4,66.0
2025-10-06,9:41:00.504681672,T,KO,,100,66.0
2025-10-06,9:41:00.504681672,T,KO,,100,66.0
2025-10-06,9:41:00.504687995,T,KO,I,1,66.0
2025-10-06,9:41:00.504687995,T,KO,I,3,66.0
2025-10-06,9:41:00.504693999,T,KO,I,9,66.0
2025-10-06,9:41:00.504693999,T,KO,I,2,66.0
2025-10-06,9:41:00.504697000,T,KO,I,75,66.0
2025-10-06,9:41:00.504702417,T,KO,I,3,66.0
2025-10-06,9:41:00.504706625,T,KO,,195,66.0
2025-10-06,9:41:00.504706625,T,KO,I,30,66.0
2025-10-06,9:41:00.504708805,T,KO,I,1,66.0
2025-10-06,9:41:00.504711879,T,KO,I,10,66.0
2025-10-06,9:41:00.504711879,T,KO,,100,66.0
2025-10-06,9:41:00.504711879,T,KO,I,1,66.0
2025-10-06,9:41:00.504714887,T,KO,,100,66.0
2025-10-06,9:41:00.504714887,T,KO,I,1,66.0
2025-10-06,9:41:00.504714887,T,KO,,100,66.0
2025-10-06,9:41:00.504717873,T,KO,I,20,66.0
2025-10-06,9:41:00.504717873,T,KO,I,6,66.0
2025-10-06,9:41:00.507201719,T,KO,I,81,66.0
2025-10-06,9:41:00.507246780,T,KO,F I,19,66.0
2025-10-06,9:41:00.723831715,T,KO,,100,65.995
2025-10-06,9:41:00.955127539,T,KO,I,12,65.99
2025-10-06,9:41:00.955160658,T,KO,I,88,65.99
2025-10-06,9:41:01.317637959,T,KO,I,25,65.99
2025-10-06,9:41:01.318272420,T,KO,I,11,65.99
2025-10-06,9:41:01.318633344,T,KO,I,10,65.99
2025-10-06,9:41:01.319018238,T,KO,I,14,65.99
2025-10-06,9:41:01.319039255,T,KO,I,86,65.99
2025-10-06,9:41:03.730341483,T,KO,I,4,65.97
2025-10-06,9:41:03.730344422,T,KO,I,5,65.97
2025-10-06,9:41:04.051695871,T,KO,I,2,65.97
2025-10-06,9:41:04.702740440,T,KO,,100,65.975
2025-10-06,9:41:06.901120584,T,KO,,200,65.975
2025-10-06,9:41:07.949610132,T,KO,F,100,65.98
2025-10-06,9:41:07.949613722,T,KO,F,100,65.98
2025-10-06,9:41:07.949615844,T,KO,F,821,65.98
2025-10-06,9:41:07.949621744,T,KO,F,100,65.98
2025-10-06,9:41:07.949621744,T,KO,F I,1,65.98
2025-10-06,9:41:09.144689268,T,KO,,100,65.985
2025-10-06,9:41:09.321206592,T,KO,F I,19,65.98
2025-10-06,9:41:09.321209608,T,KO,F,100,65.98
2025-10-06,9:41:11.346629588,T,KO,,200,65.975
2025-10-06,9:41:11.347976867,T,KO,I,19,65.98
2025-10-06,9:41:11.347980460,T,KO,,1415,65.98
2025-10-06,9:41:11.347980460,T,KO,I,1,65.98
2025-10-06,9:41:15.006172117,T,KO,,174,65.99
2025-10-06,9:41:15.006208415,T,KO,,187,65.99
2025-10-06,9:41:15.006228851,T,KO,I,1,65.99
2025-10-06,9:41:15.021102252,T,KO,I,50,66.01
2025-10-06,9:41:15.021126355,T,KO,I,1,66.01
2025-10-06,9:41:15.021357921,T,KO,F I,49,66.01
2025-10-06,9:41:15.317280762,T,KO,,100,66.01
2025-10-06,9:41:15.317822001,T,KO,I,5,66.01
2025-10-06,9:41:16.213941355,T,KO,,200,66.01
2025-10-06,9:41:16.213968401,T,KO,F,550,66.01
2025-10-06,9:41:16.214013532,T,KO,F,210,66.01
2025-10-06,9:41:16.214506689,T,KO,F,100,66.02
2025-10-06,9:41:18.239034104,T,KO,F I,4,66.03
2025-10-06,9:41:18.241388189,T,KO,F I,14,66.04
2025-10-06,9:41:18.255464774,T,KO,F I,25,66.05
2025-10-06,9:41:22.398456342,T,KO,I,25,66.03
2025-10-06,9:41:22.398522484,T,KO,F I,29,66.03
2025-10-06,9:41:22.441443670,T,KO,,100,66.025
2025-10-06,9:41:23.920678804,T,KO,F,100,66.02
2025-10-06,9:41:23.920681830,T,KO,F I,25,66.02
2025-10-06,9:41:23.921003602,T,KO,I,25,66.02
2025-10-06,9:41:25.463933439,T,KO,F I,1,66.01
2025-10-06,9:41:25.464038745,T,KO,I,4,66.01
2025-10-06,9:41:25.464041693,T,KO,I,21,66.01
2025-10-06,9:41:25.464141098,T,KO,I,1,66.01
2025-10-06,9:41:28.892690855,T,KO,I,20,66.0
2025-10-06,9:41:28.893009626,T,KO,I,25,66.0
2025-10-06,9:41:31.532474109,T,KO,,100,65.985
2025-10-06,9:41:34.517461815,T,KO,I,50,65.98
2025-10-06,9:41:34.517563796,T,KO,I,50,65.98
2025-10-06,9:41:35.185367388,T,KO,I,5,65.97
2025-10-06,9:41:35.185367388,T,KO,I,20,65.97
2025-10-06,9:41:35.185371078,T,KO,I,30,65.97
2025-10-06,9:41:41.904616092,T,KO,F,100,65.97
2025-10-06,9:41:43.424547128,T,KO,,100,65.975
2025-10-06,9:41:43.627873465,T,KO,,100,65.975
2025-10-06,9:41:46.539928283,T,KO,F I,6,65.98
2025-10-06,9:41:46.983836584,T,KO,,100,65.985
2025-10-06,9:41:49.917076812,T,KO,F I,75,65.99
2025-10-06,9:41:49.917098334,T,KO,I,25,65.99
2025-10-06,9:41:49.917101060,T,KO,,200,65.99
2025-10-06,9:41:49.917103896,T,KO,,100,65.99
2025-10-06,9:41:49.917103896,T,KO,I,1,65.99
2025-10-06,9:41:49.918926678,T,KO,F,400,66.0
2025-10-06,9:41:49.918947260,T,KO,,100,66.0
2025-10-06,9:41:49.919308084,T,KO,,100,66.0
2025-10-06,9:41:49.920008776,T,KO,,100,66.0
2025-10-06,9:41:49.922564966,T,KO,F I,25,66.0
2025-10-06,9:41:49.922567884,T,KO,F,100,66.0
2025-10-06,9:41:50.138653937,T,KO,,100,65.99
2025-10-06,9:41:50.138653937,T,KO,I,25,65.99
2025-10-06,9:41:50.139447898,T,KO,,100,65.99
2025-10-06,9:41:50.139450914,T,KO,,100,65.99
2025-10-06,9:41:50.139453747,T,KO,I,20,65.99
2025-10-06,9:41:50.139453747,T,KO,,100,65.99
2025-10-06,9:41:50.139456473,T,KO,,100,65.99
2025-10-06,9:41:52.849417913,T,KO,I,18,66.0
2025-10-06,9:41:52.849432989,T,KO,,220,66.0
2025-10-06,9:41:52.849436041,T,KO,I,1,66.0
2025-10-06,9:41:52.849453980,T,KO,I,1,66.0
2025-10-06,9:41:53.544003210,T,KO,I,10,66.0
2025-10-06,9:41:53.558028931,T,KO,,251,66.0
2025-10-06,9:41:53.558031698,T,KO,,248,66.0
2025-10-06,9:41:53.559183522,T,KO,,100,66.0
2025-10-06,9:41:53.559186375,T,KO,,100,66.0
2025-10-06,9:41:53.559186375,T,KO,,100,66.0
2025-10-06,9:41:53.559216445,T,KO,,200,66.0
2025-10-06,9:41:54.458030339,T,KO,,100,66.0
2025-10-06,9:41:54.458884370,T,KO,F,100,66.0
2025-10-06,9:41:54.458887784,T,KO,F I,76,66.0
2025-10-06,9:41:54.458908502,T,KO,I,1,66.0
2025-10-06,9:41:54.459100931,T,KO,I,50,66.0
2025-10-06,9:41:54.459473858,T,KO,I,50,66.0
2025-10-06,9:41:55.659996104,T,KO,I,3,66.0
2025-10-06,9:41:55.659996104,T,KO,I,1,66.0
2025-10-06,9:41:56.703806107,T,KO,I,25,66.0
2025-10-06,9:41:56.704606179,T,KO,I,21,66.0
2025-10-06,9:41:56.704645108,T,KO,,400,65.99
2025-10-06,9:41:56.704648134,T,KO,I,25,65.99
2025-10-06,9:41:56.704648134,T,KO,,100,65.99
2025-10-06,9:42:00.482834917,T,KO,,100,65.975
2025-10-06,9:42:02.434287786,T,KO,,200,65.975
2025-10-06,9:42:02.434290872,T,KO,,100,65.975
2025-10-06,9:42:02.435091260,T,KO,F I,21,65.98
2025-10-06,9:42:02.435093996,T,KO,F I,25,65.98
2025-10-06,9:42:02.435096809,T,KO,F,400,65.98
2025-10-06,9:42:02.435096809,T,KO,F I,1,65.98
2025-10-06,9:42:02.794455780,T,KO,,100,65.99
2025-10-06,9:42:02.794455780,T,KO,I,25,65.99
2025-10-06,9:42:02.794458648,T,KO,,100,65.99
2025-10-06,9:42:06.340342003,T,KO,,200,65.985
2025-10-06,9:42:06.381925140,T,KO,F,100,65.99
2025-10-06,9:42:07.426183220,T,KO,,200,65.995
2025-10-06,9:42:09.484703182,T,KO,,200,65.995
2025-10-06,9:42:11.108510634,T,KO,F I,15,66.0
2025-10-06,9:42:11.108525688,T,KO,F I,15,66.0
2025-10-06,9:42:11.108531610,T,KO,F I,15,66.0
2025-10-06,9:42:11.108541014,T,KO,F I,15,66.0
2025-10-06,9:42:11.108541014,T,KO,F I,15,66.0
2025-10-06,9:42:11.108549819,T,KO,F I,15,66.0
2025-10-06,9:42:11.108555750,T,KO,F I,15,66.0
2025-10-06,9:42:11.108555750,T,KO,F I,10,66.0
2025-10-06,9:42:12.240193145,T,KO,,200,66.005
2025-10-06,9:42:14.517465822,T,KO,F I,1,66.01
2025-10-06,9:42:14.517474906,T,KO,F,100,66.01
2025-10-06,9:42:15.021757983,T,KO,,100,66.015
2025-10-06,9:42:18.820973800,T,KO,F I,1,66.01
2025-10-06,9:42:18.821223307,T,KO,F I,1,66.01
2025-10-06,9:42:18.821506043,T,KO,I,25,66.01
2025-10-06,9:42:22.800111111,T,KO,,200,66.005
2025-10-06,9:42:26.434862174,T,KO,F I,42,66.0
2025-10-06,9:42:26.434862174,T,KO,F I,1,66.0
2025-10-06,9:42:26.434865166,T,KO,F I,1,66.0
2025-10-06,9:42:26.435283565,T,KO,I,25,66.0
2025-10-06,9:42:26.435433499,T,KO,I,25,66.0
2025-10-06,9:42:26.443997897,T,KO,,100,66.0
2025-10-06,9:42:29.521007655,T,KO,,100,65.995
2025-10-06,9:42:29.521714931,T,KO,I,3,65.99
2025-10-06,9:42:29.521717260,T,KO,I,5,65.99
2025-10-06,9:42:29.521837641,T,KO,I,11,65.99
2025-10-06,9:42:31.698893736,T,KO,F,100,65.99
2025-10-06,9:42:31.705434356,T,KO,,100,65.99
2025-10-06,9:42:31.705452352,T,KO,I,1,65.99
2025-10-06,9:42:32.546140761,T,KO,F I,25,65.99
2025-10-06,9:42:32.546140761,T,KO,F,100,65.99
2025-10-06,9:42:32.546411402,T,KO,I,91,65.99
2025-10-06,9:42:32.546432405,T,KO,I,1,65.99
2025-10-06,9:42:32.546456454,T,KO,I,1,65.99
2025-10-06,9:42:32.918900087,T,KO,I,6,65.98
2025-10-06,9:42:32.918900087,T,KO,I,94,65.98
2025-10-06,9:42:32.918923695,T,KO,F I,6,65.98
2025-10-06,9:42:32.918926610,T,KO,F I,25,65.98
2025-10-06,9:42:32.918929701,T,KO,F I,91,65.98
2025-10-06,9:42:32.918932726,T,KO,F,400,65.98
2025-10-06,9:42:32.919476957,T,KO,I,25,65.98
2025-10-06,9:42:32.919476957,T,KO,I,15,65.98
2025-10-06,9:42:32.919479976,T,KO,I,40,65.98
2025-10-06,9:42:32.919522069,T,KO,F I,91,65.98
2025-10-06,9:42:32.919528157,T,KO,F,109,65.98
2025-10-06,9:42:32.919528157,T,KO,F I,91,65.98
2025-10-06,9:42:36.349705005,T,KO,F I,1,65.97
2025-10-06,9:42:38.639530768,T,KO,,100,65.965
2025-10-06,9:42:38.639610970,T,KO,,100,65.965
2025-10-06,9:42:38.640260690,T,KO,I,26,65.96
2025-10-06,9:42:38.640260690,T,KO,I,25,65.96
2025-10-06,9:42:38.640762732,T,KO,F I,10,65.96
2025-10-06,9:42:38.640814002,T,KO,I,22,65.96
2025-10-06,9:42:39.461781318,T,KO,F,100,65.96
2025-10-06,9:42:39.461781318,T,KO,F I,91,65.96
2025-10-06,9:42:39.464463590,T,KO,,100,65.965
2025-10-06,9:42:40.081680826,T,KO,,100,65.965
2025-10-06,9:42:40.083316730,T,KO,,100,65.965
2025-10-06,9:42:45.180775655,T,KO,,100,65.98
2025-10-06,9:42:45.180793617,T,KO,I,1,65.98
2025-10-06,9:42:45.180811778,T,KO,I,21,65.98
2025-10-06,9:42:45.181067275,T,KO,I,25,65.98
2025-10-06,9:42:45.537623440,T,KO,F I,25,65.98
2025-10-06,9:42:51.361137637,T,KO,F I,3,65.96
2025-10-06,9:42:51.455520503,T,KO,F I,84,65.96
2025-10-06,9:42:51.891938428,T,KO,,200,65.965
2025-10-06,9:42:55.066553992,T,KO,I,1,65.97
2025-10-06,9:42:55.066575264,T,KO,I,99,65.97
2025-10-06,9:42:55.066578041,T,KO,,100,65.97
2025-10-06,9:42:55.066581007,T,KO,I,1,65.97
2025-10-06,9:42:58.502143940,T,KO,F,100,65.98
2025-10-06,9:42:58.502146706,T,KO,F I,1,65.98
2025-10-06,9:43:00.649074510,T,KO,I,22,65.98
2025-10-06,9:43:00.649074510,T,KO,I,78,65.98
2025-10-06,9:43:00.649098424,T,KO,I,6,65.98
2025-10-06,9:43:00.649098424,T,KO,I,19,65.98
2025-10-06,9:43:00.649101253,T,KO,I,7,65.98
2025-10-06,9:43:00.690714283,T,KO,,100,65.975
2025-10-06,9:43:04.004971048,T,KO,F I,1,65.98
2025-10-06,9:43:05.157060020,T,KO,F I,3,65.98
2025-10-06,9:43:05.157065992,T,KO,F I,12,65.98
2025-10-06,9:43:06.165439728,T,KO,,200,65.975
2025-10-06,9:43:06.165439728,T,KO,,100,65.975
2025-10-06,9:43:06.458911658,T,KO,F I,2,65.98
2025-10-06,9:43:06.458938769,T,KO,F,100,65.975
2025-10-06,9:43:06.469093914,T,KO,,100,65.99
2025-10-06,9:43:07.941156956,T,KO,I,3,66.0
2025-10-06,9:43:11.068449324,T,KO,F I,1,66.01
2025-10-06,9:43:11.677110992,T,KO,I,17,66.01
2025-10-06,9:43:11.838228870,T,KO,I,25,66.01
2025-10-06,9:43:12.165386929,T,KO,,100,66.01
2025-10-06,9:43:12.167188774,T,KO,I,78,66.01
2025-10-06,9:43:12.167191295,T,KO,I,22,66.01
2025-10-06,9:43:12.167194391,T,KO,I,3,66.01
2025-10-06,9:43:12.167194391,T,KO,,208,66.01
2025-10-06,9:43:12.167197229,T,KO,I,10,66.01
2025-10-06,9:43:12.545624570,T,KO,I,22,66.01
2025-10-06,9:43:12.545624570,T,KO,I,78,66.01
2025-10-06,9:43:13.359949043,T,KO,F I,3,66.01
2025-10-06,9:43:13.359949043,T,KO,F I,10,66.01
2025-10-06,9:43:18.173760527,T,KO,I,4,66.0
2025-10-06,9:43:18.173760527,T,KO,I,27,66.0
2025-10-06,9:43:18.173802270,T,KO,I,73,66.0
2025-10-06,9:43:19.302137666,T,KO,F I,8,66.0
2025-10-06,9:43:19.302137666,T,KO,F I,11,66.0
2025-10-06,9:43:19.302170782,T,KO,F I,4,66.0
2025-10-06,9:43:19.302273038,T,KO,F,100,66.0
2025-10-06,9:43:27.306437384,T,KO,F I,10,65.99
2025-10-06,9:43:27.306439948,T,KO,F I,1,65.99
2025-10-06,9:43:27.306439948,T,KO,F I,2,65.99
2025-10-06,9:43:27.306454889,T,KO,I,1,65.99
2025-10-06,9:43:27.306551527,T,KO,I,99,65.99
2025-10-06,9:43:31.117281238,T,KO,I,4,65.98
2025-10-06,9:43:31.117281238,T,KO,I,25,65.98
2025-10-06,9:43:31.117533936,T,KO,F,100,65.98
2025-10-06,9:43:31.117537448,T,KO,F I,76,65.98
2025-10-06,9:43:31.117555057,T,KO,F I,22,65.98
2025-10-06,9:43:33.678980662,T,KO,,100,65.985
2025-10-06,9:43:35.082266998,T,KO,F I,22,65.98
2025-10-06,9:43:35.082270138,T,KO,F I,76,65.98
2025-10-06,9:43:35.082270138,T,KO,F I,2,65.98
2025-10-06,9:43:35.082309112,T,KO,I,8,65.98
2025-10-06,9:43:37.666105100,T,KO,,100,65.975
2025-10-06,9:43:38.416801193,T,KO,,200,65.975
2025-10-06,9:43:42.438631266,T,KO,F I,16,65.98
2025-10-06,9:43:45.565647217,T,KO,,100,65.985
2025-10-06,9:43:45.565650211,T,KO,,100,65.99
2025-10-06,9:43:45.565680297,T,KO,I,1,65.99
2025-10-06,9:43:45.813957663,T,KO,F I,90,65.98
2025-10-06,9:43:45.813957663,T,KO,F I,25,65.98
2025-10-06,9:43:45.813960566,T,KO,F,101,65.98
2025-10-06,9:43:45.813963642,T,KO,F I,29,65.98
2025-10-06,9:43:45.813975588,T,KO,I,1,65.98
2025-10-06,9:43:45.813996774,T,KO,I,21,65.98
2025-10-06,9:43:45.814032753,T,KO,I,58,65.98
2025-10-06,9:43:45.814054496,T,KO,I,21,65.98
2025-10-06,9:43:45.824338332,T,KO,I,10,65.975
2025-10-06,9:43:46.378032151,T,KO,I,1,65.97
2025-10-06,9:43:46.378032151,T,KO,I,2,65.97
2025-10-06,9:43:46.378032151,T,KO,I,10,65.97
2025-10-06,9:43:46.378035115,T,KO,I,53,65.97
2025-10-06,9:43:47.722802117,T,KO,F I,1,65.96
2025-10-06,9:43:47.722802117,T,KO,F I,3,65.96
2025-10-06,9:43:47.735230786,T,KO,I,9,65.955
2025-10-06,9:43:48.003941698,T,KO,F,100,65.96
2025-10-06,9:43:56.691928446,T,KO,F I,72,65.96
2025-10-06,9:43:59.283121982,T,KO,F,100,65.96
2025-10-06,9:43:59.283140117,T,KO,I,1,65.96
2025-10-06,9:44:04.301862908,T,KO,,200,65.965
2025-10-06,9:44:04.302367573,T,KO,F I,1,65.97
2025-10-06,9:44:04.317283145,T,KO,F I,25,65.985
2025-10-06,9:44:04.321030496,T,KO,F,100,65.99
2025-10-06,9:44:04.321033038,T,KO,F,100,65.99
2025-10-06,9:44:06.751431113,T,KO,F I,1,66.0
2025-10-06,9:44:06.751433721,T,KO,F I,1,66.0
2025-10-06,9:44:06.751455386,T,KO,F I,99,66.0
2025-10-06,9:44:06.751458139,T,KO,F,100,66.0
2025-10-06,9:44:07.156173689,T,KO,,100,66.005
2025-10-06,9:44:07.162540231,T,KO,F,200,66.01
2025-10-06,9:44:07.261577736,T,KO,F I,1,66.015
2025-10-06,9:44:07.484471636,T,KO,F I,1,66.02
2025-10-06,9:44:08.276690448,T,KO,F I,25,66.035
2025-10-06,9:44:12.735719714,T,KO,I,25,66.06
2025-10-06,9:44:12.735722732,T,KO,I,10,66.06
2025-10-06,9:44:12.768200164,T,KO,F,100,66.08
2025-10-06,9:44:12.768215100,T,KO,F I,53,66.08
2025-10-06,9:44:12.768455698,T,KO,I,25,66.08
2025-10-06,9:44:12.768458729,T,KO,I,15,66.08
2025-10-06,9:44:12.768567031,T,KO,I,62,66.08
2025-10-06,9:44:12.781771395,T,KO,F I,62,66.07
2025-10-06,9:44:12.781774895,T,KO,F I,15,66.07
2025-10-06,9:44:12.781774895,T,KO,F I,25,66.07
2025-10-06,9:44:12.781777573,T,KO,F I,62,66.07
2025-10-06,9:44:13.259958365,T,KO,I,7,66.06
2025-10-06,9:44:13.259994630,T,KO,I,29,66.05
2025-10-06,9:44:13.259994630,T,KO,I,25,66.05
2025-10-06,9:44:14.728635386,T,KO,F I,8,66.05
2025-10-06,9:44:14.728635386,T,KO,F I,1,66.05
2025-10-06,9:44:14.728677533,T,KO,I,16,66.05
2025-10-06,9:44:18.427207487,T,KO,F I,4,66.04
2025-10-06,9:44:18.427279587,T,KO,I,16,66.04
2025-10-06,9:44:20.578137388,T,KO,F I,14,66.03
2025-10-06,9:44:20.578140838,T,KO,F I,90,66.03
2025-10-06,9:44:20.578143487,T,KO,F I,1,66.03
2025-10-06,9:44:29.184040702,T,KO,I,62,66.0
2025-10-06,9:44:29.184043652,T,KO,,100,66.0
2025-10-06,9:44:29.184046460,T,KO,I,25,66.0
2025-10-06,9:44:29.184046460,T,KO,I,1,66.0
2025-10-06,9:44:33.075365483,T,KO,I,50,66.01
2025-10-06,9:44:33.075368469,T,KO,I,25,66.01
2025-10-06,9:44:33.075371491,T,KO,I,1,66.01
2025-10-06,9:44:33.075374551,T,KO,,200,66.01
2025-10-06,9:44:33.075413645,T,KO,F I,58,66.01
2025-10-06,9:44:33.075434689,T,KO,F I,22,66.01
2025-10-06,9:44:33.075921851,T,KO,F I,27,66.02
2025-10-06,9:44:34.483505773,T,KO,F I,58,66.02
2025-10-06,9:44:34.483508319,T,KO,F I,97,66.02
2025-10-06,9:44:34.483523399,T,KO,I,1,66.02
2025-10-06,9:44:41.066794201,T,KO,F,200,66.025
2025-10-06,9:44:41.067287273,T,KO,,100,66.03
2025-10-06,9:44:41.067489159,T,KO,F,100,66.03
2025-10-06,9:44:41.067500867,T,KO,F I,2,66.03
2025-10-06,9:44:41.067500867,T,KO,F I,2,66.03
2025-10-06,9:44:41.612933903,T,KO,F I,1,66.02
2025-10-06,9:44:44.244366394,T,KO,F I,5,66.01
2025-10-06,9:44:44.244396498,T,KO,I,5,66.01
2025-10-06,9:44:44.247526912,T,KO,I,10,66.01
2025-10-06,9:44:55.749204273,T,KO,F,1000,66.0
2025-10-06,9:44:55.749207294,T,KO,F I,10,66.0
2025-10-06,9:44:55.749207294,T,KO,F I,1,66.0
2025-10-06,9:44:58.031757597,T,KO,F I,1,65.99
2025-10-06,9:45:00.025055799,T,KO,F I,1,65.99
2025-10-06,9:45:00.025061154,T,KO,F,100,65.99
2025-10-06,9:45:00.194120858,T,KO,I,1,65.98
2025-10-06,9:45:00.194120858,T,KO,I,26,65.98
2025-10-06,9:45:01.399749290,T,KO,I,15,65.975
2025-10-06,9:45:02.619457289,T,KO,F I,1,65.98
2025-10-06,9:45:02.619460588,T,KO,F,100,65.98
2025-10-06,9:45:02.619460588,T,KO,F I,1,65.98
2025-10-06,9:45:02.619463396,T,KO,F I,25,65.98
2025-10-06,9:45:02.989777394,T,KO,,100,65.985
2025-10-06,9:45:03.467272600,T,KO,,300,65.985
2025-10-06,9:45:03.469816711,T,KO,,100,65.985
2025-10-06,9:45:04.104971465,T,KO,,100,65.985
2025-10-06,9:45:04.129593994,T,KO,,100,65.985
2025-10-06,9:45:04.144437372,T,KO,,100,65.985
2025-10-06,9:45:06.130505651,T,KO,,100,65.985
2025-10-06,9:45:06.404587446,T,KO,F I,1,65.99
2025-10-06,9:45:06.404587446,T,KO,F I,25,65.99
2025-10-06,9:45:08.528780659,T,KO,F I,1,66.0
2025-10-06,9:45:12.495937181,T,KO,,100,66.015
2025-10-06,9:45:15.200825430,T,KO,F I,7,66.02
2025-10-06,9:45:15.354786094,T,KO,I,6,66.015
2025-10-06,9:45:17.856721276,T,KO,I,1,66.0
2025-10-06,9:45:17.856721276,T,KO,,100,66.0
2025-10-06,9:45:18.501784372,T,KO,I,17,65.99
2025-10-06,9:45:25.036260920,T,KO,I,12,65.98
2025-10-06,9:45:25.276548464,T,KO,I,43,65.98
2025-10-06,9:45:25.276548464,T,KO,I,6,65.98
2025-10-06,9:45:25.276581219,T,KO,F I,94,65.98
2025-10-06,9:45:25.276584328,T,KO,F I,3,65.98
2025-10-06,9:45:25.276584328,T,KO,F I,41,65.98
2025-10-06,9:45:25.647117781,T,KO,,100,65.98
2025-10-06,9:45:25.812773343,T,KO,F,200,66.0
2025-10-06,9:45:26.314590539,T,KO,F I,50,65.98
2025-10-06,9:45:27.052584305,T,KO,F,100,65.97
2025-10-06,9:45:27.052608750,T,KO,I,20,65.97
2025-10-06,9:45:27.052629368,T,KO,F I,80,65.97
2025-10-06,9:45:27.072777396,T,KO,I,67,65.97
2025-10-06,9:45:27.072780426,T,KO,I,18,65.97
2025-10-06,9:45:27.930621592,T,KO,I,15,65.97
2025-10-06,9:45:27.930624494,T,KO,I,67,65.97
2025-10-06,9:45:30.113512565,T,KO,F I,1,65.97
2025-10-06,9:45:34.996897244,T,KO,F I,67,65.98
2025-10-06,9:45:34.996900558,T,KO,F I,18,65.98
2025-10-06,9:45:34.996902727,T,KO,F I,15,65.98
2025-10-06,9:45:39.221950724,T,KO,F I,5,65.97
2025-10-06,9:45:39.221953833,T,KO,F I,25,65.97
2025-10-06,9:45:39.224639177,T,KO,F I,1,65.96
2025-10-06,9:45:39.224645124,T,KO,F,100,65.96
2025-10-06,9:45:43.160861352,T,KO,F I,25,65.95
2025-10-06,9:45:43.161658219,T,KO,F I,73,65.94
2025-10-06,9:45:43.161658219,T,KO,F I,24,65.94
2025-10-06,9:45:43.161682309,T,KO,I,1,65.94
2025-10-06,9:45:43.161685276,T,KO,I,75,65.94
2025-10-06,9:45:43.161688820,T,KO,I,13,65.94
2025-10-06,9:45:43.161691340,T,KO,,100,65.94
2025-10-06,9:45:44.082255867,T,KO,F I,1,65.93
2025-10-06,9:45:49.332572216,T,KO,F I,1,65.92
2025-10-06,9:45:49.332572216,T,KO,F I,1,65.92
2025-10-06,9:45:49.332575134,T,KO,F I,58,65.92
2025-10-06,9:45:49.754043839,T,KO,,100,65.915
2025-10-06,9:45:49.756028601,T,KO,,200,65.915
2025-10-06,9:45:50.425212474,T,KO,F I,5,65.91
2025-10-06,9:45:53.768993736,T,KO,I,20,65.92
2025-10-06,9:45:53.863887657,T,KO,I,67,65.92
2025-10-06,9:45:53.863929661,T,KO,,100,65.91
2025-10-06,9:45:53.863929661,T,KO,I,25,65.91
2025-10-06,9:45:53.864200362,T,KO,,100,65.91
2025-10-06,9:45:53.864233406,T,KO,I,67,65.91
2025-10-06,9:45:54.431318141,T,KO,I,3,65.92
2025-10-06,9:45:58.207706664,T,KO,I,33,65.92
2025-10-06,9:45:58.207710200,T,KO,,100,65.92
2025-10-06,9:45:58.207712778,T,KO,,100,65.92
2025-10-06,9:45:58.207712778,T,KO,,100,65.92
2025-10-06,9:45:58.210888149,T,KO,,100,65.925
2025-10-06,9:45:58.216893503,T,KO,,100,65.94
2025-10-06,9:45:58.216896676,T,KO,,100,65.94
2025-10-06,9:45:58.217600178,T,KO,,225,65.94
2025-10-06,9:45:59.617644790,T,KO,F I,1,65.93
2025-10-06,9:46:04.128322068,T,KO,F I,4,65.92
2025-10-06,9:46:08.116480791,T,KO,I,1,65.92
2025-10-06,9:46:10.427596235,T,KO,F,100,65.93
2025-10-06,9:46:10.427599240,T,KO,F,200,65.93
2025-10-06,9:46:15.558939612,T,KO,F I,8,65.93
2025-10-06,9:46:15.558939612,T,KO,F I,54,65.93
2025-10-06,9:46:21.078095831,T,KO,I,1,65.92
2025-10-06,9:46:21.078116986,T,KO,F I,19,65.92
2025-10-06,9:46:21.078116986,T,KO,F I,2,65.92
2025-10-06,9:46:21.078120014,T,KO,F,100,65.92
2025-10-06,9:46:21.361644768,T,KO,F I,25,65.92
2025-10-06,9:46:21.361647092,T,KO,F I,23,65.92
2025-10-06,9:46:21.361650120,T,KO,F,100,65.92
2025-10-06,9:46:29.921898560,T,KO,,100,65.935
2025-10-06,9:46:30.005915868,T,KO,I,1,65.94
2025-10-06,9:46:30.005918647,T,KO,,100,65.94
2025-10-06,9:46:30.005939774,T,KO,I,1,65.94
2025-10-06,9:46:30.006261518,T,KO,I,99,65.94
2025-10-06,9:46:30.526888524,T,KO,,100,65.96
2025-10-06,9:46:31.738344925,T,KO,I,25,65.95
2025-10-06,9:46:31.738347959,T,KO,I,25,65.95
2025-10-06,9:46:31.738576519,T,KO,F I,63,65.95
2025-10-06,9:46:31.738582472,T,KO,F,100,65.95
2025-10-06,9:46:31.738588554,T,KO,F I,23,65.95
2025-10-06,9:46:33.997226034,T,KO,I,23,65.95
2025-10-06,9:46:33.997229548,T,KO,I,63,65.95
2025-10-06,9:46:33.997229548,T,KO,I,51,65.95
2025-10-06,9:46:33.997244110,T,KO,I,1,65.95
2025-10-06,9:46:34.927636063,T,KO,,100,65.945
2025-10-06,9:46:36.316647741,T,KO,F I,3,65.94
2025-10-06,9:46:36.316647741,T,KO,F I,88,65.94
2025-10-06,9:46:36.316668555,T,KO,I,1,65.94
2025-10-06,9:46:36.316671464,T,KO,F I,11,65.94
2025-10-06,9:46:36.316671464,T,KO,F I,1,65.94
2025-10-06,9:46:36.316686428,T,KO,,100,65.94
2025-10-06,9:46:36.316695537,T,KO,I,14,65.94
2025-10-06,9:46:36.316936111,T,KO,I,25,65.94
2025-10-06,9:46:37.263551690,T,KO,,200,65.935
2025-10-06,9:46:40.450707773,T,KO,,100,65.935
2025-10-06,9:46:41.628430503,T,KO,I,1,65.93
2025-10-06,9:46:41.628432920,T,KO,I,1,65.93
2025-10-06,9:46:41.628436073,T,KO,I,1,65.93
2025-10-06,9:46:41.628438828,T,KO,,100,65.93
2025-10-06,9:46:41.833196561,T,KO,F I,48,65.93
2025-10-06,9:46:41.833199528,T,KO,F,100,65.93
2025-10-06,9:46:47.936319763,T,KO,I,1,65.92
2025-10-06,9:46:49.018642521,T,KO,,100,65.925
2025-10-06,9:46:49.589862211,T,KO,I,2,65.92
2025-10-06,9:46:49.589862211,T,KO,I,50,65.92
2025-10-06,9:46:49.589862211,T,KO,I,25,65.92
2025-10-06,9:46:50.282375368,T,KO,I,3,65.92
2025-10-06,9:46:50.282381485,T,KO,,100,65.915
2025-10-06,9:46:50.282381485,T,KO,,100,65.915
2025-10-06,9:46:53.546944862,T,KO,F I,90,65.91
2025-10-06,9:46:53.557563096,T,KO,,100,65.905
2025-10-06,9:46:56.551488025,T,KO,F I,1,65.9
2025-10-06,9:46:56.551488025,T,KO,F I,1,65.9
2025-10-06,9:46:56.551494499,T,KO,F I,35,65.9
2025-10-06,9:46:56.551494499,T,KO,F,576,65.9
2025-10-06,9:46:56.551500096,T,KO,F I,1,65.9
2025-10-06,9:46:56.551500096,T,KO,F I,1,65.9
2025-10-06,9:46:56.551500096,T,KO,F I,1,65.9
2025-10-06,9:46:56.552393185,T,KO,F,100,65.89
2025-10-06,9:46:56.552393185,T,KO,F I,11,65.89
2025-10-06,9:46:56.552498598,T,KO,I,65,65.89
2025-10-06,9:46:56.552498598,T,KO,I,7,65.89
2025-10-06,9:46:57.178072294,T,KO,I,1,65.89
2025-10-06,9:46:57.347327381,T,KO,F I,49,65.89
2025-10-06,9:46:57.347387532,T,KO,F I,10,65.89
2025-10-06,9:46:57.347411570,T,KO,I,5,65.89
2025-10-06,9:46:57.347414626,T,KO,I,7,65.89
2025-10-06,9:46:57.665464186,T,KO,,100,65.885
2025-10-06,9:46:57.666501618,T,KO,I,25,65.9
2025-10-06,9:46:57.677537861,T,KO,I,64,65.9
2025-10-06,9:46:57.677540888,T,KO,I,36,65.9
2025-10-06,9:47:00.620328906,T,KO,,100,65.895
2025-10-06,9:47:00.632471854,T,KO,,200,65.895
2025-10-06,9:47:02.410456885,T,KO,F I,64,65.9
2025-10-06,9:47:02.410456885,T,KO,F I,20,65.9
2025-10-06,9:47:02.410496162,T,KO,F,100,65.9
2025-10-06,9:47:02.410496162,T,KO,F I,1,65.9
2025-10-06,9:47:02.410498793,T,KO,F I,47,65.9
2025-10-06,9:47:02.410498793,T,KO,F I,1,65.9
2025-10-06,9:47:03.429156886,T,KO,,100,65.905
2025-10-06,9:47:06.164682171,T,KO,F,126,65.91
2025-10-06,9:47:06.164787404,T,KO,F I,26,65.91
2025-10-06,9:47:06.165172334,T,KO,F I,48,65.91
2025-10-06,9:47:06.165172334,T,KO,F,100,65.91
2025-10-06,9:47:06.165175278,T,KO,F,100,65.91
2025-10-06,9:47:06.233591305,T,KO,,100,65.915
2025-10-06,9:47:09.050216754,T,KO,,100,65.915
2025-10-06,9:47:09.155960610,T,KO,,200,65.915
2025-10-06,9:47:20.677100333,T,KO,F I,25,65.92
2025-10-06,9:47:20.677102740,T,KO,F,100,65.92
2025-10-06,9:47:20.677106110,T,KO,F I,90,65.92
2025-10-06,9:47:20.677108624,T,KO,F,200,65.92
2025-10-06,9:47:20.677358244,T,KO,I,25,65.92
2025-10-06,9:47:20.677424460,T,KO,I,76,65.92
2025-10-06,9:47:20.677550704,T,KO,I,77,65.92
2025-10-06,9:47:20.677553735,T,KO,,100,65.92
2025-10-06,9:47:20.677556742,T,KO,I,24,65.92
2025-10-06,9:47:20.685213032,T,KO,,200,65.915
2025-10-06,9:47:24.664052571,T,KO,I,15,65.915
2025-10-06,9:47:24.664578817,T,KO,I,21,65.915
2025-10-06,9:47:24.915433262,T,KO,I,17,65.915
2025-10-06,9:47:24.932096014,T,KO,I,36,65.915
2025-10-06,9:47:39.803924254,T,KO,F I,24,65.92
2025-10-06,9:47:39.803928089,T,KO,F I,63,65.92
2025-10-06,9:47:39.803981305,T,KO,F I,14,65.92
2025-10-06,9:47:39.803981305,T,KO,F I,31,65.92
2025-10-06,9:47:39.803984327,T,KO,F I,52,65.92
2025-10-06,9:47:39.803987383,T,KO,F I,12,65.92
2025-10-06,9:47:39.803990319,T,KO,F I,1,65.92
2025-10-06,9:47:39.804498595,T,KO,,200,65.915
2025-10-06,9:47:41.660976428,T,KO,I,24,65.92
2025-10-06,9:47:41.661237945,T,KO,I,25,65.92
2025-10-06,9:47:41.662251262,T,KO,F I,16,65.92
2025-10-06,9:47:41.664654008,T,KO,F I,59,65.92
2025-10-06,9:47:41.664654008,T,KO,F I,41,65.92
2025-10-06,9:47:41.664672107,T,KO,I,1,65.92
2025-10-06,9:47:42.593837137,T,KO,F I,1,65.92
2025-10-06,9:47:43.288299156,T,KO,F I,1,65.91
2025-10-06,9:47:43.288302748,T,KO,F I,1,65.91
2025-10-06,9:47:43.288302748,T,KO,F I,21,65.91
2025-10-06,9:47:43.288305164,T,KO,F I,1,65.91
2025-10-06,9:47:43.288311333,T,KO,F I,41,65.91
2025-10-06,9:47:43.288311333,T,KO,F I,1,65.91
2025-10-06,9:47:43.288311333,T,KO,F I,9,65.91
2025-10-06,9:47:43.288326333,T,KO,F I,1,65.91
2025-10-06,9:47:43.288684057,T,KO,I,25,65.91
2025-10-06,9:47:43.288747292,T,KO,F I,67,65.91
2025-10-06,9:47:43.391294487,T,KO,F,100,65.9
2025-10-06,9:47:46.798466522,T,KO,F I,10,65.9
2025-10-06,9:47:46.798652978,T,KO,F I,57,65.9
2025-10-06,9:47:47.767741134,T,KO,I,25,65.9
2025-10-06,9:47:47.767777161,T,KO,I,1,65.89
2025-10-06,9:47:47.767795404,T,KO,I,1,65.89
2025-10-06,9:47:47.767795404,T,KO,I,1,65.89
2025-10-06,9:47:47.767798651,T,KO,I,25,65.89
2025-10-06,9:47:47.767798651,T,KO,I,38,65.89
2025-10-06,9:47:51.032406769,T,KO,,200,65.895
2025-10-06,9:47:51.928384704,T,KO,,100,65.895
2025-10-06,9:47:59.458229120,T,KO,,100,65.915
2025-10-06,9:47:59.458295316,T,KO,,100,65.915
2025-10-06,9:48:07.257960455,T,KO,F,100,65.92
2025-10-06,9:48:07.257966676,T,KO,F I,1,65.92
2025-10-06,9:48:07.257966676,T,KO,F I,1,65.92
2025-10-06,9:48:07.799646563,T,KO,I,45,65.935
2025-10-06,9:48:15.885758655,T,KO,F,100,65.94
2025-10-06,9:48:15.885758655,T,KO,F I,25,65.94
2025-10-06,9:48:15.885773748,T,KO,I,1,65.94
2025-10-06,9:48:15.885785675,T,KO,I,74,65.94
2025-10-06,9:48:16.343117975,T,KO,F I,25,65.94
2025-10-06,9:48:16.343451808,T,KO,I,25,65.94
2025-10-06,9:48:16.343689304,T,KO,F I,79,65.94
2025-10-06,9:48:26.366528105,T,KO,I,79,65.94
2025-10-06,9:48:26.366531162,T,KO,,100,65.94
2025-10-06,9:48:26.366705798,T,KO,F,100,65.95
2025-10-06,9:48:26.414546701,T,KO,I,25,65.95
2025-10-06,9:48:26.414549544,T,KO,I,34,65.95
2025-10-06,9:48:26.414585593,T,KO,I,66,65.95
2025-10-06,9:48:33.740845048,T,KO,,100,65.955
2025-10-06,9:48:34.359066553,T,KO,,100,65.955
2025-10-06,9:48:37.816227302,T,KO,I,5,65.95
2025-10-06,9:48:37.816263425,T,KO,F I,64,65.95
2025-10-06,9:48:37.816263425,T,KO,F I,7,65.95
2025-10-06,9:48:37.816266576,T,KO,I,18,65.95
2025-10-06,9:48:37.816266576,T,KO,I,1,65.95
2025-10-06,9:48:37.816368064,T,KO,I,54,65.95
2025-10-06,9:48:37.816416195,T,KO,F I,69,65.95
2025-10-06,9:48:37.816657094,T,KO,,100,65.95
2025-10-06,9:48:37.816657094,T,KO,I,23,65.95
2025-10-06,9:48:37.816660389,T,KO,I,69,65.95
2025-10-06,9:48:37.816660389,T,KO,I,69,65.95
2025-10-06,9:48:37.816662978,T,KO,I,80,65.95
2025-10-06,9:48:37.816677807,T,KO,I,1,65.95
2025-10-06,9:48:37.816713893,T,KO,I,46,65.95
2025-10-06,9:48:37.816713893,T,KO,I,54,65.945
2025-10-06,9:48:37.816822558,T,KO,F I,50,65.95
2025-10-06,9:48:39.109919993,T,KO,,100,65.955
2025-10-06,9:48:39.715324928,T,KO,F I,47,65.95
2025-10-06,9:48:39.715375991,T,KO,I,22,65.95
2025-10-06,9:48:39.715379015,T,KO,,100,65.95
2025-10-06,9:48:42.550782071,T,KO,F I,1,65.95
2025-10-06,9:48:43.323134811,T,KO,,100,65.945
2025-10-06,9:48:43.323134811,T,KO,,100,65.95
2025-10-06,9:48:43.323146892,T,KO,I,1,65.95
2025-10-06,9:48:44.305346223,T,KO,I,10,65.945
2025-10-06,9:48:44.750977699,T,KO,F I,4,65.94
2025-10-06,9:48:44.750980710,T,KO,F I,3,65.94
2025-10-06,9:48:44.750980710,T,KO,F I,11,65.94
2025-10-06,9:48:44.751461740,T,KO,I,2,65.94
2025-10-06,9:48:44.751476733,T,KO,I,15,65.94
2025-10-06,9:48:45.685964477,T,KO,F I,11,65.94
2025-10-06,9:48:45.686704395,T,KO,I,25,65.94
2025-10-06,9:48:45.686707526,T,KO,,100,65.94
2025-10-06,9:48:45.686710217,T,KO,I,68,65.94
2025-10-06,9:48:46.073091542,T,KO,,100,65.945
2025-10-06,9:48:53.720263555,T,KO,,970,65.95
2025-10-06,9:48:53.720263555,T,KO,,101,65.95
2025-10-06,9:48:54.040462882,T,KO,F I,1,65.96
2025-10-06,9:48:54.423094304,T,KO,F I,68,65.96
2025-10-06,9:48:56.315925513,T,KO,,100,65.97
2025-10-06,9:48:59.205101910,T,KO,I,3,65.97
2025-10-06,9:49:00.856413009,T,KO,F I,1,65.96
2025-10-06,9:49:00.856413009,T,KO,F I,1,65.96
2025-10-06,9:49:03.104898341,T,KO,I,30,65.955
2025-10-06,9:49:04.736774157,T,KO,F I,1,65.96
2025-10-06,9:49:06.649918760,T,KO,,100,65.955
2025-10-06,9:49:06.649921728,T,KO,I,1,65.95
2025-10-06,9:49:06.649921728,T,KO,I,25,65.95
2025-10-06,9:49:06.649924685,T,KO,I,3,65.95
2025-10-06,9:49:06.649957780,T,KO,I,22,65.95
2025-10-06,9:49:06.650072201,T,KO,,100,65.955
2025-10-06,9:49:07.023913460,T,KO,,100,65.955
2025-10-06,9:49:07.023913460,T,KO,,100,65.955
2025-10-06,9:49:11.218493028,T,KO,I,3,65.96
2025-10-06,9:49:15.334194780,T,KO,I,25,65.96
2025-10-06,9:49:15.336359880,T,KO,I,1,65.96
2025-10-06,9:49:15.336359880,T,KO,I,25,65.96
2025-10-06,9:49:15.977252273,T,KO,I,25,65.96
2025-10-06,9:49:16.082960067,T,KO,F,100,65.96
2025-10-06,9:49:19.987973838,T,KO,F I,2,65.95
2025-10-06,9:49:19.987976931,T,KO,F,180,65.95
2025-10-06,9:49:30.728458636,T,KO,F I,5,65.95
2025-10-06,9:49:30.728502121,T,KO,,100,65.95
2025-10-06,9:49:36.785736513,T,KO,I,3,65.96
2025-10-06,9:49:36.785757224,T,KO,F I,97,65.96
2025-10-06,9:49:36.785757224,T,KO,F I,1,65.96
2025-10-06,9:49:36.785763689,T,KO,F I,25,65.96
2025-10-06,9:49:36.785763689,T,KO,F I,21,65.96
2025-10-06,9:49:36.785766045,T,KO,F I,79,65.96
2025-10-06,9:49:38.210718998,T,KO,I,2,65.97
2025-10-06,9:49:39.741611209,T,KO,F I,47,65.97
2025-10-06,9:49:41.748465107,T,KO,I,7,65.965
2025-10-06,9:49:43.896469264,T,KO,I,12,65.96
2025-10-06,9:49:43.896469264,T,KO,I,21,65.96
2025-10-06,9:49:43.896541280,T,KO,I,59,65.96
2025-10-06,9:49:43.897404601,T,KO,I,61,65.96
2025-10-06,9:49:43.897404601,T,KO,I,23,65.96
2025-10-06,9:49:43.897407311,T,KO,I,25,65.96
2025-10-06,9:49:50.203592225,T,KO,F I,4,65.97
2025-10-06,9:49:56.194665597,T,KO,F I,20,65.96
2025-10-06,9:49:56.194668952,T,KO,F I,61,65.96
2025-10-06,9:49:56.194672410,T,KO,F I,1,65.96
2025-10-06,9:49:56.194672410,T,KO,F I,17,65.96
2025-10-06,9:49:56.194674667,T,KO,F I,1,65.96
2025-10-06,9:50:01.359346495,T,KO,F I,96,65.96
2025-10-06,9:50:01.662937595,T,KO,F,100,65.97
2025-10-06,9:50:04.256712042,T,KO,F I,10,65.97
2025-10-06,9:50:04.256714348,T,KO,F I,1,65.97
2025-10-06,9:50:04.256718084,T,KO,F I,25,65.97
2025-10-06,9:50:05.611856022,T,KO,F,400,65.97
2025-10-06,9:50:05.611859068,T,KO,F,200,65.97
2025-10-06,9:50:14.313337552,T,KO,F I,49,65.96
2025-10-06,9:50:14.313337552,T,KO,F,226,65.96
2025-10-06,9:50:14.313356830,T,KO,I,1,65.96
2025-10-06,9:50:14.313368912,T,KO,,173,65.96
2025-10-06,9:50:15.094350011,T,KO,I,3,65.97
2025-10-06,9:50:15.094350011,T,KO,I,13,65.97
2025-10-06,9:50:15.094852211,T,KO,I,76,65.97
2025-10-06,9:50:15.094999506,T,KO,F I,11,65.97
2025-10-06,9:50:15.095002584,T,KO,F I,89,65.97
2025-10-06,9:50:15.095273209,T,KO,I,11,65.97
2025-10-06,9:50:15.095316232,T,KO,I,58,65.97
2025-10-06,9:50:15.095321396,T,KO,I,23,65.97
2025-10-06,9:50:15.095321396,T,KO,,100,65.97
2025-10-06,9:50:15.095321396,T,KO,I,16,65.97
2025-10-06,9:50:15.095324965,T,KO,I,25,65.97
2025-10-06,9:50:15.095324965,T,KO,I,39,65.97
2025-10-06,9:50:15.479179527,T,KO,I,2,65.965
2025-10-06,9:50:15.489433960,T,KO,I,11,65.96
2025-10-06,9:50:15.489433960,T,KO,I,19,65.96
2025-10-06,9:50:15.610234688,T,KO,I,8,65.96
2025-10-06,9:50:15.652641827,T,KO,F I,31,65.96
2025-10-06,9:50:15.652644725,T,KO,F I,51,65.96
2025-10-06,9:50:15.652668777,T,KO,I,31,65.96
2025-10-06,9:50:15.654346982,T,KO,I,59,65.96
2025-10-06,9:50:15.654349781,T,KO,I,23,65.96
2025-10-06,9:50:15.918261349,T,KO,I,23,65.96
2025-10-06,9:50:15.918264605,T,KO,I,59,65.96
2025-10-06,9:50:15.918267431,T,KO,I,25,65.96
2025-10-06,9:50:26.501545380,T,KO,I,1,65.95
2025-10-06,9:50:26.501548748,T,KO,,200,65.95
2025-10-06,9:50:26.501548748,T,KO,I,7,65.95
2025-10-06,9:50:26.501551396,T,KO,I,10,65.95
2025-10-06,9:50:26.504717907,T,KO,I,30,65.945
2025-10-06,9:50:32.080330688,T,KO,F I,10,65.94
2025-10-06,9:50:32.080330688,T,KO,F I,2,65.94
2025-10-06,9:50:32.081774308,T,KO,I,1,65.93
2025-10-06,9:50:32.081774308,T,KO,I,9,65.93
2025-10-06,9:50:32.081798180,T,KO,I,2,65.93
2025-10-06,9:50:32.081801672,T,KO,I,17,65.93
2025-10-06,9:50:33.055583580,T,KO,F I,25,65.93
2025-10-06,9:50:33.055586553,T,KO,F,200,65.93
2025-10-06,9:50:37.677459808,T,KO,F I,1,65.94
2025-10-06,9:50:40.130486287,T,KO,,100,65.945
2025-10-06,9:50:50.815719023,T,KO,I,4,65.945
2025-10-06,9:51:00.015684280,T,KO,F I,1,65.94
2025-10-06,9:51:02.693706687,T,KO,F I,1,65.93
2025-10-06,9:51:02.886450715,T,KO,I,25,65.92
2025-10-06,9:51:03.091006901,T,KO,I,1,65.925
2025-10-06,9:51:05.728640169,T,KO,F I,25,65.92
2025-10-06,9:51:05.728643257,T,KO,F I,1,65.92
2025-10-06,9:51:08.124329932,T,KO,I,1,65.91
2025-10-06,9:51:08.124332075,T,KO,I,55,65.91
2025-10-06,9:51:08.857409232,T,KO,,100,65.91
2025-10-06,9:51:08.857412254,T,KO,I,1,65.91
2025-10-06,9:51:09.078850631,T,KO,,100,65.915
2025-10-06,9:51:14.393808550,T,KO,F I,28,65.92
2025-10-06,9:51:17.729728942,T,KO,,100,65.925
2025-10-06,9:51:25.027333354,T,KO,F I,16,65.93
2025-10-06,9:51:25.027333354,T,KO,F I,1,65.93
2025-10-06,9:51:25.027336343,T,KO,F,100,65.93
2025-10-06,9:51:25.027336343,T,KO,F,100,65.93
2025-10-06,9:51:25.027342266,T,KO,F I,3,65.93
2025-10-06,9:51:25.688307661,T,KO,I,25,65.95
2025-10-06,9:51:25.688310384,T,KO,,100,65.95
2025-10-06,9:51:25.688316393,T,KO,I,75,65.95
2025-10-06,9:51:25.688545063,T,KO,F I,32,65.955
2025-10-06,9:51:25.688596047,T,KO,F I,32,65.955
2025-10-06,9:51:25.688620253,T,KO,F I,36,65.955
2025-10-06,9:51:25.688623118,T,KO,F I,25,65.95
2025-10-06,9:51:25.688626157,T,KO,F I,7,65.95
2025-10-06,9:51:25.873208823,T,KO,I,50,65.95
2025-10-06,9:51:25.873208823,T,KO,I,83,65.95
2025-10-06,9:51:26.361154018,T,KO,F,100,65.95
2025-10-06,9:51:29.854210634,T,KO,F I,65,65.95
2025-10-06,9:51:29.854210634,T,KO,F I,18,65.95
2025-10-06,9:51:29.854213841,T,KO,F I,22,65.95
2025-10-06,9:51:29.854914343,T,KO,I,54,65.95
2025-10-06,9:51:29.855118797,T,KO,I,10,65.945
2025-10-06,9:51:29.855121796,T,KO,I,72,65.95
2025-10-06,9:51:30.475619688,T,KO,F,100,65.96
2025-10-06,9:51:30.475625706,T,KO,F I,13,65.96
2025-10-06,9:51:30.475628727,T,KO,F I,3,65.96
2025-10-06,9:51:30.476506884,T,KO,,200,65.96
2025-10-06,9:51:30.560899822,T,KO,,100,65.965
2025-10-06,9:51:31.137666036,T,KO,F I,54,65.96
2025-10-06,9:51:31.137666036,T,KO,F,100,65.96
2025-10-06,9:51:31.137666036,T,KO,F I,72,65.96
2025-10-06,9:51:31.137666036,T,KO,F I,17,65.96
2025-10-06,9:51:31.137971394,T,KO,I,25,65.96
2025-10-06,9:51:31.138016462,T,KO,F I,54,65.96
2025-10-06,9:51:31.138025981,T,KO,F,100,65.96
2025-10-06,9:51:31.145940310,T,KO,,200,65.955
2025-10-06,9:51:31.338831696,T,KO,,200,65.96
2025-10-06,9:51:31.338831696,T,KO,I,25,65.96
2025-10-06,9:51:31.389505354,T,KO,F I,1,65.96
2025-10-06,9:51:38.816685434,T,KO,F I,1,65.97
2025-10-06,9:51:38.816691477,T,KO,F I,1,65.97
2025-10-06,9:51:38.816802747,T,KO,F I,1,65.97
2025-10-06,9:51:38.816832740,T,KO,F I,98,65.97
2025-10-06,9:51:38.820372211,T,KO,F I,1,65.98
2025-10-06,9:51:40.174650715,T,KO,F I,41,65.99
2025-10-06,9:51:40.174678000,T,KO,F,100,65.99
2025-10-06,9:51:40.174689837,T,KO,I,25,65.98
2025-10-06,9:51:40.174693065,T,KO,,100,65.98
2025-10-06,9:51:40.174695861,T,KO,,400,65.98
2025-10-06,9:51:40.174695861,T,KO,,200,65.98
2025-10-06,9:51:40.174707937,T,KO,,100,65.99
2025-10-06,9:51:40.174713939,T,KO,,100,65.99
2025-10-06,9:51:40.174732029,T,KO,I,1,65.98
2025-10-06,9:51:40.174738114,T,KO,I,75,65.98
2025-10-06,9:51:40.174741391,T,KO,I,25,65.98
2025-10-06,9:51:40.174743974,T,KO,I,75,65.98
2025-10-06,9:51:40.174743974,T,KO,I,25,65.98
2025-10-06,9:51:40.174978488,T,KO,I,75,65.98
2025-10-06,9:51:43.125431944,T,KO,,100,65.99
2025-10-06,9:51:45.054340098,T,KO,F I,94,65.99
2025-10-06,9:51:45.054815293,T,KO,I,25,65.99
2025-10-06,9:51:45.416179883,T,KO,,100,65.985
2025-10-06,9:51:45.949978319,T,KO,F I,10,65.98
2025-10-06,9:51:45.949981308,T,KO,F I,82,65.98
2025-10-06,9:51:48.458183270,T,KO,,100,65.975
2025-10-06,9:51:48.458249507,T,KO,,100,65.975
2025-10-06,9:51:52.661026543,T,KO,F I,1,65.97
2025-10-06,9:51:52.661561758,T,KO,I,25,65.97
2025-10-06,9:51:52.661624962,T,KO,I,78,65.97
2025-10-06,9:51:59.739177033,T,KO,I,1,65.965
2025-10-06,9:52:02.247150440,T,KO,F I,1,65.96
2025-10-06,9:52:02.247153432,T,KO,F I,10,65.96
2025-10-06,9:52:03.265986008,T,KO,F,100,65.95
2025-10-06,9:52:03.266136388,T,KO,I,25,65.95
2025-10-06,9:52:03.266139373,T,KO,I,25,65.95
2025-10-06,9:52:03.267101995,T,KO,I,80,65.95
2025-10-06,9:52:03.267105785,T,KO,,100,65.95
2025-10-06,9:52:03.267105785,T,KO,,100,65.955
2025-10-06,9:52:03.267110845,T,KO,,100,65.955
2025-10-06,9:52:03.267110845,T,KO,,100,65.955
2025-10-06,9:52:03.267113668,T,KO,,300,65.96
2025-10-06,9:52:03.267116818,T,KO,I,1,65.96
2025-10-06,9:52:03.267116818,T,KO,,400,65.96
2025-10-06,9:52:03.267119707,T,KO,,200,65.96
2025-10-06,9:52:03.267119707,T,KO,I,78,65.96
2025-10-06,9:52:03.267147439,T,KO,F,100,65.96
2025-10-06,9:52:03.267321253,T,KO,I,81,65.96
2025-10-06,9:52:03.267321253,T,KO,I,19,65.96
2025-10-06,9:52:03.267439076,T,KO,F I,1,65.96
2025-10-06,9:52:03.267439076,T,KO,F I,32,65.96
2025-10-06,9:52:03.267441501,T,KO,F I,68,65.96
2025-10-06,9:52:03.331692922,T,KO,F I,59,65.95
2025-10-06,9:52:03.332047364,T,KO,I,1,65.95
2025-10-06,9:52:06.138545240,T,KO,I,10,65.955
2025-10-06,9:52:06.141907272,T,KO,F I,19,65.96
2025-10-06,9:52:06.141910918,T,KO,F I,59,65.96
2025-10-06,9:52:06.141912987,T,KO,F I,1,65.96
2025-10-06,9:52:06.141915804,T,KO,F,100,65.96
2025-10-06,9:52:09.444411453,T,KO,F I,1,65.97
2025-10-06,9:52:10.543715842,T,KO,F I,1,65.97
2025-10-06,9:52:10.543989442,T,KO,I,24,65.97
2025-10-06,9:52:10.543989442,T,KO,I,10,65.97
2025-10-06,9:52:17.340540311,T,KO,,100,65.985
2025-10-06,9:52:17.588282226,T,KO,I,10,65.98
2025-10-06,9:52:35.202847074,T,KO,F,100,65.98
2025-10-06,9:52:35.202850229,T,KO,F,100,65.98
2025-10-06,9:52:35.202853100,T,KO,F I,10,65.98
2025-10-06,9:52:36.034258272,T,KO,F I,69,65.97
2025-10-06,9:52:37.951204045,T,KO,F I,1,65.97
2025-10-06,9:52:40.127156696,T,KO,I,3,65.98
2025-10-06,9:52:40.127156696,T,KO,,100,65.98
2025-10-06,9:52:42.885789111,T,KO,F I,10,65.98
2025-10-06,9:52:42.887175291,T,KO,F,200,65.97
2025-10-06,9:52:48.336339980,T,KO,F I,25,65.98
2025-10-06,9:52:53.525704292,T,KO,F I,15,65.98
2025-10-06,9:52:53.525706935,T,KO,F I,25,65.98
2025-10-06,9:53:02.233565546,T,KO,F I,11,65.97
2025-10-06,9:53:02.233565546,T,KO,F I,2,65.97
2025-10-06,9:53:02.233565546,T,KO,F I,1,65.97
2025-10-06,9:53:02.233568911,T,KO,F,100,65.97
2025-10-06,9:53:02.233571099,T,KO,F I,1,65.97
2025-10-06,9:53:02.233619266,T,KO,I,2,65.97
2025-10-06,9:53:05.876971434,T,KO,I,1,65.96
2025-10-06,9:53:12.759520719,T,KO,F I,1,65.95
2025-10-06,9:53:12.759520719,T,KO,F I,1,65.95
2025-10-06,9:53:12.759523817,T,KO,F I,1,65.95
2025-10-06,9:53:12.759526554,T,KO,F I,15,65.95
2025-10-06,9:53:12.759791276,T,KO,F I,10,65.95
2025-10-06,9:53:21.456541338,T,KO,F I,90,65.94
2025-10-06,9:53:21.456541338,T,KO,F I,4,65.94
2025-10-06,9:53:21.456546699,T,KO,F,100,65.94
2025-10-06,9:53:22.875127747,T,KO,F,200,65.95
2025-10-06,9:53:29.372071736,T,KO,F I,13,65.95
2025-10-06,9:53:30.819127404,T,KO,F I,1,65.96
2025-10-06,9:53:30.819127404,T,KO,F I,89,65.96
2025-10-06,9:53:33.205951389,T,KO,,100,65.96
2025-10-06,9:53:33.205951389,T,KO,F I,64,65.96
2025-10-06,9:53:36.668672438,T,KO,F I,6,65.96
2025-10-06,9:53:36.668674758,T,KO,F I,68,65.96
2025-10-06,9:53:36.669191995,T,KO,I,10,65.96
2025-10-06,9:53:36.669197948,T,KO,F I,34,65.96
2025-10-06,9:53:36.669622110,T,KO,F I,56,65.96
2025-10-06,9:53:48.379223688,T,KO,F I,50,65.96
2025-10-06,9:53:48.379265742,T,KO,I,86,65.96
2025-10-06,9:53:48.379269231,T,KO,I,1,65.96
2025-10-06,9:53:48.379271849,T,KO,I,90,65.96
2025-10-06,9:53:48.379271849,T,KO,I,2,65.96
2025-10-06,9:53:48.456760343,T,KO,I,10,65.96
2025-10-06,9:53:54.074160667,T,KO,F,100,65.96
2025-10-06,9:53:54.074163759,T,KO,F I,1,65.96
2025-10-06,9:53:59.777213943,T,KO,F I,1,65.95
2025-10-06,9:53:59.777216987,T,KO,F I,50,65.95
2025-10-06,9:53:59.777220063,T,KO,F I,22,65.95
2025-10-06,9:54:04.444751010,T,KO,I,25,65.95
2025-10-06,9:54:13.130728967,T,KO,F I,1,65.96
2025-10-06,9:54:13.130728967,T,KO,F I,93,65.96
2025-10-06,9:54:18.068874530,T,KO,I,8,65.97
2025-10-06,9:54:18.068901606,T,KO,F I,1,65.97
2025-10-06,9:54:18.068901606,T,KO,F I,84,65.97
2025-10-06,9:54:18.068907587,T,KO,I,16,65.97
2025-10-06,9:54:18.068910510,T,KO,I,62,65.97
2025-10-06,9:54:18.068935165,T,KO,I,16,65.97
2025-10-06,9:54:18.068979692,T,KO,I,22,65.97
2025-10-06,9:54:18.068979692,T,KO,I,87,65.97
2025-10-06,9:54:18.069382638,T,KO,I,13,65.97
2025-10-06,9:54:30.385625340,T,KO,F,100,65.98
2025-10-06,9:54:30.385628544,T,KO,F,100,65.98
2025-10-06,9:54:30.385628544,T,KO,F I,2,65.98
2025-10-06,9:54:30.399900101,T,KO,,100,65.985
2025-10-06,9:54:30.399900101,T,KO,,200,65.985
2025-10-06,9:54:30.399903048,T,KO,,100,65.985
2025-10-06,9:54:30.586461405,T,KO,,100,65.99
2025-10-06,9:54:30.586518507,T,KO,I,43,65.99
2025-10-06,9:54:30.586563881,T,KO,I,57,65.99
2025-10-06,9:54:30.586569809,T,KO,I,61,65.99
2025-10-06,9:54:30.586569809,T,KO,,100,65.99
2025-10-06,9:54:30.586569809,T,KO,,100,65.99
2025-10-06,9:54:30.586573123,T,KO,I,15,65.99
2025-10-06,9:54:30.586590664,T,KO,F I,85,65.99
2025-10-06,9:54:30.586885673,T,KO,I,61,65.99
2025-10-06,9:54:30.586885673,T,KO,,100,65.99
2025-10-06,9:54:30.586891438,T,KO,I,54,65.99
2025-10-06,9:54:30.586891438,T,KO,I,85,65.99
2025-10-06,9:54:30.586916139,T,KO,I,15,65.99
2025-10-06,9:54:34.002543846,T,KO,F I,13,65.99
2025-10-06,9:54:34.002547351,T,KO,F I,54,65.99
2025-10-06,9:54:34.002549975,T,KO,F I,17,65.99
2025-10-06,9:54:34.002549975,T,KO,F,100,65.99
2025-10-06,9:54:39.229184428,T,KO,F I,13,65.98
2025-10-06,9:54:48.509128270,T,KO,I,1,65.98
2025-10-06,9:54:49.416422198,T,KO,I,10,65.98
2025-10-06,9:54:50.844683030,T,KO,,100,65.985
2025-10-06,9:54:51.005015942,T,KO,,100,65.985
2025-10-06,9:54:51.068815880,T,KO,,100,65.985
2025-10-06,9:54:51.253221095,T,KO,,100,65.985
2025-10-06,9:54:52.219624887,T,KO,,200,65.99
2025-10-06,9:54:52.219624887,T,KO,,100,65.99
2025-10-06,9:54:52.219626960,T,KO,,400,65.99
2025-10-06,9:55:11.083081233,T,KO,F I,2,65.985
2025-10-06,9:55:11.083914623,T,KO,I,1,65.98
2025-10-06,9:55:11.083923544,T,KO,I,1,65.98
2025-10-06,9:55:11.084037787,T,KO,,100,65.975
2025-10-06,9:55:11.084037787,T,KO,I,1,65.97
2025-10-06,9:55:11.084040647,T,KO,,450,65.97
2025-10-06,9:55:11.084040647,T,KO,,105,65.97
2025-10-06,9:55:11.084061860,T,KO,I,95,65.97
2025-10-06,9:55:11.084064655,T,KO,I,1,65.97
2025-10-06,9:55:11.084064655,T,KO,I,4,65.97
2025-10-06,9:55:11.084097695,T,KO,,100,65.97
2025-10-06,9:55:11.084196876,T,KO,I,47,65.97
2025-10-06,9:55:11.084212018,T,KO,I,23,65.97
2025-10-06,9:55:11.084214993,T,KO,,100,65.97
2025-10-06,9:55:11.084293372,T,KO,I,70,65.98
2025-10-06,9:55:11.084296250,T,KO,,100,65.98
2025-10-06,9:55:11.084296250,T,KO,,100,65.98
2025-10-06,9:55:11.084569812,T,KO,,100,65.98
2025-10-06,9:55:11.091378086,T,KO,,100,65.985
2025-10-06,9:55:22.093541748,T,KO,,100,65.99
2025-10-06,9:55:22.093583973,T,KO,F,100,65.99
2025-10-06,9:55:22.093587632,T,KO,F,100,65.99
2025-10-06,9:55:22.093593206,T,KO,F I,1,65.99
2025-10-06,9:55:22.108361010,T,KO,F I,16,66.0
2025-10-06,9:55:22.108364066,T,KO,F I,4,66.0
2025-10-06,9:55:22.108367323,T,KO,F I,5,66.0
2025-10-06,9:55:22.108373049,T,KO,F I,52,66.0
2025-10-06,9:55:22.109314902,T,KO,,100,66.01
2025-10-06,9:55:22.109314902,T,KO,I,25,66.01
2025-10-06,9:55:22.109321217,T,KO,,100,66.01
2025-10-06,9:55:22.109321217,T,KO,I,44,66.01
2025-10-06,9:55:22.109327024,T,KO,I,25,66.01
2025-10-06,9:55:22.109327024,T,KO,I,82,66.01
2025-10-06,9:55:22.109327024,T,KO,I,99,66.01
2025-10-06,9:55:22.109329472,T,KO,I,79,66.01
2025-10-06,9:55:22.109341412,T,KO,F I,59,66.01
2025-10-06,9:55:22.109353881,T,KO,I,59,66.01
2025-10-06,9:55:22.688274219,T,KO,F I,41,66.01
2025-10-06,9:55:22.688274219,T,KO,F,100,66.01
2025-10-06,9:55:30.787972813,T,KO,F I,13,66.0
2025-10-06,9:55:41.537501649,T,KO,,100,65.995
2025-10-06,9:55:43.161841787,T,KO,I,25,66.0
2025-10-06,9:55:43.161844527,T,KO,I,1,66.0
2025-10-06,9:55:43.162352716,T,KO,F,100,66.0
2025-10-06,9:55:43.162352716,T,KO,F,100,66.0
2025-10-06,9:55:43.162503165,T,KO,,100,66.0
2025-10-06,9:55:49.658253446,T,KO,F,100,66.01
2025-10-06,9:55:49.658259523,T,KO,F,230,66.01
2025-10-06,9:55:49.658963134,T,KO,F,100,66.02
2025-10-06,9:55:49.658966128,T,KO,F,100,66.02
2025-10-06,9:55:49.659108032,T,KO,F,100,66.02
2025-10-06,9:55:49.735194772,T,KO,I,16,66.03
2025-10-06,9:55:49.735194772,T,KO,I,7,66.03
2025-10-06,9:55:49.735197779,T,KO,,100,66.03
2025-10-06,9:55:49.735200815,T,KO,I,11,66.03
2025-10-06,9:55:49.735212798,T,KO,I,1,66.03
2025-10-06,9:55:49.735221832,T,KO,I,88,66.03
2025-10-06,9:55:49.841431809,T,KO,I,17,66.04
2025-10-06,9:55:49.841431809,T,KO,,100,66.04
2025-10-06,9:55:50.100769508,T,KO,,100,66.045
2025-10-06,9:55:51.692048525,T,KO,F I,5,66.045
2025-10-06,9:55:52.052610557,T,KO,F,100,66.04
2025-10-06,9:55:52.052610557,T,KO,F,2700,66.04
2025-10-06,9:55:52.052613304,T,KO,F I,90,66.04
2025-10-06,9:55:52.052613304,T,KO,F I,82,66.04
2025-10-06,9:55:52.052616288,T,KO,F,400,66.04
2025-10-06,9:55:57.396028182,T,KO,I,1,66.02
2025-10-06,9:55:57.469535251,T,KO,F,100,66.02
2025-10-06,9:55:57.469538169,T,KO,F I,59,66.02
2025-10-06,9:55:57.469538169,T,KO,F I,21,66.02
2025-10-06,9:55:57.469592298,T,KO,I,5,66.02
2025-10-06,9:55:57.469628834,T,KO,I,54,66.02
2025-10-06,9:55:57.469631392,T,KO,,100,66.02
2025-10-06,9:55:59.362931896,T,KO,F,100,66.015
2025-10-06,9:55:59.362935278,T,KO,F,100,66.015
2025-10-06,9:55:59.362937829,T,KO,F I,25,66.02
2025-10-06,9:55:59.399059941,T,KO,I,25,66.02
2025-10-06,9:56:02.719457333,T,KO,I,4,66.025
2025-10-06,9:56:05.472439816,T,KO,F I,3,66.03
2025-10-06,9:56:05.472443683,T,KO,F,100,66.03
2025-10-06,9:56:05.472448534,T,KO,F,100,66.03
2025-10-06,9:56:05.472448534,T,KO,F I,2,66.03
2025-10-06,9:56:05.472659174,T,KO,F,100,66.03
2025-10-06,9:56:05.472661834,T,KO,F,100,66.03
2025-10-06,9:56:19.111201674,T,KO,I,10,66.055
2025-10-06,9:56:19.123407804,T,KO,F I,2,66.06
2025-10-06,9:56:19.123443869,T,KO,I,19,66.06
2025-10-06,9:56:19.123443869,T,KO,F I,29,66.06
2025-10-06,9:56:24.061472174,T,KO,F I,1,66.05
2025-10-06,9:56:24.061475888,T,KO,F,536,66.05
2025-10-06,9:56:24.061481154,T,KO,F,264,66.05
2025-10-06,9:56:29.923123334,T,KO,,100,66.05
2025-10-06,9:56:29.925658379,T,KO,,100,66.045
2025-10-06,9:56:33.730834473,T,KO,F,369,66.04
2025-10-06,9:56:33.730856318,T,KO,I,1,66.04
2025-10-06,9:56:33.730861971,T,KO,,530,66.04
2025-10-06,9:56:33.730861971,T,KO,,100,66.04
2025-10-06,9:56:33.732064990,T,KO,F,100,66.035
2025-10-06,9:56:33.732064990,T,KO,F I,25,66.04
2025-10-06,9:56:33.732071005,T,KO,F,100,66.04
2025-10-06,9:56:33.732071005,T,KO,F,100,66.04
2025-10-06,9:56:33.732074086,T,KO,F,100,66.04
2025-10-06,9:56:33.732074086,T,KO,F I,33,66.04
2025-10-06,9:56:33.732088345,T,KO,I,1,66.04
2025-10-06,9:56:34.120535643,T,KO,I,48,66.04
2025-10-06,9:56:34.120535643,T,KO,,126,66.04
2025-10-06,9:56:44.515604564,T,KO,I,48,66.03
2025-10-06,9:56:44.515604564,T,KO,I,26,66.03
2025-10-06,9:56:44.515608252,T,KO,I,5,66.03
2025-10-06,9:56:44.515608252,T,KO,I,1,66.03
2025-10-06,9:56:44.517177115,T,KO,I,12,66.03
2025-10-06,9:56:45.101637148,T,KO,F I,1,66.03
2025-10-06,9:56:45.101655217,T,KO,F,199,66.03
2025-10-06,9:56:45.110190115,T,KO,F,200,66.04
2025-10-06,9:56:45.110192610,T,KO,F,123,66.04
2025-10-06,9:56:45.110196173,T,KO,F I,1,66.04
2025-10-06,9:56:45.110198633,T,KO,F,100,66.04
2025-10-06,9:56:47.062394787,T,KO,F,100,66.05
2025-10-06,9:56:47.062394787,T,KO,F,100,66.05
2025-10-06,9:56:47.062397222,T,KO,F,100,66.05
2025-10-06,9:56:47.062406554,T,KO,F,200,66.05
2025-10-06,9:56:47.062409231,T,KO,I,1,66.05
2025-10-06,9:56:47.063485822,T,KO,,100,66.05
2025-10-06,9:56:47.063485822,T,KO,I,95,66.05
2025-10-06,9:56:47.063491841,T,KO,,100,66.05
2025-10-06,9:56:47.063491841,T,KO,I,25,66.05
2025-10-06,9:56:47.063509911,T,KO,I,1,66.05
2025-10-06,9:57:00.118903933,T,KO,,100,66.045
2025-10-06,9:57:09.381793993,T,KO,I,96,66.05
2025-10-06,9:57:09.381796996,T,KO,I,21,66.05
2025-10-06,9:57:09.381821777,T,KO,I,1,66.05
2025-10-06,9:57:09.381821777,T,KO,F I,7,66.05
2025-10-06,9:57:09.381827053,T,KO,F I,71,66.05
2025-10-06,9:57:09.381827053,T,KO,F I,80,66.05
2025-10-06,9:57:09.381827053,T,KO,F I,8,66.05
2025-10-06,9:57:09.381836115,T,KO,F I,27,66.05
2025-10-06,9:57:09.381848381,T,KO,F I,69,66.05
2025-10-06,9:57:09.381852139,T,KO,F I,82,66.05
2025-10-06,9:57:09.381854933,T,KO,,148,66.05
2025-10-06,9:57:09.381854933,T,KO,,151,66.05
2025-10-06,9:57:09.381863160,T,KO,I,96,66.05
2025-10-06,9:57:09.381866318,T,KO,F,147,66.05
2025-10-06,9:57:09.381881133,T,KO,I,3,66.05
2025-10-06,9:57:09.381884245,T,KO,I,66,66.05
2025-10-06,9:57:09.381887169,T,KO,I,69,66.05
2025-10-06,9:57:09.381893164,T,KO,F I,69,66.05
2025-10-06,9:57:09.381896289,T,KO,F I,69,66.05
2025-10-06,9:57:09.381926982,T,KO,,100,66.05
2025-10-06,9:57:09.381926982,T,KO,,100,66.05
2025-10-06,9:57:09.381932528,T,KO,I,60,66.05
2025-10-06,9:57:09.381932528,T,KO,I,25,66.05
2025-10-06,9:57:09.381936249,T,KO,,100,66.045
2025-10-06,9:57:09.381936249,T,KO,,100,66.045
2025-10-06,9:57:09.381941555,T,KO,,100,66.045
2025-10-06,9:57:09.381941555,T,KO,I,1,66.04
2025-10-06,9:57:09.381941555,T,KO,I,1,66.04
2025-10-06,9:57:09.381944551,T,KO,I,20,66.04
2025-10-06,9:57:09.381944551,T,KO,,300,66.04
2025-10-06,9:57:09.381948090,T,KO,I,50,66.04
2025-10-06,9:57:09.381948090,T,KO,,200,66.04
2025-10-06,9:57:09.381950518,T,KO,I,42,66.04
2025-10-06,9:57:09.381953772,T,KO,I,1,66.04
2025-10-06,9:57:09.381957488,T,KO,I,57,66.04
2025-10-06,9:57:09.381962452,T,KO,I,7,66.04
2025-10-06,9:57:09.382154868,T,KO,,159,66.045
2025-10-06,9:57:09.382795374,T,KO,,100,66.05
2025-10-06,9:57:09.382798388,T,KO,I,60,66.05
2025-10-06,9:57:09.382798388,T,KO,I,76,66.05
2025-10-06,9:57:09.382840459,T,KO,F,100,66.05
2025-10-06,9:57:09.382840459,T,KO,F I,24,66.05
2025-10-06,9:57:09.382888877,T,KO,F,550,66.05
2025-10-06,9:57:09.383234436,T,KO,I,77,66.05
2025-10-06,9:57:09.383237532,T,KO,I,60,66.05
2025-10-06,9:57:09.383237532,T,KO,I,67,66.05
2025-10-06,9:57:09.383589302,T,KO,F I,51,66.05
2025-10-06,9:57:09.607259083,T,KO,F I,49,66.05
2025-10-06,9:57:09.607262156,T,KO,F I,60,66.05
2025-10-06,9:57:09.607265223,T,KO,F I,77,66.05
2025-10-06,9:57:09.607265223,T,KO,F I,43,66.05
2025-10-06,9:57:09.607268052,T,KO,F,100,66.05
2025-10-06,9:57:12.159151839,T,KO,F I,1,66.06
2025-10-06,9:57:12.159155052,T,KO,F,230,66.06
2025-10-06,9:57:12.159155052,T,KO,F I,6,66.06
2025-10-06,9:57:12.159169821,T,KO,I,1,66.06
2025-10-06,9:57:13.116211412,T,KO,I,25,66.07
2025-10-06,9:57:15.355729409,T,KO,F I,1,66.07
2025-10-06,9:57:15.355732433,T,KO,F,121,66.07
2025-10-06,9:57:19.774384552,T,KO,,100,66.09
2025-10-06,9:57:19.774444781,T,KO,,100,66.09
2025-10-06,9:57:19.774459797,T,KO,I,25,66.09
2025-10-06,9:57:19.774462847,T,KO,I,75,66.09
2025-10-06,9:57:23.538708333,T,KO,F I,90,66.085
2025-10-06,9:57:27.702795490,T,KO,F,200,66.09
2025-10-06,9:57:27.702795490,T,KO,F,100,66.09
2025-10-06,9:57:27.702798764,T,KO,F,100,66.09
2025-10-06,9:57:27.702801356,T,KO,F I,25,66.09
2025-10-06,9:57:27.702804318,T,KO,F,126,66.09
2025-10-06,9:57:27.702813318,T,KO,,425,66.09
2025-10-06,9:57:27.702819314,T,KO,I,1,66.09
2025-10-06,9:57:27.702825360,T,KO,F,225,66.09
2025-10-06,9:57:29.987394158,T,KO,F,100,66.075
2025-10-06,9:57:29.987396750,T,KO,F,100,66.075
2025-10-06,9:57:29.987396750,T,KO,F I,25,66.08
2025-10-06,9:57:29.987399856,T,KO,F,400,66.08
2025-10-06,9:57:29.987403459,T,KO,F,100,66.08
2025-10-06,9:57:29.987403459,T,KO,F,436,66.08
2025-10-06,9:57:29.987417805,T,KO,I,1,66.08
2025-10-06,9:57:29.987456878,T,KO,,100,66.08
2025-10-06,9:57:29.988140134,T,KO,,100,66.08
2025-10-06,9:57:29.988143120,T,KO,,100,66.08
2025-10-06,9:57:29.988145532,T,KO,,100,66.08
2025-10-06,9:57:29.988178578,T,KO,,116,66.08
2025-10-06,9:57:29.988316873,T,KO,F,400,66.08
2025-10-06,9:57:29.988319908,T,KO,F,100,66.08
2025-10-06,9:57:29.988356088,T,KO,F I,90,66.08
2025-10-06,9:57:29.988359109,T,KO,F,100,66.08
2025-10-06,9:57:29.988361970,T,KO,F,100,66.08
2025-10-06,9:57:29.988364950,T,KO,F I,63,66.08
2025-10-06,9:57:30.036909617,T,KO,I,3,66.075
2025-10-06,9:57:37.791175675,T,KO,I,10,66.075
2025-10-06,9:57:41.293241695,T,KO,I,10,66.075
2025-10-06,9:57:44.921692861,T,KO,F,200,66.08
2025-10-06,9:57:44.921696544,T,KO,F I,90,66.08
2025-10-06,9:57:44.921700105,T,KO,F I,19,66.08
2025-10-06,9:57:44.921700105,T,KO,F I,1,66.08
2025-10-06,9:57:44.921705004,T,KO,F I,1,66.08
2025-10-06,9:57:44.921705004,T,KO,F I,2,66.08
2025-10-06,9:57:44.921707983,T,KO,F I,1,66.08
2025-10-06,9:57:44.921707983,T,KO,F I,2,66.08
2025-10-06,9:57:44.921710853,T,KO,F I,2,66.08
2025-10-06,9:57:44.921710853,T,KO,F I,2,66.08
2025-10-06,9:57:44.921714032,T,KO,F I,2,66.08
2025-10-06,9:57:44.921717205,T,KO,F I,1,66.08
2025-10-06,9:57:44.921717205,T,KO,F I,1,66.08
2025-10-06,9:57:44.921720885,T,KO,F I,63,66.08
2025-10-06,9:57:44.921723020,T,KO,,130,66.08
2025-10-06,9:57:44.921725993,T,KO,I,1,66.08
2025-10-06,9:57:44.921725993,T,KO,F,262,66.08
2025-10-06,9:57:44.921729963,T,KO,F I,15,66.08
2025-10-06,9:57:44.921731994,T,KO,F I,8,66.08
2025-10-06,9:57:44.921735007,T,KO,I,8,66.08
2025-10-06,9:57:44.921804164,T,KO,I,67,66.08
2025-10-06,9:57:47.817699185,T,KO,I,83,66.09
2025-10-06,9:57:47.817701544,T,KO,F I,14,66.09
2025-10-06,9:57:47.817728578,T,KO,F,126,66.09
2025-10-06,9:57:47.817734522,T,KO,F,230,66.09
2025-10-06,9:57:47.817737647,T,KO,F I,83,66.09
2025-10-06,9:57:47.817755671,T,KO,F I,60,66.09
2025-10-06,9:57:47.817755671,T,KO,I,1,66.09
2025-10-06,9:57:48.040502191,T,KO,,100,66.09
2025-10-06,9:57:51.381733281,T,KO,I,16,66.09
2025-10-06,9:57:51.381736571,T,KO,I,70,66.09
2025-10-06,9:57:51.382421918,T,KO,I,22,66.09
2025-10-06,9:57:54.263220279,T,KO,,100,66.09
2025-10-06,9:57:54.263220279,T,KO,I,16,66.09
2025-10-06,9:57:54.263704374,T,KO,I,25,66.09
2025-10-06,9:57:57.231617347,T,KO,F I,17,66.08
2025-10-06,9:58:04.603552525,T,KO,I,25,66.08
2025-10-06,9:58:04.603555532,T,KO,F I,25,66.08
2025-10-06,9:58:04.603555532,T,KO,F I,25,66.08
2025-10-06,9:58:04.603567595,T,KO,F I,25,66.08
2025-10-06,9:58:04.603573560,T,KO,F,145,66.08
2025-10-06,9:58:04.603573560,T,KO,F,100,66.08
2025-10-06,9:58:04.603582889,T,KO,F,100,66.08
2025-10-06,9:58:04.603582889,T,KO,F,100,66.08
2025-10-06,9:58:04.603585764,T,KO,F,100,66.08
2025-10-06,9:58:04.603589448,T,KO,F,100,66.08
2025-10-06,9:58:04.603589448,T,KO,F,100,66.08
2025-10-06,9:58:04.603591642,T,KO,F,100,66.08
2025-10-06,9:58:04.603594613,T,KO,F,200,66.08
2025-10-06,9:58:04.603594613,T,KO,F I,55,66.08
2025-10-06,9:58:06.011289449,T,KO,I,29,66.08
2025-10-06,9:58:06.011289449,T,KO,I,11,66.08
2025-10-06,9:58:06.012257818,T,KO,I,25,66.08
2025-10-06,9:58:06.012269927,T,KO,I,25,66.08
2025-10-06,9:58:06.012302852,T,KO,I,1,66.07
2025-10-06,9:58:06.012307236,T,KO,,800,66.07
2025-10-06,9:58:06.012307236,T,KO,,100,66.07
2025-10-06,9:58:06.012311875,T,KO,I,54,66.07
2025-10-06,9:58:06.012329892,T,KO,I,1,66.07
2025-10-06,9:58:10.532281927,T,KO,F,200,66.09
2025-10-06,9:58:10.532281927,T,KO,F,100,66.09
2025-10-06,9:58:10.532284500,T,KO,F I,4,66.09
2025-10-06,9:58:10.532308512,T,KO,I,1,66.09
2025-10-06,9:58:10.761559530,T,KO,I,77,66.09
2025-10-06,9:58:10.761583631,T,KO,F I,23,66.09
2025-10-06,9:58:18.404912233,T,KO,F I,4,66.08
2025-10-06,9:58:18.404915351,T,KO,F I,8,66.08
2025-10-06,9:58:18.404918859,T,KO,F,113,66.08
2025-10-06,9:58:18.404930883,T,KO,F I,38,66.08
2025-10-06,9:58:18.404942395,T,KO,F,649,66.08
2025-10-06,9:58:18.404945345,T,KO,F I,1,66.08
2025-10-06,9:58:24.881762640,T,KO,I,1,66.07
2025-10-06,9:58:24.881765828,T,KO,,800,66.07
2025-10-06,9:58:24.881765828,T,KO,I,1,66.07
2025-10-06,9:58:31.823481217,T,KO,I,10,66.065
2025-10-06,9:58:36.807855828,T,KO,I,25,66.07
2025-10-06,9:58:36.807858798,T,KO,,100,66.07
2025-10-06,9:58:36.807858798,T,KO,I,32,66.07
2025-10-06,9:58:36.807861860,T,KO,I,23,66.07
2025-10-06,9:58:36.807861860,T,KO,I,1,66.07
2025-10-06,9:58:36.807876924,T,KO,I,1,66.07
2025-10-06,9:58:36.807882959,T,KO,F I,12,66.07
2025-10-06,9:58:36.807887258,T,KO,F I,1,66.07
2025-10-06,9:58:36.807892537,T,KO,F I,1,66.07
2025-10-06,9:58:36.807895068,T,KO,F I,14,66.07
2025-10-06,9:58:36.807897873,T,KO,F I,14,66.07
2025-10-06,9:58:36.807897873,T,KO,I,14,66.07
2025-10-06,9:58:36.807901675,T,KO,F I,14,66.07
2025-10-06,9:58:36.807913017,T,KO,F I,6,66.07
2025-10-06,9:58:36.807913017,T,KO,F I,7,66.07
2025-10-06,9:58:36.808216674,T,KO,I,14,66.07
2025-10-06,9:58:36.808403105,T,KO,F I,79,66.07
2025-10-06,9:58:36.808403105,T,KO,F,100,66.07
2025-10-06,9:58:36.808406109,T,KO,F I,33,66.07
2025-10-06,9:58:37.507231561,T,KO,,100,66.075
2025-10-06,9:58:47.517525295,T,KO,I,15,66.07
2025-10-06,9:58:47.517527819,T,KO,I,1,66.07
2025-10-06,9:58:47.517557954,T,KO,,100,66.07
2025-10-06,9:58:47.519076551,T,KO,F,100,66.07
2025-10-06,9:58:47.519079952,T,KO,F I,84,66.07
2025-10-06,9:58:47.519083245,T,KO,F I,68,66.07
2025-10-06,9:58:47.519083245,T,KO,F I,25,66.07
2025-10-06,9:58:47.519085836,T,KO,F,100,66.07
2025-10-06,9:58:47.519088633,T,KO,F I,67,66.07
2025-10-06,9:58:47.519091891,T,KO,F,100,66.07
2025-10-06,9:58:47.519091891,T,KO,F I,17,66.07
2025-10-06,9:58:47.519097557,T,KO,I,1,66.07
2025-10-06,9:58:47.519157818,T,KO,I,25,66.06
2025-10-06,9:58:47.519157818,T,KO,I,68,66.06
2025-10-06,9:58:47.519365660,T,KO,,100,66.07
2025-10-06,9:58:47.519386423,T,KO,F I,3,66.07
2025-10-06,9:58:47.519389263,T,KO,F,100,66.07
2025-10-06,9:58:47.519395493,T,KO,,100,66.065
2025-10-06,9:58:47.519395493,T,KO,,100,66.065
2025-10-06,9:58:47.519401525,T,KO,I,1,66.06
2025-10-06,9:58:47.519401525,T,KO,I,4,66.06
2025-10-06,9:58:47.519401525,T,KO,I,5,66.06
2025-10-06,9:58:47.519404998,T,KO,I,20,66.06
2025-10-06,9:58:47.519410351,T,KO,,100,66.06
2025-10-06,9:58:47.519410351,T,KO,,400,66.06
2025-10-06,9:58:47.519542657,T,KO,I,84,66.06
2025-10-06,9:58:47.519542657,T,KO,,400,66.06
2025-10-06,9:58:47.521458255,T,KO,I,84,66.06
2025-10-06,9:58:47.521458255,T,KO,I,16,66.06
2025-10-06,9:58:47.680083127,T,KO,I,68,66.06
2025-10-06,9:58:47.680085986,T,KO,,100,66.06
2025-10-06,9:58:47.680903914,T,KO,,100,66.06
2025-10-06,9:58:47.680903914,T,KO,I,84,66.06
2025-10-06,9:58:47.680907210,T,KO,I,25,66.06
2025-10-06,9:58:47.680907210,T,KO,,100,66.06
2025-10-06,9:58:47.680928051,T,KO,I,1,66.06
2025-10-06,9:58:47.909992552,T,KO,,200,66.055
2025-10-06,9:58:48.140097690,T,KO,F,100,66.06
2025-10-06,9:58:48.140097690,T,KO,F I,25,66.06
2025-10-06,9:58:48.140101431,T,KO,F I,84,66.06
2025-10-06,9:58:48.140101431,T,KO,F I,32,66.06
2025-10-06,9:58:48.140109633,T,KO,F I,35,66.06
2025-10-06,9:58:48.140112679,T,KO,F,100,66.06
2025-10-06,9:58:48.140118903,T,KO,F,100,66.06
2025-10-06,9:58:48.140118903,T,KO,F I,74,66.06
2025-10-06,9:58:48.140122127,T,KO,F I,26,66.06
2025-10-06,9:58:48.140122127,T,KO,F,100,66.06
2025-10-06,9:58:48.140125187,T,KO,F I,74,66.06
2025-10-06,9:58:57.075150160,T,KO,,100,66.075
2025-10-06,9:58:57.554362531,T,KO,F,100,66.07
2025-10-06,9:58:57.664181068,T,KO,F I,25,66.06
2025-10-06,9:58:57.664187183,T,KO,I,1,66.06
2025-10-06,9:58:57.664253324,T,KO,I,24,66.06
2025-10-06,9:59:04.496420993,T,KO,,100,66.055
2025-10-06,9:59:07.089268548,T,KO,,100,66.055
2025-10-06,9:59:12.735579755,T,KO,F I,25,66.06
2025-10-06,9:59:12.735601832,T,KO,F I,75,66.06
2025-10-06,9:59:12.735601832,T,KO,F,100,66.06
2025-10-06,9:59:12.735607660,T,KO,F,100,66.06
2025-10-06,9:59:12.735607660,T,KO,F,100,66.06
2025-10-06,9:59:12.735613739,T,KO,F I,47,66.06
2025-10-06,9:59:12.735616649,T,KO,F I,62,66.06
2025-10-06,9:59:12.735619742,T,KO,F,114,66.06
2025-10-06,9:59:12.735622872,T,KO,F,100,66.06
2025-10-06,9:59:12.735622872,T,KO,F,100,66.06
2025-10-06,9:59:12.735624947,T,KO,F,100,66.06
2025-10-06,9:59:12.735628174,T,KO,F I,8,66.06
2025-10-06,9:59:12.735630968,T,KO,I,1,66.06
2025-10-06,9:59:12.735634053,T,KO,I,91,66.06
2025-10-06,9:59:12.735634053,T,KO,I,56,66.06
2025-10-06,9:59:12.735841706,T,KO,F I,44,66.06
2025-10-06,9:59:12.735841706,T,KO,F,100,66.06
2025-10-06,9:59:12.735844484,T,KO,F,100,66.06
2025-10-06,9:59:12.735847841,T,KO,F,100,66.06
2025-10-06,9:59:12.735847841,T,KO,F,100,66.06
2025-10-06,9:59:12.735850704,T,KO,F I,3,66.06
2025-10-06,9:59:13.183725134,T,KO,,100,66.065
2025-10-06,9:59:13.183725134,T,KO,,100,66.06
2025-10-06,9:59:13.184579863,T,KO,,100,66.06
2025-10-06,9:59:13.184579863,T,KO,I,92,66.06
2025-10-06,9:59:13.184585191,T,KO,,100,66.06
2025-10-06,9:59:13.184585191,T,KO,I,70,66.06
2025-10-06,9:59:13.184588252,T,KO,,100,66.06
2025-10-06,9:59:13.184624318,T,KO,F I,76,66.06
2025-10-06,9:59:13.184639359,T,KO,I,2,66.06
2025-10-06,9:59:13.184639359,T,KO,F I,76,66.06
2025-10-06,9:59:13.184651691,T,KO,F I,19,66.06
2025-10-06,9:59:13.184651691,T,KO,F I,57,66.06
2025-10-06,9:59:13.184663387,T,KO,I,91,66.06
2025-10-06,9:59:13.184667211,T,KO,I,9,66.06
2025-10-06,9:59:13.184667211,T,KO,I,6,66.06
2025-10-06,9:59:13.184673059,T,KO,,100,66.06
2025-10-06,9:59:13.184676608,T,KO,I,40,66.06
2025-10-06,9:59:13.184676608,T,KO,I,60,66.06
2025-10-06,9:59:13.184678514,T,KO,I,10,66.06
2025-10-06,9:59:13.184681676,T,KO,I,92,66.06
2025-10-06,9:59:13.184861923,T,KO,I,18,66.06
2025-10-06,9:59:13.184861923,T,KO,I,82,66.06
2025-10-06,9:59:13.184877003,T,KO,F I,91,66.06
2025-10-06,9:59:13.184877003,T,KO,F,200,66.06
2025-10-06,9:59:13.184880079,T,KO,F I,18,66.06
2025-10-06,9:59:13.184880079,T,KO,F,122,66.06
2025-10-06,9:59:13.184883374,T,KO,I,25,66.06
2025-10-06,9:59:13.184886914,T,KO,I,78,66.06
2025-10-06,9:59:13.184886914,T,KO,,100,66.06
2025-10-06,9:59:13.184892017,T,KO,I,75,66.06
2025-10-06,9:59:13.184892017,T,KO,,100,66.06
2025-10-06,9:59:13.184898469,T,KO,I,78,66.06
2025-10-06,9:59:13.184898469,T,KO,F I,22,66.06
