DATE,TIME_M,EX,SYM_ROOT,TR_SCOND,SIZE,PRICE
2025-12-08,9:30:00.573412623,T,KO,TI,1,69.97
2025-12-08,9:30:00.590403063,T,KO,TI,1,69.97
2025-12-08,9:30:00.758262827,T,KO,FT,144,69.82
2025-12-08,9:30:00.762782609,T,KO,T,143,69.81
2025-12-08,9:30:00.762785722,T,KO,TI,1,69.81
2025-12-08,9:30:00.762785722,T,KO,TI,4,69.8
2025-12-08,9:30:00.762791875,T,KO,TI,1,69.8
2025-12-08,9:30:00.762791875,T,KO,TI,1,69.8
2025-12-08,9:30:00.766902385,T,KO,TI,1,69.81
2025-12-08,9:30:00.766905560,T,KO,TI,1,69.81
2025-12-08,9:30:00.766926450,T,KO,TI,1,69.81
2025-12-08,9:30:00.766929513,T,KO,TI,2,69.81
2025-12-08,9:30:00.766947544,T,KO,TI,10,69.81
2025-12-08,9:30:00.766950590,T,KO,TI,1,69.81
2025-12-08,9:30:00.769623956,T,KO,FTI,5,69.81
2025-12-08,9:30:01.289472045,T,KO,I,1,69.8
2025-12-08,9:30:01.289478047,T,KO,Q,1,69.8
2025-12-08,9:30:01.311159636,T,KO,F I,39,69.82
2025-12-08,9:30:01.317189036,T,KO,I,2,69.785
2025-12-08,9:30:01.317192840,T,KO,I,50,69.79
2025-12-08,9:30:01.317198582,T,KO,,100,69.8
2025-12-08,9:30:01.317198582,T,KO,,300,69.77
2025-12-08,9:30:01.317204093,T,KO,I,6,69.77
2025-12-08,9:30:01.317208041,T,KO,,100,69.77
2025-12-08,9:30:01.317222044,T,KO,I,1,69.78
2025-12-08,9:30:01.317402573,T,KO,I,99,69.78
2025-12-08,9:30:01.322427444,T,KO,I,10,69.75
2025-12-08,9:30:01.327413414,T,KO,F I,1,69.73
2025-12-08,9:30:01.390166849,T,KO,F I,3,69.72
2025-12-08,9:30:01.689990042,T,KO,F I,41,69.7
2025-12-08,9:30:01.689995981,T,KO,F,100,69.7
2025-12-08,9:30:01.689995981,T,KO,F,200,69.7
2025-12-08,9:30:01.689998893,T,KO,F,100,69.7
2025-12-08,9:30:01.690278556,T,KO,I,65,69.7
2025-12-08,9:30:01.690293793,T,KO,I,3,69.7
2025-12-08,9:30:01.690296700,T,KO,I,8,69.7
2025-12-08,9:30:01.706117302,T,KO,F I,1,69.66
2025-12-08,9:30:01.708225528,T,KO,F,100,69.66
2025-12-08,9:30:01.708225528,T,KO,F I,73,69.66
2025-12-08,9:30:01.708496023,T,KO,F,100,69.68
2025-12-08,9:30:01.708499458,T,KO,F,100,69.68
2025-12-08,9:30:02.618249698,T,KO,I,43,69.7
2025-12-08,9:30:02.618270791,T,KO,,284,69.7
2025-12-08,9:30:02.784614987,T,KO,F I,6,69.7
2025-12-08,9:30:03.284429609,T,KO,F I,50,69.7
2025-12-08,9:30:03.436844419,T,KO,F,100,69.68
2025-12-08,9:30:03.438281758,T,KO,F I,50,69.69
2025-12-08,9:30:03.490991392,T,KO,F,100,69.67
2025-12-08,9:30:03.490991392,T,KO,F,158,69.66
2025-12-08,9:30:03.491009435,T,KO,I,42,69.66
2025-12-08,9:30:03.491012368,T,KO,I,50,69.66
2025-12-08,9:30:03.499531730,T,KO,,100,69.65
2025-12-08,9:30:03.499537707,T,KO,I,7,69.65
2025-12-08,9:30:03.542777699,T,KO,F I,17,69.665
2025-12-08,9:30:04.714341384,T,KO,I,7,69.69
2025-12-08,9:30:04.714343979,T,KO,I,2,69.69
2025-12-08,9:30:04.714885203,T,KO,F I,83,69.7
2025-12-08,9:30:04.714909294,T,KO,F I,61,69.7
2025-12-08,9:30:04.717062896,T,KO,F I,17,69.7
2025-12-08,9:30:04.717086590,T,KO,,100,69.7
2025-12-08,9:30:04.717086590,T,KO,,100,69.7
2025-12-08,9:30:04.717092493,T,KO,,1250,69.7
2025-12-08,9:30:04.717095438,T,KO,,100,69.7
2025-12-08,9:30:05.682608053,T,KO,I,7,69.7
2025-12-08,9:30:05.682779459,T,KO,,100,69.69
2025-12-08,9:30:05.682797500,T,KO,I,1,69.69
2025-12-08,9:30:07.212534878,T,KO,,100,69.7
2025-12-08,9:30:07.212552941,T,KO,I,1,69.7
2025-12-08,9:30:07.212555844,T,KO,I,14,69.7
2025-12-08,9:30:07.331585363,T,KO,I,86,69.7
2025-12-08,9:30:08.334783783,T,KO,I,16,69.7
2025-12-08,9:30:08.334783783,T,KO,I,8,69.7
2025-12-08,9:30:08.436601020,T,KO,I,15,69.7
2025-12-08,9:30:08.436601020,T,KO,I,9,69.7
2025-12-08,9:30:08.436606143,T,KO,I,6,69.69
2025-12-08,9:30:08.436606143,T,KO,I,12,69.69
2025-12-08,9:30:08.658297145,T,KO,F I,6,69.7
2025-12-08,9:30:08.658300084,T,KO,F,100,69.7
2025-12-08,9:30:12.655275602,T,KO,F,100,69.69
2025-12-08,9:30:12.655278886,T,KO,F I,6,69.69
2025-12-08,9:30:12.655281677,T,KO,F I,70,69.69
2025-12-08,9:30:12.655293634,T,KO,I,1,69.69
2025-12-08,9:30:12.656355165,T,KO,F,100,69.7
2025-12-08,9:30:12.831363012,T,KO,F I,1,69.725
2025-12-08,9:30:15.676433120,T,KO,,200,69.71
2025-12-08,9:30:15.897393279,T,KO,I,40,69.69
2025-12-08,9:30:15.897396511,T,KO,F I,60,69.69
2025-12-08,9:30:19.627768896,T,KO,F,101,69.68
2025-12-08,9:30:19.734724661,T,KO,I,15,69.67
2025-12-08,9:30:19.734724661,T,KO,I,11,69.67
2025-12-08,9:30:21.515626149,T,KO,I,92,69.67
2025-12-08,9:30:21.515641164,T,KO,I,1,69.67
2025-12-08,9:30:21.516119360,T,KO,F I,4,69.67
2025-12-08,9:30:22.745068321,T,KO,,100,69.69
2025-12-08,9:30:22.745068321,T,KO,I,2,69.69
2025-12-08,9:30:22.745556091,T,KO,,100,69.7
2025-12-08,9:30:22.745558457,T,KO,,100,69.7
2025-12-08,9:30:22.746607983,T,KO,,100,69.7
2025-12-08,9:30:22.746926846,T,KO,F,100,69.7
2025-12-08,9:30:22.776444980,T,KO,F,250,69.7
2025-12-08,9:30:22.907211473,T,KO,I,61,69.7
2025-12-08,9:30:22.907214495,T,KO,,250,69.7
2025-12-08,9:30:23.266648500,T,KO,I,32,69.7
2025-12-08,9:30:23.266967887,T,KO,,100,69.7
2025-12-08,9:30:23.267689054,T,KO,I,50,69.7
2025-12-08,9:30:23.420792806,T,KO,F,100,69.68
2025-12-08,9:30:23.420792806,T,KO,F I,31,69.68
2025-12-08,9:30:24.631626391,T,KO,F,250,69.68
2025-12-08,9:30:25.046407327,T,KO,I,1,69.685
2025-12-08,9:30:28.928244628,T,KO,I,17,69.7
2025-12-08,9:30:28.928569389,T,KO,I,12,69.71
2025-12-08,9:30:28.928611908,T,KO,,100,69.7
2025-12-08,9:30:28.928615440,T,KO,I,16,69.7
2025-12-08,9:30:28.928629481,T,KO,I,1,69.7
2025-12-08,9:30:28.928635572,T,KO,I,20,69.7
2025-12-08,9:30:28.928746814,T,KO,,100,69.7
2025-12-08,9:30:29.049848937,T,KO,I,16,69.7
2025-12-08,9:30:29.049848937,T,KO,I,16,69.7
2025-12-08,9:30:29.049854210,T,KO,I,75,69.7
2025-12-08,9:30:29.049854210,T,KO,,100,69.7
2025-12-08,9:30:29.049857303,T,KO,,100,69.7
2025-12-08,9:30:29.049884359,T,KO,,100,69.71
2025-12-08,9:30:30.190627228,T,KO,,100,69.7
2025-12-08,9:30:30.191622654,T,KO,,100,69.68
2025-12-08,9:30:30.191974480,T,KO,,100,69.69
2025-12-08,9:30:30.192010518,T,KO,,100,69.7
2025-12-08,9:30:30.192013741,T,KO,,100,69.7
2025-12-08,9:30:31.569997432,T,KO,F I,16,69.69
2025-12-08,9:30:31.570000668,T,KO,F,100,69.69
2025-12-08,9:30:31.570004297,T,KO,F,100,69.69
2025-12-08,9:30:31.570004297,T,KO,F,100,69.69
2025-12-08,9:30:31.570007308,T,KO,F I,26,69.69
2025-12-08,9:30:31.579322675,T,KO,I,9,69.69
2025-12-08,9:30:31.579358722,T,KO,,250,69.69
2025-12-08,9:30:31.579358722,T,KO,I,2,69.7
2025-12-08,9:30:31.579361734,T,KO,I,14,69.7
2025-12-08,9:30:31.579364909,T,KO,,100,69.7
2025-12-08,9:30:31.579364909,T,KO,,100,69.7
2025-12-08,9:30:33.916768651,T,KO,I,1,69.7
2025-12-08,9:30:33.916789682,T,KO,,140,69.7
2025-12-08,9:30:33.916789682,T,KO,,100,69.7
2025-12-08,9:30:34.659312099,T,KO,F,100,69.69
2025-12-08,9:30:34.659312099,T,KO,F I,8,69.69
2025-12-08,9:30:35.154856312,T,KO,I,26,69.67
2025-12-08,9:30:35.154856312,T,KO,I,4,69.67
2025-12-08,9:30:35.154859350,T,KO,I,70,69.66
2025-12-08,9:30:35.161941142,T,KO,I,30,69.66
2025-12-08,9:30:38.302627435,T,KO,,100,69.68
2025-12-08,9:30:38.302627435,T,KO,,100,69.68
2025-12-08,9:30:38.302678416,T,KO,,100,69.67
2025-12-08,9:30:38.303003135,T,KO,F I,38,69.69
2025-12-08,9:30:38.319226856,T,KO,F,100,69.7
2025-12-08,9:30:38.319229820,T,KO,F,100,69.7
2025-12-08,9:30:45.861424528,T,KO,F I,2,69.71
2025-12-08,9:30:45.861487030,T,KO,F,320,69.72
2025-12-08,9:30:45.862259842,T,KO,I,80,69.73
2025-12-08,9:30:46.283818899,T,KO,I,1,69.755
2025-12-08,9:30:48.026610610,T,KO,,307,69.77
2025-12-08,9:30:48.028207893,T,KO,F,100,69.76
2025-12-08,9:30:48.030210220,T,KO,I,3,69.75
2025-12-08,9:30:48.030225206,T,KO,F I,97,69.75
2025-12-08,9:30:48.030228221,T,KO,F,100,69.75
2025-12-08,9:30:48.030228221,T,KO,F,100,69.75
2025-12-08,9:30:53.088897339,T,KO,,100,69.77
2025-12-08,9:30:53.088900428,T,KO,I,43,69.77
2025-12-08,9:30:53.088900428,T,KO,I,70,69.77
2025-12-08,9:30:53.089841679,T,KO,F,100,69.76
2025-12-08,9:30:53.089919851,T,KO,,100,69.76
2025-12-08,9:30:53.089919851,T,KO,,100,69.76
2025-12-08,9:30:53.089922797,T,KO,I,10,69.76
2025-12-08,9:30:53.089925848,T,KO,I,9,69.76
2025-12-08,9:30:53.089928804,T,KO,,241,69.76
2025-12-08,9:30:53.089970990,T,KO,F I,1,69.76
2025-12-08,9:30:53.090470206,T,KO,,100,69.75
2025-12-08,9:30:53.090470206,T,KO,,100,69.75
2025-12-08,9:31:00.109898954,T,KO,,100,69.73
2025-12-08,9:31:00.109902473,T,KO,I,95,69.72
2025-12-08,9:31:00.109908861,T,KO,I,5,69.72
2025-12-08,9:31:00.109910983,T,KO,I,57,69.72
2025-12-08,9:31:00.109913982,T,KO,I,1,69.72
2025-12-08,9:31:00.109917024,T,KO,F I,42,69.72
2025-12-08,9:31:00.110362058,T,KO,I,49,69.72
2025-12-08,9:31:00.110726449,T,KO,I,28,69.73
2025-12-08,9:31:00.110726449,T,KO,,100,69.73
2025-12-08,9:31:00.110744016,T,KO,I,1,69.73
2025-12-08,9:31:00.110762269,T,KO,I,99,69.73
2025-12-08,9:31:00.110957668,T,KO,,100,69.73
2025-12-08,9:31:00.118607756,T,KO,,100,69.735
2025-12-08,9:31:00.133231712,T,KO,,128,69.74
2025-12-08,9:31:01.862217447,T,KO,I,9,69.75
2025-12-08,9:31:01.862223454,T,KO,F I,41,69.75
2025-12-08,9:31:04.816766253,T,KO,F,100,69.74
2025-12-08,9:31:04.816784236,T,KO,,100,69.74
2025-12-08,9:31:06.295541143,T,KO,I,50,69.75
2025-12-08,9:31:06.490838346,T,KO,,100,69.75
2025-12-08,9:31:06.490841662,T,KO,I,32,69.74
2025-12-08,9:31:06.490841662,T,KO,,100,69.74
2025-12-08,9:31:06.490844328,T,KO,,100,69.74
2025-12-08,9:31:06.491313416,T,KO,,100,69.74
2025-12-08,9:31:06.491353052,T,KO,,100,69.75
2025-12-08,9:31:06.491356226,T,KO,,100,69.75
2025-12-08,9:31:06.491358626,T,KO,I,42,69.75
2025-12-08,9:31:06.491361633,T,KO,,100,69.75
2025-12-08,9:31:06.491361633,T,KO,I,61,69.75
2025-12-08,9:31:06.491364641,T,KO,I,61,69.75
2025-12-08,9:31:06.491367537,T,KO,I,50,69.75
2025-12-08,9:31:06.491407122,T,KO,,100,69.74
2025-12-08,9:31:06.491527005,T,KO,I,28,69.74
2025-12-08,9:31:06.740896195,T,KO,,100,69.74
2025-12-08,9:31:06.740896195,T,KO,,100,69.74
2025-12-08,9:31:11.272812471,T,KO,I,2,69.72
2025-12-08,9:31:11.272815376,T,KO,I,50,69.72
2025-12-08,9:31:11.272818437,T,KO,I,42,69.72
2025-12-08,9:31:11.272818437,T,KO,,100,69.72
2025-12-08,9:31:14.053796830,T,KO,F,100,69.7
2025-12-08,9:31:14.053811883,T,KO,I,1,69.7
2025-12-08,9:31:14.053838889,T,KO,I,36,69.69
2025-12-08,9:31:14.053842163,T,KO,,100,69.69
2025-12-08,9:31:14.053842163,T,KO,I,5,69.69
2025-12-08,9:31:14.053893059,T,KO,F,100,69.7
2025-12-08,9:31:14.054296070,T,KO,,100,69.69
2025-12-08,9:31:14.054296070,T,KO,,200,69.69
2025-12-08,9:31:14.054314123,T,KO,I,1,69.69
2025-12-08,9:31:14.054350185,T,KO,F I,36,69.7
2025-12-08,9:31:14.054383194,T,KO,I,2,69.71
2025-12-08,9:31:14.055652523,T,KO,I,38,69.71
2025-12-08,9:31:14.055652523,T,KO,,171,69.71
2025-12-08,9:31:14.055655228,T,KO,I,28,69.71
2025-12-08,9:31:14.990206032,T,KO,F I,50,69.72
2025-12-08,9:31:14.990242084,T,KO,I,50,69.73
2025-12-08,9:31:15.282189414,T,KO,F I,50,69.73
2025-12-08,9:31:15.283019471,T,KO,F I,9,69.73
2025-12-08,9:31:15.283046515,T,KO,,100,69.73
2025-12-08,9:31:15.283049482,T,KO,I,25,69.72
2025-12-08,9:31:16.670205218,T,KO,F,100,69.72
2025-12-08,9:31:20.212383626,T,KO,,100,69.715
2025-12-08,9:31:21.446219870,T,KO,I,9,69.7
2025-12-08,9:31:21.446219870,T,KO,I,30,69.7
2025-12-08,9:31:21.446483766,T,KO,,100,69.7
2025-12-08,9:31:21.446516850,T,KO,I,51,69.705
2025-12-08,9:31:21.446522939,T,KO,I,49,69.705
2025-12-08,9:31:21.446526299,T,KO,,100,69.705
2025-12-08,9:31:21.446559052,T,KO,I,36,69.71
2025-12-08,9:31:21.446562341,T,KO,,100,69.71
2025-12-08,9:31:21.446565003,T,KO,I,50,69.71
2025-12-08,9:31:21.446565003,T,KO,I,19,69.71
2025-12-08,9:31:21.446682670,T,KO,F,100,69.705
2025-12-08,9:31:21.446686417,T,KO,F,100,69.7
2025-12-08,9:31:21.446689627,T,KO,F,100,69.7
2025-12-08,9:31:21.446689627,T,KO,F I,36,69.7
2025-12-08,9:31:21.446691884,T,KO,F,101,69.7
2025-12-08,9:31:21.446703391,T,KO,I,1,69.7
2025-12-08,9:31:21.978435732,T,KO,F I,5,69.68
2025-12-08,9:31:22.036206343,T,KO,,100,69.67
2025-12-08,9:31:22.172343575,T,KO,,100,69.675
2025-12-08,9:31:24.586523328,T,KO,F I,16,69.67
2025-12-08,9:31:24.588472041,T,KO,I,29,69.66
2025-12-08,9:31:24.588962725,T,KO,I,10,69.66
2025-12-08,9:31:24.588983270,T,KO,I,10,69.66
2025-12-08,9:31:24.635841437,T,KO,F,100,69.65
2025-12-08,9:31:24.635843808,T,KO,F I,50,69.65
2025-12-08,9:31:24.635846797,T,KO,F,100,69.65
2025-12-08,9:31:24.636785150,T,KO,,151,69.655
2025-12-08,9:31:24.650792377,T,KO,I,50,69.65
2025-12-08,9:31:24.718691177,T,KO,I,50,69.65
2025-12-08,9:31:24.718736239,T,KO,F,100,69.65
2025-12-08,9:31:24.719406883,T,KO,F,100,69.65
2025-12-08,9:31:24.719410436,T,KO,F I,1,69.65
2025-12-08,9:31:24.719412815,T,KO,F I,10,69.65
2025-12-08,9:31:24.719431164,T,KO,I,1,69.65
2025-12-08,9:31:24.720011262,T,KO,I,50,69.65
2025-12-08,9:31:24.720047379,T,KO,F,100,69.65
2025-12-08,9:31:24.720255478,T,KO,,100,69.65
2025-12-08,9:31:24.720255478,T,KO,,100,69.65
2025-12-08,9:31:24.720260912,T,KO,I,1,69.65
2025-12-08,9:31:24.720260912,T,KO,,100,69.65
2025-12-08,9:31:24.720300230,T,KO,I,50,69.65
2025-12-08,9:31:24.720300230,T,KO,I,85,69.65
2025-12-08,9:31:24.720323993,T,KO,F I,15,69.65
2025-12-08,9:31:24.720504434,T,KO,F,100,69.65
2025-12-08,9:31:24.720507504,T,KO,F,100,69.65
2025-12-08,9:31:24.720676136,T,KO,,100,69.65
2025-12-08,9:31:24.720766196,T,KO,F,100,69.65
2025-12-08,9:31:24.720766196,T,KO,F,100,69.65
2025-12-08,9:31:24.720769113,T,KO,F,100,69.65
2025-12-08,9:31:24.720769113,T,KO,F,100,69.65
2025-12-08,9:31:24.721163329,T,KO,F I,36,69.65
2025-12-08,9:31:24.722594458,T,KO,F I,64,69.65
2025-12-08,9:31:24.722597459,T,KO,F,100,69.65
2025-12-08,9:31:24.722597459,T,KO,F I,2,69.65
2025-12-08,9:31:24.722600422,T,KO,F I,50,69.65
2025-12-08,9:31:24.722603434,T,KO,F I,20,69.65
2025-12-08,9:31:24.722637026,T,KO,I,3,69.66
2025-12-08,9:31:24.722949271,T,KO,F,100,69.65
2025-12-08,9:31:24.722949271,T,KO,F,100,69.65
2025-12-08,9:31:24.722949271,T,KO,F I,1,69.65
2025-12-08,9:31:24.722953030,T,KO,F I,2,69.65
2025-12-08,9:31:24.722953030,T,KO,F I,1,69.65
2025-12-08,9:31:24.722967384,T,KO,F,100,69.65
2025-12-08,9:31:24.723388291,T,KO,F,100,69.65
2025-12-08,9:31:24.723391697,T,KO,F,100,69.65
2025-12-08,9:31:24.743019090,T,KO,I,97,69.66
2025-12-08,9:31:24.743022155,T,KO,I,50,69.66
2025-12-08,9:31:24.767401534,T,KO,,100,69.66
2025-12-08,9:31:24.767404179,T,KO,,100,69.66
2025-12-08,9:31:24.767404179,T,KO,I,1,69.66
2025-12-08,9:31:24.775638132,T,KO,I,50,69.66
2025-12-08,9:31:24.775638132,T,KO,I,66,69.66
2025-12-08,9:31:24.775700949,T,KO,F I,1,69.66
2025-12-08,9:31:25.007258361,T,KO,,100,69.66
2025-12-08,9:31:25.007292112,T,KO,I,3,69.67
2025-12-08,9:31:25.007292112,T,KO,I,97,69.67
2025-12-08,9:31:25.007297942,T,KO,I,50,69.67
2025-12-08,9:31:25.007297942,T,KO,I,25,69.67
2025-12-08,9:31:25.007301305,T,KO,I,43,69.67
2025-12-08,9:31:25.007456954,T,KO,F,100,69.66
2025-12-08,9:31:25.007459865,T,KO,F,200,69.66
2025-12-08,9:31:25.007459865,T,KO,F,100,69.66
2025-12-08,9:31:25.028594317,T,KO,F,235,69.655
2025-12-08,9:31:25.049879024,T,KO,F I,1,69.66
2025-12-08,9:31:25.049882156,T,KO,F,200,69.66
2025-12-08,9:31:25.049884997,T,KO,F,100,69.66
2025-12-08,9:31:25.049884997,T,KO,F,100,69.66
2025-12-08,9:31:25.049887914,T,KO,F I,50,69.66
2025-12-08,9:31:25.123316781,T,KO,I,50,69.665
2025-12-08,9:31:25.123355961,T,KO,I,2,69.67
2025-12-08,9:31:25.123361973,T,KO,I,48,69.67
2025-12-08,9:31:25.994711219,T,KO,F,100,69.67
2025-12-08,9:31:25.994714210,T,KO,F,100,69.66
2025-12-08,9:31:25.994714210,T,KO,F,300,69.66
2025-12-08,9:31:25.994777396,T,KO,I,1,69.66
2025-12-08,9:31:25.995002940,T,KO,I,72,69.66
2025-12-08,9:31:25.995033021,T,KO,I,28,69.66
2025-12-08,9:31:25.995033021,T,KO,I,1,69.66
2025-12-08,9:31:25.995036025,T,KO,,100,69.66
2025-12-08,9:31:26.006213637,T,KO,I,50,69.66
2025-12-08,9:31:26.053693733,T,KO,F,100,69.66
2025-12-08,9:31:26.053696746,T,KO,F,100,69.655
2025-12-08,9:31:26.053696746,T,KO,F I,25,69.655
2025-12-08,9:31:26.053702702,T,KO,,199,69.655
2025-12-08,9:31:26.053750814,T,KO,I,5,69.66
2025-12-08,9:31:26.053786994,T,KO,I,45,69.66
2025-12-08,9:31:26.053786994,T,KO,,100,69.66
2025-12-08,9:31:26.054150817,T,KO,,100,69.66
2025-12-08,9:31:26.286111287,T,KO,F I,50,69.66
2025-12-08,9:31:26.286150307,T,KO,I,2,69.66
2025-12-08,9:31:26.286150307,T,KO,I,98,69.66
2025-12-08,9:31:26.605859760,T,KO,F I,1,69.67
2025-12-08,9:31:28.798198231,T,KO,F,100,69.665
2025-12-08,9:31:28.839047507,T,KO,,100,69.665
2025-12-08,9:31:28.909370482,T,KO,,100,69.66
2025-12-08,9:31:28.909388753,T,KO,I,1,69.66
2025-12-08,9:31:28.909391790,T,KO,I,99,69.66
2025-12-08,9:31:28.909394083,T,KO,I,1,69.66
2025-12-08,9:31:28.909406059,T,KO,I,54,69.66
2025-12-08,9:31:28.909415146,T,KO,F,100,69.66
2025-12-08,9:31:28.909439420,T,KO,,100,69.66
2025-12-08,9:31:28.909439420,T,KO,,100,69.66
2025-12-08,9:31:28.909445218,T,KO,,100,69.66
2025-12-08,9:31:28.909460142,T,KO,I,1,69.66
2025-12-08,9:31:28.909598528,T,KO,F I,46,69.66
2025-12-08,9:31:29.829636711,T,KO,F,100,69.65
2025-12-08,9:31:29.829636711,T,KO,F I,2,69.65
2025-12-08,9:31:29.829651827,T,KO,I,98,69.65
2025-12-08,9:31:29.829964596,T,KO,F I,8,69.65
2025-12-08,9:31:30.139681171,T,KO,,100,69.65
2025-12-08,9:31:30.313501166,T,KO,,100,69.64
2025-12-08,9:31:30.313537290,T,KO,,100,69.64
2025-12-08,9:31:30.313540228,T,KO,I,1,69.64
2025-12-08,9:31:30.313576338,T,KO,I,50,69.64
2025-12-08,9:31:30.313714650,T,KO,I,50,69.65
2025-12-08,9:31:30.313741750,T,KO,,100,69.65
2025-12-08,9:31:30.326453406,T,KO,I,1,69.65
2025-12-08,9:31:30.326453406,T,KO,I,79,69.65
2025-12-08,9:31:30.330657201,T,KO,F I,21,69.65
2025-12-08,9:31:30.330657201,T,KO,F,100,69.65
2025-12-08,9:31:30.701638878,T,KO,F,100,69.64
2025-12-08,9:31:30.701666055,T,KO,,100,69.64
2025-12-08,9:31:30.702357371,T,KO,I,50,69.64
2025-12-08,9:31:30.702360478,T,KO,,100,69.64
2025-12-08,9:31:30.702417535,T,KO,F,100,69.64
2025-12-08,9:31:31.155275062,T,KO,F,100,69.63
2025-12-08,9:31:31.155277996,T,KO,F I,25,69.63
2025-12-08,9:31:31.155629888,T,KO,I,1,69.63
2025-12-08,9:31:31.155632884,T,KO,,100,69.63
2025-12-08,9:31:31.161533434,T,KO,,100,69.63
2025-12-08,9:31:31.161536378,T,KO,I,1,69.63
2025-12-08,9:31:31.161536378,T,KO,,100,69.63
2025-12-08,9:31:31.161917906,T,KO,F,100,69.63
2025-12-08,9:31:31.161917906,T,KO,F,100,69.63
2025-12-08,9:31:31.161923866,T,KO,F,100,69.63
2025-12-08,9:31:31.161923866,T,KO,F I,50,69.63
2025-12-08,9:31:31.161953965,T,KO,I,50,69.64
2025-12-08,9:31:31.211521040,T,KO,I,50,69.64
2025-12-08,9:31:31.212179538,T,KO,,100,69.64
2025-12-08,9:31:33.757074639,T,KO,,100,69.63
2025-12-08,9:31:33.757077890,T,KO,,100,69.63
2025-12-08,9:31:33.758945126,T,KO,F I,1,69.62
2025-12-08,9:31:33.764625606,T,KO,F I,50,69.62
2025-12-08,9:31:33.781228180,T,KO,I,50,69.63
2025-12-08,9:31:34.993845221,T,KO,I,10,69.64
2025-12-08,9:31:34.993848194,T,KO,I,50,69.64
2025-12-08,9:31:34.993881384,T,KO,I,50,69.65
2025-12-08,9:31:34.993917446,T,KO,F I,1,69.64
2025-12-08,9:31:35.068633292,T,KO,F,100,69.63
2025-12-08,9:31:35.174311042,T,KO,I,50,69.64
2025-12-08,9:31:35.174410293,T,KO,I,50,69.64
2025-12-08,9:31:35.284613805,T,KO,I,50,69.64
2025-12-08,9:31:35.284613805,T,KO,,100,69.64
2025-12-08,9:31:35.284788454,T,KO,I,50,69.64
2025-12-08,9:31:35.285257624,T,KO,F,100,69.64
2025-12-08,9:31:35.285257624,T,KO,F,100,69.64
2025-12-08,9:31:36.053042860,T,KO,,100,69.635
2025-12-08,9:31:36.053078988,T,KO,I,25,69.64
2025-12-08,9:31:36.053078988,T,KO,I,77,69.64
2025-12-08,9:31:36.053082022,T,KO,I,23,69.64
2025-12-08,9:31:36.257397574,T,KO,F,100,69.63
2025-12-08,9:31:37.542691684,T,KO,I,1,69.63
2025-12-08,9:31:37.542694783,T,KO,I,50,69.63
2025-12-08,9:31:37.542697737,T,KO,I,10,69.63
2025-12-08,9:31:37.543184936,T,KO,I,50,69.64
2025-12-08,9:31:37.543702100,T,KO,F I,50,69.64
2025-12-08,9:31:37.545296001,T,KO,,100,69.64
2025-12-08,9:31:37.545298969,T,KO,,100,69.64
2025-12-08,9:31:37.628828880,T,KO,I,1,69.64
2025-12-08,9:31:37.628828880,T,KO,I,50,69.64
2025-12-08,9:31:37.628864950,T,KO,,100,69.65
2025-12-08,9:31:37.628868427,T,KO,I,42,69.65
2025-12-08,9:31:37.628868427,T,KO,I,50,69.65
2025-12-08,9:31:37.995001994,T,KO,I,34,69.65
2025-12-08,9:31:37.995026022,T,KO,I,16,69.65
2025-12-08,9:31:38.644867739,T,KO,F I,1,69.65
2025-12-08,9:31:38.644867739,T,KO,F I,50,69.65
2025-12-08,9:31:44.216507565,T,KO,F I,50,69.65
2025-12-08,9:31:44.216547347,T,KO,I,30,69.66
2025-12-08,9:31:44.216549736,T,KO,I,4,69.66
2025-12-08,9:31:44.216549736,T,KO,I,46,69.66
2025-12-08,9:31:44.266598042,T,KO,F,100,69.65
2025-12-08,9:31:44.266598042,T,KO,F,100,69.65
2025-12-08,9:31:44.267217419,T,KO,,100,69.645
2025-12-08,9:31:44.267220431,T,KO,I,50,69.65
2025-12-08,9:31:44.267331818,T,KO,I,50,69.65
2025-12-08,9:31:44.267335162,T,KO,I,50,69.65
2025-12-08,9:31:45.546933280,T,KO,F,100,69.64
2025-12-08,9:31:45.546936268,T,KO,F,100,69.64
2025-12-08,9:31:45.546951343,T,KO,I,1,69.64
2025-12-08,9:31:45.546972386,T,KO,F I,99,69.64
2025-12-08,9:31:45.546975610,T,KO,F I,1,69.64
2025-12-08,9:31:45.547002459,T,KO,F I,99,69.64
2025-12-08,9:31:45.547008555,T,KO,F I,1,69.64
2025-12-08,9:31:45.547011459,T,KO,F I,99,69.64
2025-12-08,9:31:45.547014406,T,KO,F I,51,69.64
2025-12-08,9:31:45.547026471,T,KO,I,49,69.64
2025-12-08,9:31:46.553998721,T,KO,,100,69.63
2025-12-08,9:31:46.554029081,T,KO,,100,69.63
2025-12-08,9:31:46.554031889,T,KO,I,65,69.63
2025-12-08,9:31:46.554034831,T,KO,I,35,69.63
2025-12-08,9:31:46.554416769,T,KO,,100,69.63
2025-12-08,9:31:46.554525038,T,KO,,100,69.62
2025-12-08,9:31:46.554528012,T,KO,,100,69.62
2025-12-08,9:31:46.554531070,T,KO,I,2,69.62
2025-12-08,9:31:46.554543808,T,KO,I,1,69.62
2025-12-08,9:31:48.249229209,T,KO,F I,3,69.63
2025-12-08,9:31:48.249247246,T,KO,F I,97,69.63
2025-12-08,9:31:48.249253292,T,KO,F,100,69.63
2025-12-08,9:31:48.249256325,T,KO,F,100,69.63
2025-12-08,9:31:49.815335211,T,KO,I,7,69.63
2025-12-08,9:31:49.815335211,T,KO,I,50,69.63
2025-12-08,9:31:50.980180468,T,KO,,100,69.63
2025-12-08,9:31:50.980180468,T,KO,I,50,69.63
2025-12-08,9:31:51.840719667,T,KO,I,50,69.63
2025-12-08,9:31:52.396295379,T,KO,I,14,69.64
2025-12-08,9:31:52.396911850,T,KO,F,100,69.65
2025-12-08,9:31:53.297740844,T,KO,F,100,69.64
2025-12-08,9:31:57.704014424,T,KO,I,1,69.64
2025-12-08,9:31:57.707947816,T,KO,I,10,69.64
2025-12-08,9:31:57.776796780,T,KO,I,34,69.63
2025-12-08,9:31:57.776799780,T,KO,,100,69.63
2025-12-08,9:31:57.777079994,T,KO,,100,69.63
2025-12-08,9:31:57.777100469,T,KO,I,1,69.63
2025-12-08,9:31:57.828183209,T,KO,F,100,69.62
2025-12-08,9:31:57.828183209,T,KO,F,100,69.62
2025-12-08,9:31:57.828186550,T,KO,F I,25,69.62
2025-12-08,9:31:57.828207291,T,KO,I,1,69.62
2025-12-08,9:31:57.862777542,T,KO,I,99,69.62
2025-12-08,9:31:57.862780577,T,KO,,100,69.62
2025-12-08,9:31:57.862799389,T,KO,,100,69.62
2025-12-08,9:31:57.862801669,T,KO,I,98,69.62
2025-12-08,9:31:57.862942939,T,KO,,100,69.62
2025-12-08,9:31:57.869703016,T,KO,,100,69.62
2025-12-08,9:31:57.869724144,T,KO,I,24,69.62
2025-12-08,9:31:57.869748189,T,KO,I,76,69.62
2025-12-08,9:31:57.869748189,T,KO,I,23,69.62
2025-12-08,9:31:57.874364483,T,KO,I,77,69.62
2025-12-08,9:31:57.874364483,T,KO,,100,69.62
2025-12-08,9:31:57.874367152,T,KO,,100,69.62
2025-12-08,9:31:57.876472223,T,KO,,100,69.62
2025-12-08,9:31:57.876493183,T,KO,F,100,69.62
2025-12-08,9:31:57.876493183,T,KO,F I,2,69.62
2025-12-08,9:31:57.890683989,T,KO,I,2,69.62
2025-12-08,9:31:57.890687021,T,KO,I,98,69.62
2025-12-08,9:31:58.526347004,T,KO,F I,2,69.62
2025-12-08,9:31:58.526347004,T,KO,F,100,69.62
2025-12-08,9:31:59.910721064,T,KO,I,50,69.62
2025-12-08,9:31:59.910724147,T,KO,I,34,69.62
2025-12-08,9:31:59.998361950,T,KO,I,2,69.62
2025-12-08,9:32:00.037184356,T,KO,,100,69.625
2025-12-08,9:32:00.037187513,T,KO,,100,69.62
2025-12-08,9:32:00.037187513,T,KO,I,2,69.62
2025-12-08,9:32:00.037205332,T,KO,I,1,69.62
2025-12-08,9:32:00.037211374,T,KO,I,99,69.62
2025-12-08,9:32:00.123547038,T,KO,,100,69.63
2025-12-08,9:32:00.123565706,T,KO,F I,60,69.63
2025-12-08,9:32:00.123565706,T,KO,F,100,69.63
2025-12-08,9:32:00.123568090,T,KO,F I,25,69.63
2025-12-08,9:32:00.124379970,T,KO,,100,69.63
2025-12-08,9:32:00.163193416,T,KO,,100,69.63
2025-12-08,9:32:00.163196420,T,KO,I,2,69.63
2025-12-08,9:32:00.413010351,T,KO,,100,69.63
2025-12-08,9:32:00.413013349,T,KO,,100,69.63
2025-12-08,9:32:00.413016394,T,KO,I,2,69.63
2025-12-08,9:32:00.413302113,T,KO,I,2,69.63
2025-12-08,9:32:00.413302113,T,KO,I,3,69.63
2025-12-08,9:32:00.413305112,T,KO,I,95,69.63
2025-12-08,9:32:00.413326170,T,KO,I,5,69.63
2025-12-08,9:32:00.413326170,T,KO,I,99,69.63
2025-12-08,9:32:00.413464484,T,KO,,100,69.63
2025-12-08,9:32:00.413464484,T,KO,,100,69.63
2025-12-08,9:32:00.413467469,T,KO,,100,69.63
2025-12-08,9:32:00.489870405,T,KO,I,15,69.63
2025-12-08,9:32:00.489900476,T,KO,I,85,69.63
2025-12-08,9:32:00.489900476,T,KO,I,99,69.63
2025-12-08,9:32:00.489904191,T,KO,I,2,69.63
2025-12-08,9:32:00.525397087,T,KO,F I,1,69.63
2025-12-08,9:32:00.525415107,T,KO,I,43,69.63
2025-12-08,9:32:00.549869372,T,KO,I,2,69.63
2025-12-08,9:32:02.702474157,T,KO,,100,69.62
2025-12-08,9:32:02.702612552,T,KO,I,29,69.62
2025-12-08,9:32:02.712888022,T,KO,,100,69.62
2025-12-08,9:32:02.712909563,T,KO,I,1,69.62
2025-12-08,9:32:02.723590421,T,KO,F I,2,69.62
2025-12-08,9:32:02.723593997,T,KO,F I,50,69.62
2025-12-08,9:32:02.773864170,T,KO,I,4,69.63
2025-12-08,9:32:02.773915365,T,KO,F,100,69.63
2025-12-08,9:32:03.183481880,T,KO,,100,69.63
2025-12-08,9:32:03.183481880,T,KO,,100,69.63
2025-12-08,9:32:03.183526920,T,KO,I,56,69.63
2025-12-08,9:32:03.183529831,T,KO,F I,44,69.63
2025-12-08,9:32:03.183532842,T,KO,F I,2,69.63
2025-12-08,9:32:03.632306841,T,KO,F,100,69.63
2025-12-08,9:32:03.632306841,T,KO,F,100,69.63
2025-12-08,9:32:05.149913181,T,KO,F,307,69.64
2025-12-08,9:32:09.450203033,T,KO,F,100,69.63
2025-12-08,9:32:09.450224531,T,KO,I,1,69.63
2025-12-08,9:32:09.450248547,T,KO,F I,99,69.63
2025-12-08,9:32:09.450254197,T,KO,F,100,69.63
2025-12-08,9:32:09.450261410,T,KO,I,37,69.64
2025-12-08,9:32:09.450263423,T,KO,,100,69.64
2025-12-08,9:32:09.450269346,T,KO,,100,69.64
2025-12-08,9:32:09.450269346,T,KO,,100,69.64
2025-12-08,9:32:09.450272258,T,KO,I,25,69.64
2025-12-08,9:32:09.450272258,T,KO,,100,69.64
2025-12-08,9:32:09.450275190,T,KO,,100,69.64
2025-12-08,9:32:09.450281248,T,KO,I,1,69.63
2025-12-08,9:32:09.479264605,T,KO,,100,69.63
2025-12-08,9:32:09.479267375,T,KO,I,25,69.63
2025-12-08,9:32:09.479267375,T,KO,,100,69.63
2025-12-08,9:32:09.485197320,T,KO,,100,69.625
2025-12-08,9:32:09.566863180,T,KO,F,100,69.61
2025-12-08,9:32:09.566865898,T,KO,F I,40,69.61
2025-12-08,9:32:11.159892537,T,KO,F,100,69.59
2025-12-08,9:32:11.159894978,T,KO,F I,2,69.59
2025-12-08,9:32:11.160033335,T,KO,,100,69.59
2025-12-08,9:32:11.160051515,T,KO,I,1,69.59
2025-12-08,9:32:11.160102535,T,KO,,100,69.59
2025-12-08,9:32:11.160117515,T,KO,,100,69.59
2025-12-08,9:32:11.216859722,T,KO,I,8,69.6
2025-12-08,9:32:11.554789512,T,KO,I,10,69.62
2025-12-08,9:32:11.554789512,T,KO,I,22,69.62
2025-12-08,9:32:11.554807673,T,KO,F I,78,69.62
2025-12-08,9:32:11.554810699,T,KO,F,100,69.62
2025-12-08,9:32:11.554813510,T,KO,F I,25,69.62
2025-12-08,9:32:13.086490430,T,KO,,100,69.62
2025-12-08,9:32:13.086508486,T,KO,I,1,69.62
2025-12-08,9:32:13.086514589,T,KO,I,45,69.62
2025-12-08,9:32:13.086532536,T,KO,,159,69.615
2025-12-08,9:32:13.086875346,T,KO,I,37,69.62
2025-12-08,9:32:13.086878921,T,KO,,100,69.62
2025-12-08,9:32:13.086878921,T,KO,,141,69.615
2025-12-08,9:32:13.086881356,T,KO,I,23,69.61
2025-12-08,9:32:13.109742409,T,KO,,100,69.61
2025-12-08,9:32:13.109742409,T,KO,I,5,69.61
2025-12-08,9:32:13.109747860,T,KO,I,2,69.61
2025-12-08,9:32:13.109747860,T,KO,,100,69.61
2025-12-08,9:32:13.109750853,T,KO,,100,69.61
2025-12-08,9:32:13.209841279,T,KO,,100,69.62
2025-12-08,9:32:13.209845491,T,KO,,100,69.62
2025-12-08,9:32:13.211504226,T,KO,F,100,69.62
2025-12-08,9:32:13.211504226,T,KO,F I,10,69.62
2025-12-08,9:32:13.215957866,T,KO,F I,2,69.62
2025-12-08,9:32:13.309943617,T,KO,,100,69.62
2025-12-08,9:32:13.309943617,T,KO,I,2,69.62
2025-12-08,9:32:13.309946682,T,KO,I,98,69.62
2025-12-08,9:32:13.309976945,T,KO,I,2,69.62
2025-12-08,9:32:13.309976945,T,KO,I,2,69.62
2025-12-08,9:32:13.310933129,T,KO,F I,2,69.62
2025-12-08,9:32:13.310936017,T,KO,F I,25,69.62
2025-12-08,9:32:13.311342251,T,KO,F I,38,69.61
2025-12-08,9:32:13.311342251,T,KO,F I,25,69.61
2025-12-08,9:32:13.311344998,T,KO,F,100,69.61
2025-12-08,9:32:14.673778872,T,KO,F I,10,69.6
2025-12-08,9:32:14.674187871,T,KO,,100,69.6
2025-12-08,9:32:14.674187871,T,KO,,100,69.6
2025-12-08,9:32:14.674190867,T,KO,I,4,69.6
2025-12-08,9:32:14.674253998,T,KO,,100,69.61
2025-12-08,9:32:14.674278316,T,KO,,100,69.61
2025-12-08,9:32:14.674278316,T,KO,I,38,69.61
2025-12-08,9:32:18.884819200,T,KO,F I,10,69.59
2025-12-08,9:32:18.884822256,T,KO,F,100,69.59
2025-12-08,9:32:18.884825172,T,KO,F,110,69.59
2025-12-08,9:32:18.884834182,T,KO,F I,74,69.59
2025-12-08,9:32:20.761062902,T,KO,F,100,69.59
2025-12-08,9:32:20.761098956,T,KO,,100,69.59
2025-12-08,9:32:20.761102592,T,KO,,300,69.59
2025-12-08,9:32:20.761105228,T,KO,I,2,69.6
2025-12-08,9:32:20.761105228,T,KO,I,16,69.6
2025-12-08,9:32:20.761107941,T,KO,I,25,69.6
2025-12-08,9:32:20.761111156,T,KO,I,14,69.6
2025-12-08,9:32:20.761113863,T,KO,,100,69.6
2025-12-08,9:32:20.761113863,T,KO,,100,69.6
2025-12-08,9:32:20.761136339,T,KO,I,88,69.59
2025-12-08,9:32:20.761136339,T,KO,,100,69.59
2025-12-08,9:32:20.761141366,T,KO,I,10,69.59
2025-12-08,9:32:20.761150139,T,KO,I,90,69.59
2025-12-08,9:32:20.761174294,T,KO,,100,69.59
2025-12-08,9:32:20.761177883,T,KO,,100,69.6
2025-12-08,9:32:20.761177883,T,KO,,100,69.6
2025-12-08,9:32:20.761180789,T,KO,,100,69.6
2025-12-08,9:32:20.761195756,T,KO,I,1,69.59
2025-12-08,9:32:20.761240321,T,KO,I,89,69.59
2025-12-08,9:32:20.761243307,T,KO,,100,69.59
2025-12-08,9:32:20.761246677,T,KO,I,88,69.59
2025-12-08,9:32:20.761246677,T,KO,,100,69.59
2025-12-08,9:32:20.761249309,T,KO,I,69,69.59
2025-12-08,9:32:20.761531923,T,KO,,119,69.59
2025-12-08,9:32:20.761534924,T,KO,I,10,69.59
2025-12-08,9:32:20.761952862,T,KO,F I,2,69.59
2025-12-08,9:32:20.761955921,T,KO,F I,77,69.59
2025-12-08,9:32:20.836437824,T,KO,I,23,69.59
2025-12-08,9:32:20.836440905,T,KO,,100,69.59
2025-12-08,9:32:20.836443319,T,KO,I,77,69.59
2025-12-08,9:32:20.836470394,T,KO,I,5,69.59
2025-12-08,9:32:20.837652331,T,KO,I,18,69.59
2025-12-08,9:32:20.837655259,T,KO,I,82,69.59
2025-12-08,9:32:21.092933605,T,KO,I,6,69.59
2025-12-08,9:32:21.092951396,T,KO,F I,12,69.59
2025-12-08,9:32:21.092960244,T,KO,F,100,69.59
2025-12-08,9:32:22.051375879,T,KO,F I,43,69.59
2025-12-08,9:32:22.051378936,T,KO,F,100,69.59
2025-12-08,9:32:22.051451062,T,KO,F I,2,69.59
2025-12-08,9:32:22.051487405,T,KO,I,98,69.59
2025-12-08,9:32:22.051490285,T,KO,,100,69.59
2025-12-08,9:32:22.051493246,T,KO,I,26,69.59
2025-12-08,9:32:22.051583408,T,KO,F,100,69.59
2025-12-08,9:32:22.063780527,T,KO,,100,69.58
2025-12-08,9:32:22.063780527,T,KO,,100,69.58
2025-12-08,9:32:22.114318767,T,KO,F I,10,69.58
2025-12-08,9:32:23.666543744,T,KO,F I,2,69.58
2025-12-08,9:32:23.666564770,T,KO,F I,88,69.58
2025-12-08,9:32:23.666564770,T,KO,F I,40,69.58
2025-12-08,9:32:23.666567819,T,KO,F I,2,69.58
2025-12-08,9:32:23.666618930,T,KO,,100,69.59
2025-12-08,9:32:23.666621890,T,KO,,100,69.59
2025-12-08,9:32:23.669132855,T,KO,,100,69.58
2025-12-08,9:32:24.121455245,T,KO,I,22,69.57
2025-12-08,9:32:24.121455245,T,KO,,100,69.57
2025-12-08,9:32:24.121699151,T,KO,F,100,69.57
2025-12-08,9:32:25.168425759,T,KO,F I,50,69.57
2025-12-08,9:32:27.299649581,T,KO,,100,69.57
2025-12-08,9:32:27.299652559,T,KO,I,25,69.57
2025-12-08,9:32:27.299670613,T,KO,I,1,69.57
2025-12-08,9:32:29.177234371,T,KO,F I,20,69.56
2025-12-08,9:32:29.187900822,T,KO,I,80,69.56
2025-12-08,9:32:30.126562518,T,KO,I,50,69.55
2025-12-08,9:32:30.126565533,T,KO,I,20,69.56
2025-12-08,9:32:30.126568534,T,KO,I,2,69.56
2025-12-08,9:32:30.126568534,T,KO,I,28,69.56
2025-12-08,9:32:30.126607506,T,KO,I,72,69.56
2025-12-08,9:32:30.126610431,T,KO,I,50,69.56
2025-12-08,9:32:30.127479581,T,KO,I,50,69.56
2025-12-08,9:32:31.944488185,T,KO,F,100,69.55
2025-12-08,9:32:33.950571911,T,KO,I,1,69.53
2025-12-08,9:32:33.950571911,T,KO,I,25,69.53
2025-12-08,9:32:33.950626010,T,KO,I,36,69.54
2025-12-08,9:32:33.950629089,T,KO,I,50,69.54
2025-12-08,9:32:33.950632442,T,KO,,103,69.54
2025-12-08,9:32:33.950632442,T,KO,I,25,69.54
2025-12-08,9:32:33.950632442,T,KO,I,27,69.54
2025-12-08,9:32:33.950647587,T,KO,I,1,69.54
2025-12-08,9:32:33.950698287,T,KO,,100,69.53
2025-12-08,9:32:33.950719265,T,KO,I,1,69.53
2025-12-08,9:32:34.523544551,T,KO,I,1,69.54
2025-12-08,9:32:35.598719390,T,KO,F I,76,69.55
2025-12-08,9:32:38.049899192,T,KO,F I,2,69.55
2025-12-08,9:32:38.049902230,T,KO,F I,97,69.55
2025-12-08,9:32:38.049920257,T,KO,F I,3,69.55
2025-12-08,9:32:38.613098547,T,KO,I,36,69.54
2025-12-08,9:32:38.613098547,T,KO,I,80,69.54
2025-12-08,9:32:42.881103587,T,KO,F,100,69.54
2025-12-08,9:32:42.881317219,T,KO,,100,69.53
2025-12-08,9:32:43.553059969,T,KO,,100,69.53
2025-12-08,9:32:43.553062978,T,KO,I,42,69.53
2025-12-08,9:32:43.553066329,T,KO,,100,69.53
2025-12-08,9:32:43.553066329,T,KO,I,11,69.53
2025-12-08,9:32:43.553078029,T,KO,I,1,69.53
2025-12-08,9:32:48.860144715,T,KO,I,50,69.52
2025-12-08,9:32:50.067108274,T,KO,I,50,69.52
2025-12-08,9:32:50.067132363,T,KO,I,50,69.52
2025-12-08,9:32:51.519332919,T,KO,I,50,69.52
2025-12-08,9:32:52.475950300,T,KO,I,10,69.52
2025-12-08,9:32:52.476136765,T,KO,I,14,69.52
2025-12-08,9:32:52.476326267,T,KO,,129,69.52
2025-12-08,9:32:52.476404379,T,KO,I,32,69.52
2025-12-08,9:32:52.476497584,T,KO,I,15,69.52
2025-12-08,9:32:52.509299816,T,KO,,100,69.52
2025-12-08,9:32:53.696587454,T,KO,I,50,69.52
2025-12-08,9:33:02.129861435,T,KO,,100,69.51
2025-12-08,9:33:02.129861435,T,KO,,100,69.51
2025-12-08,9:33:02.129863874,T,KO,I,3,69.51
2025-12-08,9:33:02.129866841,T,KO,,300,69.51
2025-12-08,9:33:02.129869862,T,KO,,100,69.51
2025-12-08,9:33:02.129869862,T,KO,I,25,69.51
2025-12-08,9:33:02.129879406,T,KO,I,68,69.51
2025-12-08,9:33:02.129879406,T,KO,I,1,69.51
2025-12-08,9:33:02.129885068,T,KO,F I,31,69.51
2025-12-08,9:33:02.129891882,T,KO,F,200,69.51
2025-12-08,9:33:02.129891882,T,KO,F,194,69.51
2025-12-08,9:33:02.129894129,T,KO,F,100,69.51
2025-12-08,9:33:02.129894129,T,KO,F I,6,69.51
2025-12-08,9:33:02.131533862,T,KO,F I,10,69.5
2025-12-08,9:33:02.131535792,T,KO,F I,1,69.5
2025-12-08,9:33:02.131539328,T,KO,F I,13,69.5
2025-12-08,9:33:02.131542168,T,KO,F I,20,69.5
2025-12-08,9:33:02.141480522,T,KO,,200,69.505
2025-12-08,9:33:02.141483482,T,KO,I,60,69.505
2025-12-08,9:33:02.158149130,T,KO,F,100,69.51
2025-12-08,9:33:02.158152212,T,KO,F I,43,69.51
2025-12-08,9:33:02.171185276,T,KO,I,3,69.51
2025-12-08,9:33:02.171185276,T,KO,,100,69.51
2025-12-08,9:33:02.174577280,T,KO,,188,69.51
2025-12-08,9:33:02.637493845,T,KO,I,3,69.52
2025-12-08,9:33:02.638462257,T,KO,,260,69.515
2025-12-08,9:33:02.638462257,T,KO,I,43,69.51
2025-12-08,9:33:02.638465103,T,KO,I,40,69.51
2025-12-08,9:33:03.321463781,T,KO,,100,69.52
2025-12-08,9:33:03.321466853,T,KO,I,10,69.52
2025-12-08,9:33:03.321466853,T,KO,I,10,69.52
2025-12-08,9:33:03.321506851,T,KO,I,2,69.53
2025-12-08,9:33:03.321506851,T,KO,,100,69.53
2025-12-08,9:33:03.321764621,T,KO,I,44,69.52
2025-12-08,9:33:03.321764621,T,KO,,200,69.52
2025-12-08,9:33:03.321767955,T,KO,,100,69.52
2025-12-08,9:33:03.321770581,T,KO,,100,69.52
2025-12-08,9:33:03.321770581,T,KO,,100,69.52
2025-12-08,9:33:03.321854805,T,KO,F,100,69.52
2025-12-08,9:33:03.322038211,T,KO,F,100,69.52
2025-12-08,9:33:03.322114007,T,KO,F,200,69.52
2025-12-08,9:33:03.322117015,T,KO,F,200,69.52
2025-12-08,9:33:03.322119578,T,KO,F I,25,69.52
2025-12-08,9:33:03.322287808,T,KO,F,100,69.53
2025-12-08,9:33:03.322287808,T,KO,F I,19,69.53
2025-12-08,9:33:03.322317836,T,KO,,100,69.52
2025-12-08,9:33:03.348543443,T,KO,,244,69.52
2025-12-08,9:33:07.734654567,T,KO,,100,69.52
2025-12-08,9:33:07.916026045,T,KO,,100,69.53
2025-12-08,9:33:07.916026045,T,KO,I,25,69.53
2025-12-08,9:33:07.916028526,T,KO,I,25,69.53
2025-12-08,9:33:07.916726208,T,KO,I,60,69.53
2025-12-08,9:33:08.773132873,T,KO,,100,69.54
2025-12-08,9:33:08.773135931,T,KO,,100,69.54
2025-12-08,9:33:10.819034547,T,KO,I,50,69.55
2025-12-08,9:33:10.819034547,T,KO,I,25,69.55
2025-12-08,9:33:10.819130809,T,KO,I,43,69.54
2025-12-08,9:33:10.819133852,T,KO,,107,69.54
2025-12-08,9:33:10.819136863,T,KO,I,57,69.54
2025-12-08,9:33:10.819151896,T,KO,I,1,69.54
2025-12-08,9:33:10.870586427,T,KO,I,50,69.54
2025-12-08,9:33:12.206223372,T,KO,F,100,69.53
2025-12-08,9:33:12.206223372,T,KO,F I,25,69.53
2025-12-08,9:33:14.474907679,T,KO,I,43,69.54
2025-12-08,9:33:14.476194706,T,KO,I,2,69.56
2025-12-08,9:33:14.476197756,T,KO,I,36,69.56
2025-12-08,9:33:17.071080933,T,KO,I,50,69.56
2025-12-08,9:33:17.935631040,T,KO,,163,69.57
2025-12-08,9:33:17.935631040,T,KO,I,50,69.57
2025-12-08,9:33:19.289500485,T,KO,F,100,69.56
2025-12-08,9:33:19.289945544,T,KO,I,43,69.57
2025-12-08,9:33:19.289945544,T,KO,,100,69.57
2025-12-08,9:33:19.289950048,T,KO,,100,69.57
2025-12-08,9:33:19.289950048,T,KO,I,59,69.57
2025-12-08,9:33:19.289954874,T,KO,,115,69.57
2025-12-08,9:33:19.289954874,T,KO,I,25,69.57
2025-12-08,9:33:19.289954874,T,KO,,100,69.57
2025-12-08,9:33:19.289961016,T,KO,I,31,69.57
2025-12-08,9:33:19.289966645,T,KO,F,100,69.57
2025-12-08,9:33:19.290035691,T,KO,,100,69.57
2025-12-08,9:33:19.290083808,T,KO,I,63,69.57
2025-12-08,9:33:19.290177045,T,KO,F,100,69.57
2025-12-08,9:33:19.290222802,T,KO,,100,69.57
2025-12-08,9:33:19.290225353,T,KO,,115,69.56
2025-12-08,9:33:19.290228147,T,KO,I,59,69.56
2025-12-08,9:33:19.290231845,T,KO,I,59,69.56
2025-12-08,9:33:19.290234751,T,KO,I,67,69.56
2025-12-08,9:33:19.290306414,T,KO,,100,69.57
2025-12-08,9:33:19.290760444,T,KO,I,43,69.57
2025-12-08,9:33:19.392483774,T,KO,I,35,69.57
2025-12-08,9:33:20.290545678,T,KO,I,20,69.55
2025-12-08,9:33:20.290551811,T,KO,I,80,69.55
2025-12-08,9:33:20.290551811,T,KO,I,25,69.55
2025-12-08,9:33:20.290551811,T,KO,,100,69.55
2025-12-08,9:33:20.291905562,T,KO,F I,26,69.55
2025-12-08,9:33:20.291908566,T,KO,F,100,69.55
2025-12-08,9:33:20.291910990,T,KO,F,100,69.55
2025-12-08,9:33:20.292142396,T,KO,I,42,69.55
2025-12-08,9:33:20.292163483,T,KO,I,58,69.55
2025-12-08,9:33:20.292166640,T,KO,I,10,69.55
2025-12-08,9:33:20.292166640,T,KO,I,32,69.55
2025-12-08,9:33:20.302745715,T,KO,F,100,69.56
2025-12-08,9:33:20.302749130,T,KO,F I,43,69.56
2025-12-08,9:33:20.302749130,T,KO,F,100,69.56
2025-12-08,9:33:20.302751677,T,KO,F I,10,69.56
2025-12-08,9:33:23.288395146,T,KO,,182,69.58
2025-12-08,9:33:23.288397498,T,KO,I,2,69.58
2025-12-08,9:33:23.288436709,T,KO,,100,69.59
2025-12-08,9:33:24.288850404,T,KO,,182,69.6
2025-12-08,9:33:25.833560508,T,KO,F I,2,69.61
2025-12-08,9:33:25.833563276,T,KO,F,100,69.61
2025-12-08,9:33:25.833563276,T,KO,F I,98,69.61
2025-12-08,9:33:25.833578299,T,KO,F I,84,69.61
2025-12-08,9:33:25.839294953,T,KO,F,100,69.62
2025-12-08,9:33:25.848714145,T,KO,F I,51,69.62
2025-12-08,9:33:25.848716806,T,KO,F I,54,69.62
2025-12-08,9:33:25.848719850,T,KO,F,100,69.62
2025-12-08,9:33:25.848719850,T,KO,F I,68,69.62
2025-12-08,9:33:25.848740915,T,KO,I,1,69.62
2025-12-08,9:33:25.848758480,T,KO,F I,68,69.62
2025-12-08,9:33:25.848809996,T,KO,F I,31,69.62
2025-12-08,9:33:25.849501260,T,KO,F,100,69.62
2025-12-08,9:33:27.677413740,T,KO,I,50,69.61
2025-12-08,9:33:27.677434825,T,KO,,150,69.61
2025-12-08,9:33:28.655472920,T,KO,F,150,69.61
2025-12-08,9:33:28.655493242,T,KO,I,54,69.6
2025-12-08,9:33:28.656290430,T,KO,I,76,69.59
2025-12-08,9:33:28.656858550,T,KO,F I,37,69.6
2025-12-08,9:33:28.656885788,T,KO,,100,69.61
2025-12-08,9:33:28.656889214,T,KO,I,43,69.61
2025-12-08,9:33:28.656889214,T,KO,,100,69.61
2025-12-08,9:33:28.656892330,T,KO,,100,69.61
2025-12-08,9:33:28.656894639,T,KO,,182,69.61
2025-12-08,9:33:28.656904006,T,KO,I,1,69.61
2025-12-08,9:33:28.656921913,T,KO,I,99,69.61
2025-12-08,9:33:28.656924710,T,KO,,100,69.61
2025-12-08,9:33:28.656963924,T,KO,,100,69.61
2025-12-08,9:33:28.657409185,T,KO,,100,69.61
2025-12-08,9:33:28.657412290,T,KO,,100,69.61
2025-12-08,9:33:28.657412290,T,KO,,100,69.61
2025-12-08,9:33:33.856776937,T,KO,,100,69.63
2025-12-08,9:33:36.089255038,T,KO,F,182,69.64
2025-12-08,9:33:36.089525779,T,KO,F,100,69.65
2025-12-08,9:33:41.437246634,T,KO,F I,30,69.66
2025-12-08,9:33:41.437246634,T,KO,F I,1,69.66
2025-12-08,9:33:41.437252452,T,KO,F I,69,69.66
2025-12-08,9:33:41.437267267,T,KO,F,113,69.66
2025-12-08,9:33:41.437267267,T,KO,F I,2,69.66
2025-12-08,9:33:44.412628660,T,KO,F I,24,69.66
2025-12-08,9:33:44.412652725,T,KO,I,55,69.66
2025-12-08,9:33:44.413058643,T,KO,I,1,69.66
2025-12-08,9:33:44.413061663,T,KO,I,57,69.66
2025-12-08,9:33:44.413545831,T,KO,,100,69.66
2025-12-08,9:33:44.413545831,T,KO,I,3,69.66
2025-12-08,9:33:44.413551822,T,KO,,100,69.66
2025-12-08,9:33:44.413657225,T,KO,I,18,69.66
2025-12-08,9:33:46.204373982,T,KO,,100,69.67
2025-12-08,9:33:48.912212175,T,KO,I,50,69.68
2025-12-08,9:33:51.219965510,T,KO,,141,69.68
2025-12-08,9:33:51.219965510,T,KO,I,5,69.67
2025-12-08,9:33:51.220729328,T,KO,I,41,69.67
2025-12-08,9:33:51.221141378,T,KO,,100,69.67
2025-12-08,9:33:54.376216635,T,KO,I,13,69.67
2025-12-08,9:33:54.376228676,T,KO,F I,3,69.67
2025-12-08,9:33:58.034044449,T,KO,F,100,69.67
2025-12-08,9:33:58.034050920,T,KO,F I,50,69.67
2025-12-08,9:33:58.034050920,T,KO,F I,2,69.67
2025-12-08,9:33:58.150698203,T,KO,F I,2,69.68
2025-12-08,9:34:01.080828913,T,KO,F I,79,69.69
2025-12-08,9:34:01.832318629,T,KO,I,1,69.7
2025-12-08,9:34:02.774495654,T,KO,I,2,69.705
2025-12-08,9:34:04.437690833,T,KO,,100,69.705
2025-12-08,9:34:05.091429741,T,KO,F,100,69.705
2025-12-08,9:34:05.091483911,T,KO,,100,69.7
2025-12-08,9:34:09.461323441,T,KO,F,100,69.7
2025-12-08,9:34:09.461326393,T,KO,F,250,69.7
2025-12-08,9:34:09.461380581,T,KO,F I,10,69.7
2025-12-08,9:34:14.557645533,T,KO,F I,1,69.69
2025-12-08,9:34:14.557648932,T,KO,F I,50,69.69
2025-12-08,9:34:14.557651174,T,KO,F,100,69.69
2025-12-08,9:34:14.557660191,T,KO,I,87,69.69
2025-12-08,9:34:14.568998068,T,KO,,100,69.68
2025-12-08,9:34:14.569006257,T,KO,F,100,69.68
2025-12-08,9:34:14.569009220,T,KO,F,100,69.68
2025-12-08,9:34:14.569022365,T,KO,I,1,69.68
2025-12-08,9:34:14.569027744,T,KO,F I,99,69.68
2025-12-08,9:34:14.569030280,T,KO,F,601,69.68
2025-12-08,9:34:14.569042277,T,KO,F I,99,69.68
2025-12-08,9:34:14.569090656,T,KO,F I,1,69.68
2025-12-08,9:34:14.569090656,T,KO,F I,99,69.68
2025-12-08,9:34:14.569096426,T,KO,F I,1,69.68
2025-12-08,9:34:14.569099391,T,KO,F,100,69.68
2025-12-08,9:34:14.569135468,T,KO,F,100,69.68
2025-12-08,9:34:14.569225710,T,KO,F,100,69.68
2025-12-08,9:34:14.569273890,T,KO,F,100,69.68
2025-12-08,9:34:14.569297949,T,KO,I,99,69.68
2025-12-08,9:34:14.570684192,T,KO,,100,69.68
2025-12-08,9:34:14.570687325,T,KO,,100,69.68
2025-12-08,9:34:14.570687325,T,KO,,150,69.68
2025-12-08,9:34:14.570705284,T,KO,I,1,69.68
2025-12-08,9:34:14.570744391,T,KO,F,109,69.68
2025-12-08,9:34:14.571655520,T,KO,F,100,69.69
2025-12-08,9:34:14.571655520,T,KO,F,100,69.69
2025-12-08,9:34:14.571659014,T,KO,F I,2,69.69
2025-12-08,9:34:14.572133648,T,KO,,100,69.69
2025-12-08,9:34:14.572861863,T,KO,F,100,69.7
2025-12-08,9:34:14.572864457,T,KO,F I,44,69.7
2025-12-08,9:34:14.572867441,T,KO,F,100,69.7
2025-12-08,9:34:14.572867441,T,KO,F,100,69.7
2025-12-08,9:34:14.572888513,T,KO,F,100,69.7
2025-12-08,9:34:14.582433206,T,KO,,100,69.7
2025-12-08,9:34:14.647956293,T,KO,,100,69.69
2025-12-08,9:34:14.647956293,T,KO,I,30,69.69
2025-12-08,9:34:14.647981601,T,KO,I,14,69.69
2025-12-08,9:34:14.647981601,T,KO,I,53,69.69
2025-12-08,9:34:18.986028033,T,KO,F,100,69.7
2025-12-08,9:34:18.986049084,T,KO,I,12,69.7
2025-12-08,9:34:18.986049084,T,KO,I,1,69.7
2025-12-08,9:34:20.564971542,T,KO,,100,69.7
2025-12-08,9:34:20.565031668,T,KO,,134,69.7
2025-12-08,9:34:20.575496627,T,KO,I,20,69.7
2025-12-08,9:34:20.575568775,T,KO,F,350,69.7
2025-12-08,9:34:20.583122837,T,KO,,260,69.7
2025-12-08,9:34:20.583432715,T,KO,I,20,69.69
2025-12-08,9:34:20.583432715,T,KO,I,50,69.69
2025-12-08,9:34:20.583507681,T,KO,,500,69.695
2025-12-08,9:34:20.584021930,T,KO,,100,69.69
2025-12-08,9:34:20.588911629,T,KO,F I,30,69.69
2025-12-08,9:34:20.693136850,T,KO,,400,69.69
2025-12-08,9:34:20.693157905,T,KO,I,1,69.69
2025-12-08,9:34:20.693181973,T,KO,F I,99,69.69
2025-12-08,9:34:20.726011081,T,KO,F,120,69.67
2025-12-08,9:34:20.726011081,T,KO,F,100,69.67
2025-12-08,9:34:20.726029527,T,KO,F I,42,69.67
2025-12-08,9:34:20.726047171,T,KO,I,13,69.67
2025-12-08,9:34:20.726612616,T,KO,F,145,69.67
2025-12-08,9:34:25.704256729,T,KO,,100,69.68
2025-12-08,9:34:28.300757774,T,KO,I,2,69.67
2025-12-08,9:34:30.417517342,T,KO,F I,4,69.67
2025-12-08,9:34:30.417535545,T,KO,F I,41,69.67
2025-12-08,9:34:30.417538393,T,KO,F,100,69.67
2025-12-08,9:34:30.417577505,T,KO,,100,69.68
2025-12-08,9:34:30.417580442,T,KO,,100,69.68
2025-12-08,9:34:30.417583721,T,KO,I,25,69.68
2025-12-08,9:34:34.666475253,T,KO,F I,50,69.68
2025-12-08,9:34:34.666477900,T,KO,F,100,69.68
2025-12-08,9:34:34.666480906,T,KO,F,154,69.68
2025-12-08,9:34:40.122516440,T,KO,F I,50,69.69
2025-12-08,9:34:40.122522381,T,KO,F,100,69.69
2025-12-08,9:34:40.123241168,T,KO,F,100,69.7
2025-12-08,9:34:40.123557116,T,KO,F I,2,69.7
2025-12-08,9:34:40.123581098,T,KO,I,2,69.7
2025-12-08,9:34:40.123581098,T,KO,F I,98,69.7
2025-12-08,9:34:40.123583932,T,KO,F I,1,69.7
2025-12-08,9:34:40.124877070,T,KO,F I,50,69.7
2025-12-08,9:34:40.124880074,T,KO,F,100,69.7
2025-12-08,9:34:40.124883056,T,KO,F,100,69.7
2025-12-08,9:34:42.558077212,T,KO,F I,58,69.71
2025-12-08,9:34:42.558080156,T,KO,F I,2,69.71
2025-12-08,9:34:52.602136845,T,KO,,158,69.72
2025-12-08,9:34:52.602136845,T,KO,I,41,69.72
2025-12-08,9:34:52.603451097,T,KO,I,4,69.72
2025-12-08,9:34:53.270824522,T,KO,I,5,69.72
2025-12-08,9:34:53.270827386,T,KO,I,25,69.72
2025-12-08,9:34:57.507004669,T,KO,F,100,69.72
2025-12-08,9:35:00.055429993,T,KO,F I,44,69.72
2025-12-08,9:35:00.055429993,T,KO,F I,2,69.72
2025-12-08,9:35:00.507307393,T,KO,F I,4,69.72
2025-12-08,9:35:00.507307393,T,KO,F I,51,69.72
2025-12-08,9:35:00.508221359,T,KO,I,8,69.715
2025-12-08,9:35:00.512070583,T,KO,F I,36,69.71
2025-12-08,9:35:01.142567223,T,KO,,100,69.72
2025-12-08,9:35:01.142567223,T,KO,,100,69.72
2025-12-08,9:35:03.947987850,T,KO,I,2,69.73
2025-12-08,9:35:05.000861399,T,KO,F I,1,69.73
2025-12-08,9:35:05.000861399,T,KO,F I,1,69.73
2025-12-08,9:35:07.250747929,T,KO,F I,1,69.725
2025-12-08,9:35:07.451776668,T,KO,I,4,69.73
2025-12-08,9:35:07.663198170,T,KO,F I,2,69.74
2025-12-08,9:35:07.663201227,T,KO,F I,1,69.74
2025-12-08,9:35:07.984191692,T,KO,I,2,69.74
2025-12-08,9:35:11.854629222,T,KO,F I,2,69.75
2025-12-08,9:35:11.854629222,T,KO,F I,91,69.75
2025-12-08,9:35:11.854634908,T,KO,F,100,69.75
2025-12-08,9:35:11.854634908,T,KO,F I,12,69.75
2025-12-08,9:35:15.816868616,T,KO,I,92,69.755
2025-12-08,9:35:15.821382296,T,KO,F I,46,69.75
2025-12-08,9:35:16.744427678,T,KO,I,43,69.74
2025-12-08,9:35:16.744539065,T,KO,I,7,69.74
2025-12-08,9:35:16.744539065,T,KO,I,34,69.74
2025-12-08,9:35:16.744544968,T,KO,,101,69.74
2025-12-08,9:35:16.744587116,T,KO,F I,39,69.74
2025-12-08,9:35:16.744590171,T,KO,F,100,69.74
2025-12-08,9:35:19.833062839,T,KO,F I,1,69.76
2025-12-08,9:35:19.833065811,T,KO,F I,99,69.76
2025-12-08,9:35:19.833077903,T,KO,I,1,69.76
2025-12-08,9:35:19.845157806,T,KO,,110,69.77
2025-12-08,9:35:19.845187717,T,KO,F I,13,69.77
2025-12-08,9:35:19.845449371,T,KO,I,10,69.77
2025-12-08,9:35:21.462361653,T,KO,F I,39,69.76
2025-12-08,9:35:21.462364360,T,KO,F,100,69.76
2025-12-08,9:35:21.462367546,T,KO,F I,60,69.76
2025-12-08,9:35:22.354249532,T,KO,F I,4,69.76
2025-12-08,9:35:22.354249532,T,KO,F,100,69.76
2025-12-08,9:35:22.354264482,T,KO,F I,50,69.76
2025-12-08,9:35:22.356468820,T,KO,F I,39,69.76
2025-12-08,9:35:22.356471953,T,KO,F I,8,69.76
2025-12-08,9:35:22.356471953,T,KO,F I,5,69.76
2025-12-08,9:35:23.828919697,T,KO,F I,39,69.76
2025-12-08,9:35:23.828925795,T,KO,F I,61,69.76
2025-12-08,9:35:23.828937731,T,KO,F I,39,69.76
2025-12-08,9:35:27.963072910,T,KO,I,11,69.75
2025-12-08,9:35:27.963076256,T,KO,I,50,69.75
2025-12-08,9:35:27.963497103,T,KO,F I,37,69.75
2025-12-08,9:35:27.963500451,T,KO,F,100,69.75
2025-12-08,9:35:27.963503075,T,KO,F I,4,69.75
2025-12-08,9:35:27.963505930,T,KO,F,100,69.75
2025-12-08,9:35:27.963505930,T,KO,F,100,69.75
2025-12-08,9:35:27.963566452,T,KO,I,4,69.75
2025-12-08,9:35:27.963569226,T,KO,I,37,69.75
2025-12-08,9:35:27.963716394,T,KO,F I,1,69.75
2025-12-08,9:35:27.973655439,T,KO,F I,3,69.75
2025-12-08,9:35:27.973658330,T,KO,F I,37,69.75
2025-12-08,9:35:27.973661105,T,KO,F,100,69.75
2025-12-08,9:35:27.973661105,T,KO,F,100,69.75
2025-12-08,9:35:27.973664516,T,KO,F,119,69.75
2025-12-08,9:35:27.995442732,T,KO,I,3,69.75
2025-12-08,9:35:27.995442732,T,KO,I,47,69.75
2025-12-08,9:35:27.995445380,T,KO,I,28,69.75
2025-12-08,9:35:27.995445380,T,KO,I,26,69.75
2025-12-08,9:35:28.499574666,T,KO,F,100,69.74
2025-12-08,9:35:28.499574666,T,KO,F I,37,69.74
2025-12-08,9:35:28.499578942,T,KO,F I,12,69.74
2025-12-08,9:35:28.742835969,T,KO,F I,4,69.74
2025-12-08,9:35:28.742835969,T,KO,F,100,69.74
2025-12-08,9:35:28.742839059,T,KO,F I,50,69.74
2025-12-08,9:35:30.645455814,T,KO,F,100,69.75
2025-12-08,9:35:30.645455814,T,KO,F I,2,69.75
2025-12-08,9:35:30.645458545,T,KO,F I,15,69.75
2025-12-08,9:35:32.582690347,T,KO,F I,2,69.76
2025-12-08,9:35:32.582696690,T,KO,F I,28,69.76
2025-12-08,9:35:32.582696690,T,KO,F,100,69.76
2025-12-08,9:35:40.027181779,T,KO,F I,14,69.76
2025-12-08,9:35:40.027181779,T,KO,F I,50,69.76
2025-12-08,9:35:42.442104201,T,KO,I,50,69.765
2025-12-08,9:35:47.540320669,T,KO,I,55,69.76
2025-12-08,9:35:47.540326860,T,KO,I,29,69.76
2025-12-08,9:35:47.659326031,T,KO,,100,69.755
2025-12-08,9:35:48.009452900,T,KO,I,2,69.76
2025-12-08,9:35:48.041223602,T,KO,I,2,69.76
2025-12-08,9:35:51.416128470,T,KO,I,50,69.755
2025-12-08,9:35:51.521995659,T,KO,I,10,69.755
2025-12-08,9:35:51.818321402,T,KO,I,50,69.755
2025-12-08,9:35:53.205029313,T,KO,F,100,69.75
2025-12-08,9:35:53.205029313,T,KO,F I,27,69.75
2025-12-08,9:35:53.205032087,T,KO,F I,1,69.75
2025-12-08,9:35:53.205035590,T,KO,F I,28,69.75
2025-12-08,9:35:53.205038115,T,KO,F I,2,69.75
2025-12-08,9:35:53.925379577,T,KO,I,11,69.74
2025-12-08,9:35:53.925379577,T,KO,,171,69.74
2025-12-08,9:35:53.930927843,T,KO,I,39,69.74
2025-12-08,9:35:53.930927843,T,KO,I,4,69.74
2025-12-08,9:35:53.931042141,T,KO,I,43,69.745
2025-12-08,9:35:54.080227373,T,KO,F,110,69.745
2025-12-08,9:35:54.080227373,T,KO,F I,4,69.74
2025-12-08,9:35:54.080230854,T,KO,F I,2,69.74
2025-12-08,9:35:58.312829144,T,KO,F I,3,69.75
2025-12-08,9:35:58.312832342,T,KO,F,116,69.75
2025-12-08,9:35:58.312832342,T,KO,F I,50,69.75
2025-12-08,9:36:00.445658817,T,KO,I,37,69.75
2025-12-08,9:36:00.445661946,T,KO,I,4,69.75
2025-12-08,9:36:00.445661946,T,KO,I,63,69.75
2025-12-08,9:36:00.445674021,T,KO,I,1,69.75
2025-12-08,9:36:01.201975078,T,KO,F I,8,69.75
2025-12-08,9:36:01.201993180,T,KO,F I,92,69.75
2025-12-08,9:36:01.201996143,T,KO,F I,32,69.75
2025-12-08,9:36:01.201999127,T,KO,F I,50,69.75
2025-12-08,9:36:01.202522423,T,KO,I,50,69.75
2025-12-08,9:36:02.564066230,T,KO,,110,69.755
2025-12-08,9:36:02.564069181,T,KO,I,68,69.75
2025-12-08,9:36:04.353038951,T,KO,I,20,69.76
2025-12-08,9:36:04.353038951,T,KO,I,10,69.76
2025-12-08,9:36:04.353042009,T,KO,I,1,69.76
2025-12-08,9:36:04.353044930,T,KO,,100,69.76
2025-12-08,9:36:04.353044930,T,KO,I,12,69.76
2025-12-08,9:36:04.353047893,T,KO,I,35,69.76
2025-12-08,9:36:04.380587508,T,KO,,100,69.765
2025-12-08,9:36:04.380593551,T,KO,,100,69.76
2025-12-08,9:36:04.380596492,T,KO,,100,69.76
2025-12-08,9:36:04.380599487,T,KO,I,25,69.76
2025-12-08,9:36:04.380602658,T,KO,I,10,69.76
2025-12-08,9:36:04.380611521,T,KO,I,1,69.76
2025-12-08,9:36:04.380665682,T,KO,I,10,69.76
2025-12-08,9:36:07.232363506,T,KO,I,18,69.75
2025-12-08,9:36:07.232363506,T,KO,I,31,69.75
2025-12-08,9:36:13.412658870,T,KO,I,50,69.745
2025-12-08,9:36:13.544285402,T,KO,F,110,69.745
2025-12-08,9:36:13.544289018,T,KO,F I,1,69.74
2025-12-08,9:36:18.773815863,T,KO,I,28,69.75
2025-12-08,9:36:18.773818461,T,KO,I,50,69.75
2025-12-08,9:36:18.773818461,T,KO,I,13,69.75
2025-12-08,9:36:18.862490677,T,KO,F,100,69.76
2025-12-08,9:36:26.131923271,T,KO,F I,2,69.77
2025-12-08,9:36:26.131923271,T,KO,F I,1,69.77
2025-12-08,9:36:26.131971724,T,KO,F,100,69.77
2025-12-08,9:36:26.131974166,T,KO,F,147,69.77
2025-12-08,9:36:26.131977238,T,KO,F I,50,69.77
2025-12-08,9:36:26.426462538,T,KO,F I,6,69.78
2025-12-08,9:36:29.212517074,T,KO,F I,4,69.78
2025-12-08,9:36:29.212520015,T,KO,F I,10,69.78
2025-12-08,9:36:29.413518773,T,KO,F I,1,69.77
2025-12-08,9:36:29.413521727,T,KO,F I,32,69.77
2025-12-08,9:36:29.494561856,T,KO,F,120,69.76
2025-12-08,9:36:29.494561856,T,KO,F,100,69.76
2025-12-08,9:36:30.729176222,T,KO,I,2,69.74
2025-12-08,9:36:30.729197234,T,KO,I,23,69.74
2025-12-08,9:36:30.729200232,T,KO,I,1,69.74
2025-12-08,9:36:30.729212317,T,KO,I,23,69.74
2025-12-08,9:36:31.060646685,T,KO,I,2,69.74
2025-12-08,9:36:32.070145003,T,KO,I,2,69.74
2025-12-08,9:36:33.075297866,T,KO,I,2,69.74
2025-12-08,9:36:34.417238000,T,KO,I,1,69.74
2025-12-08,9:36:34.697255845,T,KO,F I,4,69.74
2025-12-08,9:36:34.697258899,T,KO,F,100,69.74
2025-12-08,9:36:34.697824414,T,KO,I,4,69.74
2025-12-08,9:36:39.217973933,T,KO,F,100,69.76
2025-12-08,9:36:39.217973933,T,KO,F I,1,69.76
2025-12-08,9:36:39.219459298,T,KO,F,100,69.76
2025-12-08,9:36:39.219462374,T,KO,F I,4,69.76
2025-12-08,9:36:39.219465296,T,KO,F I,41,69.76
2025-12-08,9:36:39.220794504,T,KO,F,110,69.755
2025-12-08,9:36:39.220830561,T,KO,F,110,69.755
2025-12-08,9:36:39.220839597,T,KO,F I,50,69.755
2025-12-08,9:36:39.220845644,T,KO,F,100,69.75
2025-12-08,9:36:39.220845644,T,KO,F I,10,69.75
2025-12-08,9:36:41.610613402,T,KO,F I,4,69.75
2025-12-08,9:36:41.610616467,T,KO,F I,41,69.75
2025-12-08,9:36:41.610619266,T,KO,F,100,69.75
2025-12-08,9:36:41.858971786,T,KO,,100,69.755
2025-12-08,9:36:43.345947312,T,KO,F I,10,69.75
2025-12-08,9:36:43.345947312,T,KO,F I,25,69.75
2025-12-08,9:36:43.370146331,T,KO,,100,69.745
2025-12-08,9:36:43.370149077,T,KO,,100,69.74
2025-12-08,9:36:43.370149077,T,KO,,100,69.74
2025-12-08,9:36:43.370151943,T,KO,I,80,69.74
2025-12-08,9:36:43.370163954,T,KO,I,1,69.74
2025-12-08,9:36:43.370182615,T,KO,I,24,69.74
2025-12-08,9:36:43.714438871,T,KO,,100,69.74
2025-12-08,9:36:45.532557010,T,KO,F I,69,69.74
2025-12-08,9:36:53.133751533,T,KO,I,10,69.74
2025-12-08,9:36:53.133992109,T,KO,F I,30,69.74
2025-12-08,9:36:53.133995727,T,KO,F I,39,69.74
2025-12-08,9:36:53.133995727,T,KO,F I,4,69.74
2025-12-08,9:36:53.133998116,T,KO,F,100,69.74
2025-12-08,9:36:54.266829154,T,KO,,100,69.745
2025-12-08,9:36:54.346242352,T,KO,F I,39,69.745
2025-12-08,9:36:54.346455775,T,KO,I,50,69.745
2025-12-08,9:36:54.362306549,T,KO,I,39,69.74
2025-12-08,9:36:54.421517621,T,KO,,100,69.74
2025-12-08,9:36:57.606255576,T,KO,,350,69.745
2025-12-08,9:36:58.103510839,T,KO,,200,69.735
2025-12-08,9:36:58.235368976,T,KO,F I,10,69.73
2025-12-08,9:36:58.235910270,T,KO,F I,17,69.73
2025-12-08,9:37:02.308822496,T,KO,F,300,69.73
2025-12-08,9:37:02.309526988,T,KO,F,100,69.74
2025-12-08,9:37:02.309526988,T,KO,F I,11,69.74
2025-12-08,9:37:04.858138132,T,KO,I,11,69.74
2025-12-08,9:37:04.858141194,T,KO,,100,69.74
2025-12-08,9:37:04.858141194,T,KO,I,50,69.74
2025-12-08,9:37:08.488357094,T,KO,F I,10,69.74
2025-12-08,9:37:09.033574143,T,KO,F I,11,69.74
2025-12-08,9:37:09.763372842,T,KO,F I,12,69.74
2025-12-08,9:37:09.780576772,T,KO,,100,69.735
2025-12-08,9:37:09.780579820,T,KO,I,98,69.735
2025-12-08,9:37:12.208204739,T,KO,F,100,69.76
2025-12-08,9:37:14.825109285,T,KO,,100,69.76
2025-12-08,9:37:17.033629131,T,KO,I,11,69.75
2025-12-08,9:37:17.033629131,T,KO,I,5,69.75
2025-12-08,9:37:17.034098313,T,KO,F I,95,69.75
2025-12-08,9:37:17.055304738,T,KO,I,80,69.74
2025-12-08,9:37:17.055518294,T,KO,F I,20,69.74
2025-12-08,9:37:17.076222609,T,KO,F,100,69.735
2025-12-08,9:37:17.076544326,T,KO,F I,43,69.73
2025-12-08,9:37:17.076568460,T,KO,F I,57,69.73
2025-12-08,9:37:17.078129128,T,KO,,100,69.73
2025-12-08,9:37:17.536643119,T,KO,,100,69.73
2025-12-08,9:37:18.050651378,T,KO,I,13,69.73
2025-12-08,9:37:18.434016505,T,KO,I,87,69.73
2025-12-08,9:37:20.535270945,T,KO,I,10,69.72
2025-12-08,9:37:21.615350313,T,KO,,200,69.71
2025-12-08,9:37:27.515796227,T,KO,F,100,69.69
2025-12-08,9:37:27.515799548,T,KO,F I,1,69.69
2025-12-08,9:37:27.515799548,T,KO,F,200,69.69
2025-12-08,9:37:32.005239582,T,KO,F,100,69.7
2025-12-08,9:37:32.005239582,T,KO,F I,20,69.7
2025-12-08,9:37:33.795643821,T,KO,I,13,69.715
2025-12-08,9:37:35.536934938,T,KO,I,10,69.72
2025-12-08,9:37:35.684589635,T,KO,I,10,69.71
2025-12-08,9:37:44.880241700,T,KO,F,100,69.72
2025-12-08,9:37:44.880256707,T,KO,I,1,69.72
2025-12-08,9:37:44.880280773,T,KO,F I,1,69.72
2025-12-08,9:37:45.083649160,T,KO,F I,13,69.72
2025-12-08,9:37:45.083649160,T,KO,F I,87,69.72
2025-12-08,9:37:47.068995592,T,KO,I,7,69.71
2025-12-08,9:37:47.068998590,T,KO,I,6,69.71
2025-12-08,9:37:48.341239011,T,KO,,100,69.7
2025-12-08,9:37:48.341239011,T,KO,I,40,69.7
2025-12-08,9:37:48.341241577,T,KO,I,25,69.7
2025-12-08,9:37:48.341253624,T,KO,I,1,69.7
2025-12-08,9:37:48.341334855,T,KO,F I,99,69.7
2025-12-08,9:37:48.341338014,T,KO,F,251,69.7
2025-12-08,9:37:48.341494841,T,KO,F I,49,69.7
2025-12-08,9:37:50.225736925,T,KO,F,100,69.7
2025-12-08,9:37:52.907767606,T,KO,F I,10,69.69
2025-12-08,9:37:52.907767606,T,KO,F I,1,69.69
2025-12-08,9:37:52.907773666,T,KO,I,10,69.69
2025-12-08,9:37:52.907791677,T,KO,F I,10,69.69
2025-12-08,9:37:52.907887925,T,KO,F I,10,69.69
2025-12-08,9:37:52.910865025,T,KO,I,69,69.69
2025-12-08,9:37:57.948592222,T,KO,F I,11,69.7
2025-12-08,9:37:57.948592222,T,KO,F I,89,69.7
2025-12-08,9:37:57.951996250,T,KO,F I,11,69.7
2025-12-08,9:38:01.714046988,T,KO,,100,69.69
2025-12-08,9:38:04.808864169,T,KO,I,4,69.7
2025-12-08,9:38:04.808867131,T,KO,I,68,69.7
2025-12-08,9:38:05.928482291,T,KO,F,100,69.695
2025-12-08,9:38:05.928482291,T,KO,F I,7,69.69
2025-12-08,9:38:05.928746306,T,KO,F I,3,69.69
2025-12-08,9:38:08.655743157,T,KO,I,2,69.69
2025-12-08,9:38:10.372971591,T,KO,I,20,69.68
2025-12-08,9:38:10.372971591,T,KO,I,10,69.68
2025-12-08,9:38:10.372974075,T,KO,I,1,69.68
2025-12-08,9:38:10.373996521,T,KO,,399,69.68
2025-12-08,9:38:10.708753718,T,KO,I,2,69.675
2025-12-08,9:38:10.760991126,T,KO,F I,4,69.68
2025-12-08,9:38:10.760991126,T,KO,F I,11,69.68
2025-12-08,9:38:11.778043501,T,KO,,100,69.675
2025-12-08,9:38:15.209783765,T,KO,I,4,69.67
2025-12-08,9:38:15.570120232,T,KO,I,25,69.67
2025-12-08,9:38:15.570123120,T,KO,,100,69.67
2025-12-08,9:38:15.570123120,T,KO,I,22,69.67
2025-12-08,9:38:15.570123120,T,KO,I,2,69.67
2025-12-08,9:38:17.347316705,T,KO,F I,10,69.66
2025-12-08,9:38:17.749317605,T,KO,I,4,69.66
2025-12-08,9:38:17.749317605,T,KO,I,50,69.66
2025-12-08,9:38:17.749323113,T,KO,I,17,69.66
2025-12-08,9:38:20.140910638,T,KO,F,100,69.67
2025-12-08,9:38:20.140910638,T,KO,F,100,69.67
2025-12-08,9:38:20.140910638,T,KO,F I,20,69.67
2025-12-08,9:38:20.140913078,T,KO,F I,50,69.67
2025-12-08,9:38:20.140916519,T,KO,F,124,69.67
2025-12-08,9:38:22.256989894,T,KO,F I,10,69.67
2025-12-08,9:38:22.256992903,T,KO,F I,79,69.67
2025-12-08,9:38:22.262171216,T,KO,I,21,69.67
2025-12-08,9:38:22.262929097,T,KO,I,18,69.67
2025-12-08,9:38:29.341379622,T,KO,F,100,69.67
2025-12-08,9:38:29.341427696,T,KO,F I,1,69.67
2025-12-08,9:38:29.341434614,T,KO,F I,24,69.67
2025-12-08,9:38:29.341434614,T,KO,F I,5,69.67
2025-12-08,9:38:29.341437980,T,KO,F I,21,69.67
2025-12-08,9:38:29.341442807,T,KO,F I,18,69.67
2025-12-08,9:38:29.341442807,T,KO,F,100,69.67
2025-12-08,9:38:29.341442807,T,KO,F I,11,69.67
2025-12-08,9:38:29.505351101,T,KO,I,8,69.66
2025-12-08,9:38:29.512532259,T,KO,I,13,69.66
2025-12-08,9:38:30.062993272,T,KO,,100,69.66
2025-12-08,9:38:30.062996248,T,KO,I,54,69.66
2025-12-08,9:38:30.063011281,T,KO,I,1,69.66
2025-12-08,9:38:30.063014297,T,KO,I,7,69.66
2025-12-08,9:38:31.689531099,T,KO,I,2,69.66
2025-12-08,9:38:38.828687528,T,KO,F I,1,69.65
2025-12-08,9:38:38.828687528,T,KO,F I,11,69.65
2025-12-08,9:38:38.828694225,T,KO,F I,60,69.65
2025-12-08,9:38:38.828694225,T,KO,F I,6,69.65
2025-12-08,9:38:38.828697043,T,KO,F I,11,69.65
2025-12-08,9:38:38.828697043,T,KO,F I,78,69.65
2025-12-08,9:38:38.828699399,T,KO,F I,11,69.65
2025-12-08,9:38:38.828702830,T,KO,F I,39,69.65
2025-12-08,9:38:38.828702830,T,KO,I,61,69.65
2025-12-08,9:38:38.830332117,T,KO,F,100,69.64
2025-12-08,9:38:38.830335200,T,KO,F I,40,69.64
2025-12-08,9:38:38.886506287,T,KO,F I,1,69.62
2025-12-08,9:38:38.886506287,T,KO,F,100,69.62
2025-12-08,9:38:38.886508922,T,KO,F I,99,69.62
2025-12-08,9:38:38.886527275,T,KO,I,1,69.62
2025-12-08,9:38:38.886527275,T,KO,I,6,69.62
2025-12-08,9:38:38.886530078,T,KO,I,1,69.62
2025-12-08,9:38:38.887597540,T,KO,F,100,69.62
2025-12-08,9:38:38.887615575,T,KO,I,1,69.62
2025-12-08,9:38:38.887621858,T,KO,F I,99,69.62
2025-12-08,9:38:38.887621858,T,KO,F I,23,69.62
2025-12-08,9:38:38.887627583,T,KO,F I,26,69.62
2025-12-08,9:38:38.887959350,T,KO,F,100,69.63
2025-12-08,9:38:38.938881728,T,KO,I,36,69.63
2025-12-08,9:38:38.938881728,T,KO,I,37,69.63
2025-12-08,9:38:38.938923913,T,KO,F I,7,69.63
2025-12-08,9:38:38.938968838,T,KO,F I,7,69.63
2025-12-08,9:38:43.764279223,T,KO,,100,69.62
2025-12-08,9:38:43.764282247,T,KO,I,10,69.62
2025-12-08,9:38:43.764297281,T,KO,I,7,69.62
2025-12-08,9:38:43.764303215,T,KO,I,44,69.62
2025-12-08,9:38:43.764303215,T,KO,I,1,69.62
2025-12-08,9:38:43.764306207,T,KO,I,44,69.62
2025-12-08,9:38:43.764697457,T,KO,F I,4,69.62
2025-12-08,9:38:43.764697457,T,KO,F,300,69.62
2025-12-08,9:38:43.764700180,T,KO,F I,46,69.62
2025-12-08,9:38:52.033208017,T,KO,,100,69.6
2025-12-08,9:38:52.033214086,T,KO,I,10,69.6
2025-12-08,9:38:52.033217097,T,KO,,300,69.6
2025-12-08,9:38:52.033226805,T,KO,I,1,69.6
2025-12-08,9:38:52.033229123,T,KO,I,7,69.6
2025-12-08,9:38:52.971478753,T,KO,F I,22,69.6
2025-12-08,9:38:52.971481735,T,KO,F I,11,69.6
2025-12-08,9:38:53.910961284,T,KO,I,11,69.62
2025-12-08,9:38:53.910964275,T,KO,I,2,69.62
2025-12-08,9:38:59.399347840,T,KO,I,50,69.63
2025-12-08,9:38:59.528090471,T,KO,I,1,69.63
2025-12-08,9:38:59.528093511,T,KO,I,25,69.63
2025-12-08,9:38:59.947628615,T,KO,I,10,69.64
2025-12-08,9:38:59.947632036,T,KO,I,1,69.64
2025-12-08,9:38:59.947632036,T,KO,I,25,69.64
2025-12-08,9:38:59.949141210,T,KO,I,35,69.64
2025-12-08,9:38:59.949144304,T,KO,I,4,69.64
2025-12-08,9:38:59.949147937,T,KO,,100,69.64
2025-12-08,9:38:59.949147937,T,KO,I,11,69.64
2025-12-08,9:39:00.515609461,T,KO,,100,69.63
2025-12-08,9:39:01.143847735,T,KO,F,100,69.62
2025-12-08,9:39:04.063744865,T,KO,F I,4,69.62
2025-12-08,9:39:04.063744865,T,KO,F I,35,69.62
2025-12-08,9:39:04.063747935,T,KO,F I,2,69.62
2025-12-08,9:39:04.109279383,T,KO,,100,69.635
2025-12-08,9:39:08.866865327,T,KO,I,99,69.63
2025-12-08,9:39:10.354712976,T,KO,,100,69.63
2025-12-08,9:39:14.277576903,T,KO,I,1,69.64
2025-12-08,9:39:14.460761808,T,KO,I,55,69.65
2025-12-08,9:39:14.485711672,T,KO,,200,69.66
2025-12-08,9:39:14.485711672,T,KO,I,25,69.66
2025-12-08,9:39:14.485714561,T,KO,,100,69.66
2025-12-08,9:39:15.735768127,T,KO,F I,10,69.66
2025-12-08,9:39:15.735768127,T,KO,F,100,69.66
2025-12-08,9:39:15.735776861,T,KO,F,110,69.66
2025-12-08,9:39:15.752719418,T,KO,F I,34,69.66
2025-12-08,9:39:15.752719418,T,KO,F I,3,69.66
2025-12-08,9:39:15.753071090,T,KO,,100,69.66
2025-12-08,9:39:15.753071090,T,KO,I,34,69.66
2025-12-08,9:39:15.753074819,T,KO,I,4,69.66
2025-12-08,9:39:15.753077016,T,KO,I,34,69.66
2025-12-08,9:39:15.753077016,T,KO,I,28,69.66
2025-12-08,9:39:15.753092093,T,KO,I,1,69.66
2025-12-08,9:39:15.753095150,T,KO,I,7,69.66
2025-12-08,9:39:19.816904775,T,KO,F I,8,69.66
2025-12-08,9:39:19.816907807,T,KO,F I,34,69.66
2025-12-08,9:39:23.654750200,T,KO,F,110,69.66
2025-12-08,9:39:30.169270792,T,KO,F I,11,69.65
2025-12-08,9:39:30.169270792,T,KO,F I,3,69.65
2025-12-08,9:39:30.169273687,T,KO,F I,30,69.65
2025-12-08,9:39:30.422750402,T,KO,F,200,69.65
2025-12-08,9:39:30.830175724,T,KO,,100,69.65
2025-12-08,9:39:37.030417674,T,KO,,100,69.645
2025-12-08,9:39:39.557432250,T,KO,I,10,69.64
2025-12-08,9:39:39.557435199,T,KO,I,61,69.64
2025-12-08,9:39:39.557459714,T,KO,F I,39,69.64
2025-12-08,9:39:40.037318168,T,KO,,100,69.63
2025-12-08,9:39:41.233753702,T,KO,I,4,69.63
2025-12-08,9:39:43.969817082,T,KO,F I,2,69.63
2025-12-08,9:39:47.822620219,T,KO,F I,22,69.63
2025-12-08,9:39:51.332564724,T,KO,F I,28,69.64
2025-12-08,9:39:51.332564724,T,KO,F I,2,69.64
2025-12-08,9:40:00.429888525,T,KO,I,10,69.64
2025-12-08,9:40:00.429891601,T,KO,I,1,69.64
2025-12-08,9:40:00.532637623,T,KO,I,1,69.65
2025-12-08,9:40:00.683804267,T,KO,I,3,69.65
2025-12-08,9:40:00.765806715,T,KO,,100,69.65
2025-12-08,9:40:03.994951817,T,KO,I,60,69.655
2025-12-08,9:40:03.994954355,T,KO,I,73,69.655
2025-12-08,9:40:05.167459219,T,KO,I,10,69.66
2025-12-08,9:40:05.167459219,T,KO,I,20,69.66
2025-12-08,9:40:05.168361018,T,KO,,172,69.665
2025-12-08,9:40:05.168433260,T,KO,,108,69.665
2025-12-08,9:40:05.168433260,T,KO,I,35,69.66
2025-12-08,9:40:05.168508811,T,KO,I,32,69.66
2025-12-08,9:40:05.168508811,T,KO,I,11,69.66
2025-12-08,9:40:05.168963166,T,KO,F I,32,69.66
2025-12-08,9:40:05.168963166,T,KO,F I,32,69.66
2025-12-08,9:40:06.559381047,T,KO,F I,10,69.67
2025-12-08,9:40:06.559381047,T,KO,F I,51,69.67
2025-12-08,9:40:08.396636802,T,KO,I,32,69.67
2025-12-08,9:40:08.396636802,T,KO,I,8,69.67
2025-12-08,9:40:11.889266444,T,KO,F I,4,69.67
2025-12-08,9:40:11.889269076,T,KO,F,100,69.67
2025-12-08,9:40:11.889284080,T,KO,I,1,69.67
2025-12-08,9:40:11.889293075,T,KO,F I,2,69.67
2025-12-08,9:40:11.890405722,T,KO,I,60,69.675
2025-12-08,9:40:14.450865998,T,KO,F I,20,69.67
2025-12-08,9:40:14.450869346,T,KO,F I,4,69.67
2025-12-08,9:40:14.450869346,T,KO,F I,24,69.67
2025-12-08,9:40:14.466966325,T,KO,I,17,69.67
2025-12-08,9:40:19.329421110,T,KO,F I,19,69.66
2025-12-08,9:40:19.329439100,T,KO,I,81,69.66
2025-12-08,9:40:19.329439100,T,KO,I,43,69.66
2025-12-08,9:40:19.329460425,T,KO,I,7,69.66
2025-12-08,9:40:19.329460425,T,KO,I,1,69.66
2025-12-08,9:40:19.329469211,T,KO,I,9,69.66
2025-12-08,9:40:19.329469211,T,KO,I,58,69.66
2025-12-08,9:40:19.329487268,T,KO,I,61,69.66
2025-12-08,9:40:19.329490263,T,KO,F,281,69.66
2025-12-08,9:40:19.329493315,T,KO,F I,29,69.66
2025-12-08,9:40:22.036213146,T,KO,F I,50,69.66
2025-12-08,9:40:22.036215823,T,KO,F I,62,69.66
2025-12-08,9:40:22.036215823,T,KO,F I,37,69.66
2025-12-08,9:40:22.036233901,T,KO,F I,1,69.66
2025-12-08,9:40:22.036519584,T,KO,F I,50,69.66
2025-12-08,9:40:23.594079077,T,KO,F I,2,69.67
2025-12-08,9:40:23.594409941,T,KO,I,60,69.67
2025-12-08,9:40:25.719833077,T,KO,F I,10,69.66
2025-12-08,9:40:29.195038849,T,KO,F I,5,69.67
2025-12-08,9:40:29.195044934,T,KO,F I,1,69.67
2025-12-08,9:40:29.195059960,T,KO,F I,19,69.67
2025-12-08,9:40:30.450384623,T,KO,F I,19,69.68
2025-12-08,9:40:33.634707647,T,KO,,100,69.685
2025-12-08,9:40:37.084863783,T,KO,,100,69.68
2025-12-08,9:40:37.099719171,T,KO,,100,69.675
2025-12-08,9:40:37.142938039,T,KO,F I,60,69.67
2025-12-08,9:40:37.142941125,T,KO,F I,10,69.67
2025-12-08,9:40:37.142941125,T,KO,F,100,69.67
2025-12-08,9:40:37.917880689,T,KO,F I,10,69.66
2025-12-08,9:40:37.918566342,T,KO,I,45,69.65
2025-12-08,9:40:37.918590430,T,KO,I,51,69.65
2025-12-08,9:40:37.962922032,T,KO,,100,69.655
2025-12-08,9:40:43.979411592,T,KO,F I,5,69.66
2025-12-08,9:40:43.979411592,T,KO,F I,95,69.66
2025-12-08,9:40:43.979429439,T,KO,I,1,69.66
2025-12-08,9:40:45.506021688,T,KO,F I,55,69.65
2025-12-08,9:40:45.506024304,T,KO,F I,1,69.65
2025-12-08,9:40:45.506024304,T,KO,F I,10,69.65
2025-12-08,9:40:45.506066375,T,KO,I,6,69.64
2025-12-08,9:40:48.111456962,T,KO,F I,2,69.65
2025-12-08,9:40:48.111460283,T,KO,F,104,69.65
2025-12-08,9:40:48.111462606,T,KO,F I,3,69.65
2025-12-08,9:40:50.813397718,T,KO,I,2,69.65
2025-12-08,9:41:00.318661149,T,KO,F I,10,69.64
2025-12-08,9:41:00.537350976,T,KO,F,100,69.64
2025-12-08,9:41:00.537372021,T,KO,F I,2,69.64
2025-12-08,9:41:00.545040268,T,KO,I,7,69.64
2025-12-08,9:41:00.545043272,T,KO,I,34,69.64
2025-12-08,9:41:00.545043272,T,KO,,100,69.64
2025-12-08,9:41:00.545058370,T,KO,I,1,69.64
2025-12-08,9:41:00.545064703,T,KO,I,7,69.64
2025-12-08,9:41:00.545064703,T,KO,I,17,69.64
2025-12-08,9:41:01.004462560,T,KO,I,10,69.64
2025-12-08,9:41:02.494625707,T,KO,I,10,69.64
2025-12-08,9:41:02.494646594,T,KO,F I,14,69.64
2025-12-08,9:41:02.494646594,T,KO,F I,5,69.64
2025-12-08,9:41:04.556062174,T,KO,I,19,69.66
2025-12-08,9:41:05.825397343,T,KO,I,50,69.675
2025-12-08,9:41:06.276249526,T,KO,F,121,69.68
2025-12-08,9:41:06.370177921,T,KO,F,100,69.69
2025-12-08,9:41:09.141629585,T,KO,,290,69.72
2025-12-08,9:41:10.240221079,T,KO,,100,69.725
2025-12-08,9:41:10.240224069,T,KO,I,20,69.72
2025-12-08,9:41:10.241321676,T,KO,I,34,69.72
2025-12-08,9:41:10.295435514,T,KO,I,66,69.72
2025-12-08,9:41:10.295435514,T,KO,I,34,69.72
2025-12-08,9:41:13.767625163,T,KO,F I,9,69.73
2025-12-08,9:41:13.769480557,T,KO,,100,69.735
2025-12-08,9:41:16.284171773,T,KO,F I,61,69.74
2025-12-08,9:41:16.285248587,T,KO,F I,34,69.74
2025-12-08,9:41:16.285248587,T,KO,F,100,69.74
2025-12-08,9:41:16.285255631,T,KO,F I,34,69.74
2025-12-08,9:41:16.285255631,T,KO,F I,7,69.74
2025-12-08,9:41:16.285260902,T,KO,F I,23,69.74
2025-12-08,9:41:16.285260902,T,KO,F,100,69.74
2025-12-08,9:41:16.285260902,T,KO,F I,98,69.74
2025-12-08,9:41:16.285263447,T,KO,F I,12,69.74
2025-12-08,9:41:19.781140354,T,KO,,100,69.735
2025-12-08,9:41:24.180681923,T,KO,,100,69.735
2025-12-08,9:41:24.180685016,T,KO,,100,69.73
2025-12-08,9:41:24.180687828,T,KO,I,20,69.73
2025-12-08,9:41:24.180690652,T,KO,I,10,69.73
2025-12-08,9:41:24.180700121,T,KO,I,7,69.73
2025-12-08,9:41:24.180700121,T,KO,F I,69,69.73
2025-12-08,9:41:24.180705717,T,KO,I,1,69.73
2025-12-08,9:41:24.180712233,T,KO,F I,13,69.73
2025-12-08,9:41:24.180714771,T,KO,F I,10,69.73
2025-12-08,9:41:24.181878467,T,KO,F I,37,69.73
2025-12-08,9:41:24.181882079,T,KO,F I,34,69.73
2025-12-08,9:41:28.047781363,T,KO,F,100,69.74
2025-12-08,9:41:28.047781363,T,KO,F I,50,69.74
2025-12-08,9:41:28.047783911,T,KO,I,27,69.74
2025-12-08,9:41:28.047786965,T,KO,F I,73,69.74
2025-12-08,9:41:28.048268002,T,KO,,100,69.74
2025-12-08,9:41:28.048271626,T,KO,I,37,69.74
2025-12-08,9:41:28.048271626,T,KO,I,17,69.74
2025-12-08,9:41:28.048274141,T,KO,I,37,69.74
2025-12-08,9:41:28.048280672,T,KO,,100,69.74
2025-12-08,9:41:28.048280672,T,KO,,110,69.74
2025-12-08,9:41:28.048283036,T,KO,,100,69.74
2025-12-08,9:41:28.048929632,T,KO,,100,69.745
2025-12-08,9:41:31.403175656,T,KO,F I,37,69.74
2025-12-08,9:41:31.403175656,T,KO,F I,63,69.74
2025-12-08,9:41:31.403193427,T,KO,I,1,69.74
2025-12-08,9:41:31.403443035,T,KO,I,36,69.74
2025-12-08,9:41:31.408786793,T,KO,F I,37,69.74
2025-12-08,9:41:31.408786793,T,KO,F I,1,69.74
2025-12-08,9:41:32.435491968,T,KO,I,37,69.74
2025-12-08,9:41:33.292202409,T,KO,F I,25,69.75
2025-12-08,9:41:33.292205412,T,KO,F,100,69.75
2025-12-08,9:41:33.531449257,T,KO,I,3,69.75
2025-12-08,9:41:33.531743887,T,KO,,100,69.755
2025-12-08,9:41:33.782063130,T,KO,I,70,69.755
2025-12-08,9:41:35.927396584,T,KO,F I,14,69.75
2025-12-08,9:41:35.927399933,T,KO,F I,3,69.75
2025-12-08,9:41:35.927399933,T,KO,F,100,69.75
2025-12-08,9:41:35.928250642,T,KO,,100,69.75
2025-12-08,9:41:41.340766586,T,KO,I,10,69.75
2025-12-08,9:41:41.340790559,T,KO,I,33,69.75
2025-12-08,9:41:49.080025991,T,KO,,100,69.75
2025-12-08,9:41:49.440969625,T,KO,F,100,69.76
2025-12-08,9:41:49.440972641,T,KO,F I,1,69.76
2025-12-08,9:41:49.442704811,T,KO,F I,7,69.77
2025-12-08,9:41:49.442707838,T,KO,F,100,69.77
2025-12-08,9:41:49.991556982,T,KO,I,1,69.77
2025-12-08,9:41:49.991560372,T,KO,,100,69.77
2025-12-08,9:41:49.991563091,T,KO,I,25,69.77
2025-12-08,9:41:49.991563091,T,KO,,100,69.77
2025-12-08,9:41:49.991572501,T,KO,I,7,69.77
2025-12-08,9:41:49.991575325,T,KO,I,1,69.77
2025-12-08,9:41:49.991965946,T,KO,F I,92,69.77
2025-12-08,9:41:50.137575760,T,KO,F I,37,69.77
2025-12-08,9:41:51.018271307,T,KO,I,6,69.78
2025-12-08,9:41:53.246785921,T,KO,I,16,69.79
2025-12-08,9:41:53.246789317,T,KO,F I,20,69.79
2025-12-08,9:41:58.796281027,T,KO,F,100,69.8
2025-12-08,9:41:58.796299055,T,KO,F I,45,69.8
2025-12-08,9:42:01.830186316,T,KO,F,100,69.81
2025-12-08,9:42:01.830186316,T,KO,F,100,69.81
2025-12-08,9:42:01.830188895,T,KO,F I,15,69.81
2025-12-08,9:42:01.830188895,T,KO,F I,2,69.81
2025-12-08,9:42:02.761582122,T,KO,,100,69.825
2025-12-08,9:42:02.761582122,T,KO,I,20,69.825
2025-12-08,9:42:05.006061682,T,KO,I,68,69.83
2025-12-08,9:42:05.006097807,T,KO,I,28,69.83
2025-12-08,9:42:07.239664318,T,KO,I,1,69.84
2025-12-08,9:42:07.450310028,T,KO,I,9,69.845
2025-12-08,9:42:07.581365174,T,KO,,100,69.845
2025-12-08,9:42:08.482473350,T,KO,F I,37,69.84
2025-12-08,9:42:08.482713932,T,KO,F I,17,69.84
2025-12-08,9:42:08.495810037,T,KO,I,37,69.83
2025-12-08,9:42:08.647304882,T,KO,I,10,69.825
2025-12-08,9:42:09.267907999,T,KO,F,100,69.83
2025-12-08,9:42:09.267907999,T,KO,F I,1,69.83
2025-12-08,9:42:09.268488356,T,KO,I,36,69.83
2025-12-08,9:42:09.268491792,T,KO,I,7,69.83
2025-12-08,9:42:09.268494382,T,KO,I,23,69.83
2025-12-08,9:42:09.556270758,T,KO,F I,1,69.83
2025-12-08,9:42:12.662103824,T,KO,F,100,69.83
2025-12-08,9:42:12.662107258,T,KO,F I,36,69.83
2025-12-08,9:42:13.342263721,T,KO,F,200,69.83
2025-12-08,9:42:13.343015505,T,KO,I,52,69.82
2025-12-08,9:42:27.616278701,T,KO,F,100,69.87
2025-12-08,9:42:35.428660315,T,KO,,100,69.895
2025-12-08,9:42:36.910536171,T,KO,,100,69.895
2025-12-08,9:42:36.910981254,T,KO,F,100,69.89
2025-12-08,9:42:36.910983870,T,KO,F I,3,69.89
2025-12-08,9:42:36.910983870,T,KO,F I,37,69.89
2025-12-08,9:42:36.910986708,T,KO,F,100,69.89
2025-12-08,9:42:36.911002336,T,KO,I,7,69.89
2025-12-08,9:42:36.911004796,T,KO,I,1,69.89
2025-12-08,9:42:36.911007773,T,KO,I,17,69.89
2025-12-08,9:42:42.344035496,T,KO,F I,10,69.885
2025-12-08,9:42:42.344035496,T,KO,F I,13,69.88
2025-12-08,9:42:42.344077636,T,KO,I,63,69.88
2025-12-08,9:42:42.344080543,T,KO,,211,69.88
2025-12-08,9:42:42.344102271,T,KO,I,5,69.88
2025-12-08,9:42:42.344105294,T,KO,I,20,69.88
2025-12-08,9:42:42.344105294,T,KO,I,1,69.88
2025-12-08,9:42:42.344107708,T,KO,,100,69.88
2025-12-08,9:42:42.344709085,T,KO,F I,1,69.88
2025-12-08,9:42:42.344736171,T,KO,F,162,69.88
2025-12-08,9:42:42.344739626,T,KO,F I,10,69.88
2025-12-08,9:42:42.394552824,T,KO,F I,37,69.88
2025-12-08,9:42:42.394555909,T,KO,F,100,69.88
2025-12-08,9:42:42.394555909,T,KO,F I,1,69.88
2025-12-08,9:42:42.394558841,T,KO,F I,25,69.88
2025-12-08,9:42:56.532111867,T,KO,I,37,69.88
2025-12-08,9:42:56.532111867,T,KO,I,54,69.88
2025-12-08,9:42:56.532118871,T,KO,I,10,69.88
2025-12-08,9:42:56.532118871,T,KO,I,60,69.88
2025-12-08,9:42:56.532123910,T,KO,,100,69.88
2025-12-08,9:42:56.532133057,T,KO,I,1,69.88
2025-12-08,9:42:56.532133057,T,KO,I,3,69.88
2025-12-08,9:42:56.532136073,T,KO,F I,42,69.88
2025-12-08,9:43:00.168138233,T,KO,F I,10,69.87
2025-12-08,9:43:00.168174019,T,KO,F,100,69.87
2025-12-08,9:43:00.170098436,T,KO,F I,1,69.86
2025-12-08,9:43:06.621029470,T,KO,F I,1,69.86
2025-12-08,9:43:06.640587979,T,KO,I,5,69.875
2025-12-08,9:43:06.640591008,T,KO,,100,69.875
2025-12-08,9:43:09.183694615,T,KO,F I,25,69.9
2025-12-08,9:43:09.183696983,T,KO,F,100,69.9
2025-12-08,9:43:09.204852225,T,KO,F I,5,69.895
2025-12-08,9:43:09.204856571,T,KO,F,100,69.89
2025-12-08,9:43:09.204858335,T,KO,F,100,69.89
2025-12-08,9:43:09.204861318,T,KO,F I,50,69.89
2025-12-08,9:43:09.204861318,T,KO,F I,70,69.89
2025-12-08,9:43:09.220802244,T,KO,I,60,69.9
2025-12-08,9:43:09.221487945,T,KO,I,5,69.9
2025-12-08,9:43:09.244565048,T,KO,,100,69.9
2025-12-08,9:43:09.244565048,T,KO,I,25,69.9
2025-12-08,9:43:09.263055867,T,KO,,100,69.9
2025-12-08,9:43:09.263055867,T,KO,I,25,69.9
2025-12-08,9:43:09.269888137,T,KO,I,10,69.9
2025-12-08,9:43:09.357910853,T,KO,F,100,69.89
2025-12-08,9:43:09.357910853,T,KO,F I,25,69.89
2025-12-08,9:43:09.360701432,T,KO,,100,69.89
2025-12-08,9:43:09.504573167,T,KO,I,3,69.89
2025-12-08,9:43:10.363106537,T,KO,F,100,69.88
2025-12-08,9:43:19.177378074,T,KO,F I,7,69.88
2025-12-08,9:43:19.177378074,T,KO,F I,11,69.88
2025-12-08,9:43:19.177380658,T,KO,F I,67,69.88
2025-12-08,9:43:19.177383663,T,KO,F I,91,69.88
2025-12-08,9:43:20.284686841,T,KO,I,5,69.885
2025-12-08,9:43:20.285146936,T,KO,F I,5,69.885
2025-12-08,9:43:20.285146936,T,KO,F I,1,69.88
2025-12-08,9:43:22.474908224,T,KO,F I,4,69.88
2025-12-08,9:43:22.474911280,T,KO,F I,1,69.88
2025-12-08,9:43:26.049687386,T,KO,F,100,69.89
2025-12-08,9:43:26.049687386,T,KO,F I,50,69.89
2025-12-08,9:43:32.068774783,T,KO,I,24,69.92
2025-12-08,9:43:32.069701828,T,KO,F I,10,69.92
2025-12-08,9:43:32.069704588,T,KO,F I,34,69.92
2025-12-08,9:43:32.069707502,T,KO,F I,7,69.92
2025-12-08,9:43:32.069707502,T,KO,F I,25,69.92
2025-12-08,9:43:32.318104687,T,KO,I,4,69.91
2025-12-08,9:43:35.042782967,T,KO,F I,34,69.92
2025-12-08,9:43:35.968447662,T,KO,F I,25,69.93
2025-12-08,9:43:35.968450616,T,KO,F I,18,69.93
2025-12-08,9:43:35.968477696,T,KO,F,300,69.93
2025-12-08,9:43:39.462213717,T,KO,I,14,69.92
2025-12-08,9:43:41.143929942,T,KO,,265,69.915
2025-12-08,9:43:43.191446621,T,KO,I,35,69.915
2025-12-08,9:43:43.196026401,T,KO,,100,69.91
2025-12-08,9:43:43.196029411,T,KO,I,10,69.91
2025-12-08,9:43:44.501198472,T,KO,I,10,69.915
2025-12-08,9:43:49.190801045,T,KO,I,1,69.9
2025-12-08,9:43:49.193790197,T,KO,I,2,69.9
2025-12-08,9:43:51.988360847,T,KO,I,1,69.9
2025-12-08,9:43:51.988378930,T,KO,F I,99,69.9
2025-12-08,9:43:51.988382135,T,KO,F I,14,69.9
2025-12-08,9:43:51.988384950,T,KO,F I,13,69.9
2025-12-08,9:43:51.988388288,T,KO,F I,87,69.9
2025-12-08,9:43:52.133636943,T,KO,I,60,69.89
2025-12-08,9:43:54.689676681,T,KO,,100,69.91
2025-12-08,9:43:58.350057496,T,KO,I,50,69.915
2025-12-08,9:43:58.922645213,T,KO,F I,10,69.91
2025-12-08,9:44:07.559741207,T,KO,F I,2,69.91
2025-12-08,9:44:07.559741207,T,KO,F I,3,69.91
2025-12-08,9:44:07.560715390,T,KO,,100,69.915
2025-12-08,9:44:07.647718553,T,KO,F I,33,69.91
2025-12-08,9:44:11.773277191,T,KO,F I,33,69.91
2025-12-08,9:44:11.773280252,T,KO,F I,1,69.91
2025-12-08,9:44:11.897851934,T,KO,I,50,69.915
2025-12-08,9:44:17.235143650,T,KO,F I,7,69.93
2025-12-08,9:44:18.073558483,T,KO,I,50,69.945
2025-12-08,9:44:18.411677778,T,KO,I,10,69.94
2025-12-08,9:44:18.411683786,T,KO,,100,69.94
2025-12-08,9:44:35.518746256,T,KO,I,10,69.925
2025-12-08,9:44:36.670164666,T,KO,,100,69.925
2025-12-08,9:44:42.790446110,T,KO,I,10,69.925
2025-12-08,9:44:42.790750231,T,KO,F,100,69.925
2025-12-08,9:44:42.790750231,T,KO,F I,2,69.92
2025-12-08,9:44:43.504184053,T,KO,I,27,69.92
2025-12-08,9:44:43.682457675,T,KO,F I,73,69.92
2025-12-08,9:44:43.682460675,T,KO,F I,22,69.92
2025-12-08,9:44:45.197044916,T,KO,I,1,69.915
2025-12-08,9:44:45.995034403,T,KO,,100,69.915
2025-12-08,9:44:45.995037391,T,KO,I,20,69.915
2025-12-08,9:44:46.048982884,T,KO,,100,69.915
2025-12-08,9:44:46.126913591,T,KO,,100,69.915
2025-12-08,9:44:46.204507339,T,KO,,100,69.915
2025-12-08,9:44:47.463194219,T,KO,F I,99,69.915
2025-12-08,9:44:47.463197132,T,KO,F I,32,69.91
2025-12-08,9:44:47.463215414,T,KO,F I,68,69.91
2025-12-08,9:44:47.463218208,T,KO,F I,25,69.91
2025-12-08,9:44:47.463221383,T,KO,F I,3,69.91
2025-12-08,9:44:47.463224441,T,KO,F I,3,69.91
2025-12-08,9:44:47.463227708,T,KO,F I,17,69.91
2025-12-08,9:44:47.463239286,T,KO,I,7,69.91
2025-12-08,9:44:47.463239286,T,KO,I,1,69.91
2025-12-08,9:44:51.185173663,T,KO,,100,69.915
2025-12-08,9:44:52.550431240,T,KO,,350,69.915
2025-12-08,9:44:56.923735403,T,KO,F I,21,69.91
2025-12-08,9:44:56.923735403,T,KO,F I,79,69.91
2025-12-08,9:44:56.923738070,T,KO,F I,50,69.91
2025-12-08,9:44:56.923741047,T,KO,F,100,69.91
2025-12-08,9:44:56.923816951,T,KO,F I,25,69.91
2025-12-08,9:45:00.045358690,T,KO,F I,10,69.9
2025-12-08,9:45:00.045358690,T,KO,F,100,69.905
2025-12-08,9:45:00.045364768,T,KO,F I,28,69.9
2025-12-08,9:45:00.045466984,T,KO,I,26,69.9
2025-12-08,9:45:00.045494038,T,KO,I,26,69.9
2025-12-08,9:45:00.045524281,T,KO,I,10,69.9
2025-12-08,9:45:00.045527124,T,KO,I,10,69.9
2025-12-08,9:45:00.725921658,T,KO,,120,69.905
2025-12-08,9:45:00.738828407,T,KO,I,49,69.905
2025-12-08,9:45:01.417968866,T,KO,F I,1,69.91
2025-12-08,9:45:07.134085446,T,KO,I,1,69.91
2025-12-08,9:45:07.134085446,T,KO,I,2,69.91
2025-12-08,9:45:07.134105851,T,KO,F I,8,69.91
2025-12-08,9:45:14.938010307,T,KO,F I,10,69.88
2025-12-08,9:45:14.938028348,T,KO,F I,2,69.88
2025-12-08,9:45:14.938308001,T,KO,F I,10,69.88
2025-12-08,9:45:14.939116956,T,KO,,100,69.88
2025-12-08,9:45:15.071889110,T,KO,I,88,69.875
2025-12-08,9:45:15.071889110,T,KO,I,52,69.875
2025-12-08,9:45:15.138822576,T,KO,I,3,69.88
2025-12-08,9:45:15.138825538,T,KO,I,14,69.88
2025-12-08,9:45:15.473570874,T,KO,I,16,69.88
2025-12-08,9:45:15.694693946,T,KO,I,11,69.88
2025-12-08,9:45:15.694712016,T,KO,F I,73,69.88
2025-12-08,9:45:15.694714635,T,KO,F I,25,69.88
2025-12-08,9:45:17.321830503,T,KO,F I,7,69.88
2025-12-08,9:45:17.321834300,T,KO,F I,20,69.88
2025-12-08,9:45:17.321838868,T,KO,F I,11,69.88
2025-12-08,9:45:17.321838868,T,KO,F I,25,69.88
2025-12-08,9:45:18.275776816,T,KO,,300,69.875
2025-12-08,9:45:19.872053610,T,KO,I,15,69.875
2025-12-08,9:45:20.820545559,T,KO,F I,10,69.87
2025-12-08,9:45:20.986808827,T,KO,F I,35,69.87
2025-12-08,9:45:20.986808827,T,KO,F I,2,69.87
2025-12-08,9:45:20.986811695,T,KO,F I,25,69.87
2025-12-08,9:45:20.986814639,T,KO,F I,3,69.87
2025-12-08,9:45:22.098258719,T,KO,I,80,69.875
2025-12-08,9:45:23.099192552,T,KO,,200,69.88
2025-12-08,9:45:23.099192552,T,KO,,100,69.88
2025-12-08,9:45:23.145740456,T,KO,I,5,69.9
2025-12-08,9:45:23.152837378,T,KO,I,2,69.9
2025-12-08,9:45:24.652680515,T,KO,,100,69.91
2025-12-08,9:45:24.652915286,T,KO,F I,36,69.91
2025-12-08,9:45:24.652918021,T,KO,F,100,69.91
2025-12-08,9:45:24.652924192,T,KO,F I,35,69.91
2025-12-08,9:45:24.652927095,T,KO,F I,25,69.91
2025-12-08,9:45:24.652930101,T,KO,F,100,69.91
2025-12-08,9:45:25.721705597,T,KO,I,5,69.91
2025-12-08,9:45:25.721705597,T,KO,I,1,69.91
2025-12-08,9:45:25.721708546,T,KO,I,35,69.91
2025-12-08,9:45:25.721711561,T,KO,,100,69.91
2025-12-08,9:45:25.725236087,T,KO,F I,37,69.91
2025-12-08,9:45:25.725236087,T,KO,F I,2,69.91
2025-12-08,9:45:25.725238945,T,KO,F,100,69.91
2025-12-08,9:45:25.750020966,T,KO,I,1,69.91
2025-12-08,9:45:25.750026987,T,KO,I,37,69.91
2025-12-08,9:45:25.750030087,T,KO,,100,69.91
2025-12-08,9:45:25.909145059,T,KO,I,38,69.91
2025-12-08,9:45:25.909145059,T,KO,,100,69.91
2025-12-08,9:45:28.027531332,T,KO,F I,11,69.9
2025-12-08,9:45:28.035274712,T,KO,,120,69.895
2025-12-08,9:45:28.718712536,T,KO,I,38,69.9
2025-12-08,9:45:28.718715506,T,KO,,100,69.9
2025-12-08,9:45:28.718715506,T,KO,,100,69.9
2025-12-08,9:45:30.776711908,T,KO,,120,69.915
2025-12-08,9:45:30.841209570,T,KO,I,52,69.915
2025-12-08,9:45:31.371128614,T,KO,,172,69.915
2025-12-08,9:45:31.371453405,T,KO,I,76,69.915
2025-12-08,9:45:34.465989196,T,KO,F,100,69.91
2025-12-08,9:45:34.465992456,T,KO,F,100,69.91
2025-12-08,9:45:34.465997941,T,KO,F I,25,69.91
2025-12-08,9:45:37.699641169,T,KO,I,3,69.91
2025-12-08,9:45:37.699644188,T,KO,I,2,69.91
2025-12-08,9:45:41.448640040,T,KO,,100,69.915
2025-12-08,9:45:42.516492408,T,KO,,100,69.905
2025-12-08,9:45:44.376275372,T,KO,I,14,69.905
2025-12-08,9:45:44.376304773,T,KO,I,19,69.905
2025-12-08,9:45:51.159001164,T,KO,I,2,69.91
2025-12-08,9:45:51.159034115,T,KO,I,18,69.91
2025-12-08,9:45:51.159037115,T,KO,I,40,69.91
2025-12-08,9:45:57.873474148,T,KO,F,100,69.91
2025-12-08,9:45:57.873474148,T,KO,F I,25,69.91
2025-12-08,9:45:57.873476716,T,KO,F,100,69.91
2025-12-08,9:45:57.878285143,T,KO,F I,10,69.91
2025-12-08,9:45:57.879611381,T,KO,F I,35,69.91
2025-12-08,9:45:57.879611381,T,KO,F I,68,69.91
2025-12-08,9:45:57.879629368,T,KO,I,1,69.91
2025-12-08,9:45:59.389315014,T,KO,F,100,69.91
2025-12-08,9:46:04.717973064,T,KO,I,1,69.92
2025-12-08,9:46:04.717976104,T,KO,I,1,69.92
2025-12-08,9:46:04.718030359,T,KO,I,72,69.925
2025-12-08,9:46:07.096623351,T,KO,F,100,69.93
2025-12-08,9:46:07.096626550,T,KO,F I,25,69.93
2025-12-08,9:46:07.096626550,T,KO,F I,3,69.93
2025-12-08,9:46:08.188689192,T,KO,F I,1,69.94
2025-12-08,9:46:09.819674776,T,KO,F I,35,69.95
2025-12-08,9:46:09.847039861,T,KO,I,24,69.95
2025-12-08,9:46:11.373033282,T,KO,F I,24,69.95
2025-12-08,9:46:11.373033282,T,KO,F I,25,69.95
2025-12-08,9:46:15.528299736,T,KO,F,200,69.96
2025-12-08,9:46:15.528315027,T,KO,F I,25,69.96
2025-12-08,9:46:15.528317745,T,KO,F I,3,69.96
2025-12-08,9:46:17.547747583,T,KO,F I,17,69.96
2025-12-08,9:46:17.547750492,T,KO,F,100,69.96
2025-12-08,9:46:17.548078228,T,KO,I,20,69.96
2025-12-08,9:46:17.548493750,T,KO,F I,80,69.96
2025-12-08,9:46:17.548493750,T,KO,F I,36,69.96
2025-12-08,9:46:17.548496369,T,KO,F I,1,69.96
2025-12-08,9:46:17.548499298,T,KO,F,100,69.96
2025-12-08,9:46:17.548503016,T,KO,F I,10,69.96
2025-12-08,9:46:17.548503016,T,KO,F,113,69.96
2025-12-08,9:46:17.548505309,T,KO,F I,7,69.96
2025-12-08,9:46:17.548547390,T,KO,,100,69.96
2025-12-08,9:46:17.548551049,T,KO,I,72,69.96
2025-12-08,9:46:20.206259180,T,KO,,100,69.965
2025-12-08,9:46:21.423230706,T,KO,F I,36,69.96
2025-12-08,9:46:21.423230706,T,KO,F,100,69.96
2025-12-08,9:46:21.508185899,T,KO,F,100,69.96
2025-12-08,9:46:21.508189807,T,KO,F I,37,69.96
2025-12-08,9:46:21.508192212,T,KO,F I,7,69.96
2025-12-08,9:46:21.508195487,T,KO,F I,99,69.96
2025-12-08,9:46:21.508195487,T,KO,F,100,69.96
2025-12-08,9:46:21.508198676,T,KO,F I,1,69.96
2025-12-08,9:46:22.703508814,T,KO,F I,2,69.97
2025-12-08,9:46:22.703526868,T,KO,I,21,69.97
2025-12-08,9:46:25.281329334,T,KO,I,77,69.97
2025-12-08,9:46:25.281332412,T,KO,I,23,69.97
2025-12-08,9:46:28.054708711,T,KO,I,23,69.97
2025-12-08,9:46:28.054708711,T,KO,I,37,69.97
2025-12-08,9:46:28.054711719,T,KO,I,8,69.97
2025-12-08,9:46:35.253999074,T,KO,I,50,69.98
2025-12-08,9:46:35.259902074,T,KO,I,39,69.98
2025-12-08,9:46:35.259905115,T,KO,,100,69.98
2025-12-08,9:46:35.259908162,T,KO,I,7,69.98
2025-12-08,9:46:35.259908162,T,KO,I,25,69.98
2025-12-08,9:46:35.259911166,T,KO,,100,69.98
2025-12-08,9:46:36.038540579,T,KO,,100,69.975
2025-12-08,9:46:38.638292450,T,KO,F I,39,69.98
2025-12-08,9:46:38.638292450,T,KO,F I,25,69.98
2025-12-08,9:46:38.638295369,T,KO,F I,16,69.98
2025-12-08,9:46:42.075151034,T,KO,I,12,69.975
2025-12-08,9:46:42.075151034,T,KO,I,38,69.975
2025-12-08,9:46:43.846432444,T,KO,I,84,69.98
2025-12-08,9:46:48.041489694,T,KO,F I,14,69.98
2025-12-08,9:46:48.041493038,T,KO,F I,1,69.98
2025-12-08,9:46:48.041495728,T,KO,F I,17,69.98
2025-12-08,9:46:48.041507727,T,KO,I,15,69.98
2025-12-08,9:46:48.041607458,T,KO,F I,15,69.98
2025-12-08,9:46:48.041649042,T,KO,I,15,69.98
2025-12-08,9:46:48.072358215,T,KO,I,38,69.975
2025-12-08,9:46:48.072361268,T,KO,I,2,69.975
2025-12-08,9:46:48.072370728,T,KO,F I,46,69.975
2025-12-08,9:46:48.072382334,T,KO,I,52,69.975
2025-12-08,9:46:48.072517623,T,KO,F I,4,69.97
2025-12-08,9:46:48.072520649,T,KO,F I,20,69.97
2025-12-08,9:46:48.072524086,T,KO,F I,16,69.97
2025-12-08,9:46:48.811753419,T,KO,F,100,69.96
2025-12-08,9:46:48.811753419,T,KO,F I,15,69.96
2025-12-08,9:46:59.395270766,T,KO,F,100,69.97
2025-12-08,9:46:59.395270766,T,KO,F I,4,69.97
2025-12-08,9:47:02.928097221,T,KO,F I,25,69.97
2025-12-08,9:47:02.928099794,T,KO,F I,10,69.97
2025-12-08,9:47:02.928099794,T,KO,F I,40,69.97
2025-12-08,9:47:02.928103007,T,KO,F,100,69.97
2025-12-08,9:47:02.928105911,T,KO,F I,12,69.97
2025-12-08,9:47:02.928105911,T,KO,F I,20,69.97
2025-12-08,9:47:02.928108779,T,KO,F I,6,69.97
2025-12-08,9:47:02.928123900,T,KO,,112,69.97
2025-12-08,9:47:08.121378476,T,KO,F,150,69.99
2025-12-08,9:47:19.294152562,T,KO,F I,16,69.99
2025-12-08,9:47:19.294158611,T,KO,F I,16,69.99
2025-12-08,9:47:19.294161755,T,KO,I,16,69.99
2025-12-08,9:47:19.294167592,T,KO,F I,2,69.99
2025-12-08,9:47:19.294170622,T,KO,I,16,69.99
2025-12-08,9:47:19.294224807,T,KO,I,20,69.99
2025-12-08,9:47:19.294293922,T,KO,I,16,69.99
2025-12-08,9:47:21.207700430,T,KO,,114,69.985
2025-12-08,9:47:21.223626003,T,KO,F I,22,69.985
2025-12-08,9:47:27.840429100,T,KO,,100,69.985
2025-12-08,9:47:34.727004727,T,KO,,100,69.985
2025-12-08,9:47:34.852722145,T,KO,,100,69.985
2025-12-08,9:47:35.366039167,T,KO,F,100,69.99
2025-12-08,9:47:41.285117194,T,KO,F I,5,70.0
2025-12-08,9:47:41.285117194,T,KO,F I,95,70.0
2025-12-08,9:47:41.285135345,T,KO,I,1,70.0
2025-12-08,9:47:41.285135345,T,KO,I,4,70.0
2025-12-08,9:47:41.285138103,T,KO,I,42,70.0
2025-12-08,9:47:41.285156163,T,KO,I,12,70.0
2025-12-08,9:47:43.062966651,T,KO,F I,7,69.99
2025-12-08,9:47:43.062966651,T,KO,F I,3,69.99
2025-12-08,9:47:43.062970214,T,KO,F I,10,69.99
2025-12-08,9:47:43.062973156,T,KO,F I,20,69.99
2025-12-08,9:47:43.062973156,T,KO,F I,60,69.99
2025-12-08,9:47:43.062976213,T,KO,F I,40,69.99
2025-12-08,9:47:43.062976213,T,KO,F I,20,69.99
2025-12-08,9:47:43.062981309,T,KO,F,100,69.99
2025-12-08,9:47:43.062981309,T,KO,F I,43,69.99
2025-12-08,9:47:43.062985041,T,KO,I,57,69.99
2025-12-08,9:47:43.062985041,T,KO,,100,69.99
2025-12-08,9:47:43.488455774,T,KO,I,1,69.99
2025-12-08,9:47:43.489839046,T,KO,F I,46,70.0
2025-12-08,9:47:43.489842073,T,KO,F,102,70.0
2025-12-08,9:47:43.494415939,T,KO,,100,70.01
2025-12-08,9:47:43.494419198,T,KO,I,25,70.01
2025-12-08,9:47:43.494419198,T,KO,I,41,70.01
2025-12-08,9:47:43.494425249,T,KO,,200,70.01
2025-12-08,9:47:43.494425249,T,KO,I,11,70.01
2025-12-08,9:47:43.494434304,T,KO,I,1,70.01
2025-12-08,9:47:43.494436938,T,KO,I,7,70.01
2025-12-08,9:47:43.591243493,T,KO,I,25,70.01
2025-12-08,9:47:43.591246569,T,KO,I,3,70.01
2025-12-08,9:47:43.591246569,T,KO,I,51,70.01
2025-12-08,9:47:57.746084580,T,KO,,100,70.03
2025-12-08,9:47:57.746084580,T,KO,I,25,70.03
2025-12-08,9:47:57.746670994,T,KO,F,100,70.03
2025-12-08,9:47:57.747519956,T,KO,F,100,70.035
2025-12-08,9:47:57.747522008,T,KO,F I,38,70.03
2025-12-08,9:47:57.747525713,T,KO,F,100,70.03
2025-12-08,9:47:57.747528014,T,KO,F I,7,70.03
2025-12-08,9:47:57.747528014,T,KO,F,100,70.03
2025-12-08,9:48:01.199804405,T,KO,F I,10,70.02
2025-12-08,9:48:01.199807445,T,KO,F,100,70.02
2025-12-08,9:48:01.199811185,T,KO,F I,14,70.02
2025-12-08,9:48:01.199825706,T,KO,F I,60,70.02
2025-12-08,9:48:01.199825706,T,KO,I,7,70.02
2025-12-08,9:48:01.199828603,T,KO,I,1,70.02
2025-12-08,9:48:01.199852508,T,KO,F I,18,70.02
2025-12-08,9:48:01.199855552,T,KO,F,100,70.02
2025-12-08,9:48:01.199859170,T,KO,F I,6,70.02
2025-12-08,9:48:01.199861527,T,KO,I,94,70.02
2025-12-08,9:48:01.199861527,T,KO,,100,70.02
2025-12-08,9:48:02.654236203,T,KO,F I,38,70.02
2025-12-08,9:48:02.661143674,T,KO,F I,19,70.02
2025-12-08,9:48:04.140841907,T,KO,I,6,70.025
2025-12-08,9:48:07.704870226,T,KO,F I,50,70.03
2025-12-08,9:48:07.993684074,T,KO,F I,2,70.04
2025-12-08,9:48:08.164421744,T,KO,F,100,70.05
2025-12-08,9:48:08.165353986,T,KO,I,38,70.05
2025-12-08,9:48:08.165356978,T,KO,,100,70.05
2025-12-08,9:48:09.594685308,T,KO,F I,38,70.05
2025-12-08,9:48:09.594685308,T,KO,F I,25,70.05
2025-12-08,9:48:09.650176298,T,KO,I,38,70.05
2025-12-08,9:48:09.650179343,T,KO,I,20,70.05
2025-12-08,9:48:09.650182342,T,KO,I,2,70.05
2025-12-08,9:48:14.717527238,T,KO,F I,7,70.05
2025-12-08,9:48:14.717527238,T,KO,F I,38,70.05
2025-12-08,9:48:15.035140621,T,KO,F I,1,70.06
2025-12-08,9:48:15.035176654,T,KO,F I,1,70.06
2025-12-08,9:48:15.035296932,T,KO,F I,1,70.06
2025-12-08,9:48:15.035375082,T,KO,F I,1,70.06
2025-12-08,9:48:15.035417224,T,KO,F I,1,70.06
2025-12-08,9:48:16.925253204,T,KO,,100,70.065
2025-12-08,9:48:21.281124536,T,KO,,100,70.075
2025-12-08,9:48:33.324189099,T,KO,I,29,70.075
2025-12-08,9:48:34.002487615,T,KO,I,8,70.075
2025-12-08,9:48:36.088823620,T,KO,,100,70.075
2025-12-08,9:48:38.061423473,T,KO,F,100,70.075
2025-12-08,9:48:38.061425795,T,KO,F I,26,70.07
2025-12-08,9:48:38.061428732,T,KO,F I,40,70.07
2025-12-08,9:48:38.061447563,T,KO,F I,60,70.07
2025-12-08,9:48:38.061447563,T,KO,F I,12,70.07
2025-12-08,9:48:38.061450080,T,KO,F I,3,70.07
2025-12-08,9:48:38.061453291,T,KO,F I,25,70.07
2025-12-08,9:48:38.061507082,T,KO,F I,10,70.07
2025-12-08,9:48:38.606119052,T,KO,,100,70.06
2025-12-08,9:48:38.727644441,T,KO,I,58,70.05
2025-12-08,9:48:40.188024600,T,KO,F,100,70.05
2025-12-08,9:48:46.012599937,T,KO,F,100,70.04
2025-12-08,9:48:46.012602801,T,KO,F I,13,70.04
2025-12-08,9:48:46.264497711,T,KO,,100,70.035
2025-12-08,9:48:56.173105811,T,KO,F I,3,70.02
2025-12-08,9:48:56.173105811,T,KO,F I,10,70.02
2025-12-08,9:48:56.173108895,T,KO,F I,25,70.02
2025-12-08,9:48:56.173123902,T,KO,F I,10,70.02
2025-12-08,9:48:56.174029027,T,KO,I,90,70.02
2025-12-08,9:48:57.939389473,T,KO,,100,70.015
2025-12-08,9:49:02.297326769,T,KO,F I,43,70.01
2025-12-08,9:49:02.297329686,T,KO,F I,10,70.01
2025-12-08,9:49:06.933609778,T,KO,F I,10,70.0
2025-12-08,9:49:06.934253338,T,KO,I,60,70.0
2025-12-08,9:49:06.934292633,T,KO,F,140,70.0
2025-12-08,9:49:06.934292633,T,KO,F,100,69.99
2025-12-08,9:49:06.948600568,T,KO,,100,69.985
2025-12-08,9:49:07.031535131,T,KO,F,100,69.985
2025-12-08,9:49:07.031553109,T,KO,F I,20,69.985
2025-12-08,9:49:09.523588327,T,KO,,200,69.99
2025-12-08,9:49:12.892987228,T,KO,F I,14,69.99
2025-12-08,9:49:13.111664934,T,KO,I,10,69.995
2025-12-08,9:49:13.268632913,T,KO,I,25,70.0
2025-12-08,9:49:13.268635883,T,KO,,100,70.0
2025-12-08,9:49:13.268638789,T,KO,I,60,70.0
2025-12-08,9:49:15.244678086,T,KO,F I,86,70.0
2025-12-08,9:49:15.245408817,T,KO,F I,35,70.0
2025-12-08,9:49:15.245411856,T,KO,F,100,70.0
2025-12-08,9:49:15.245415627,T,KO,F I,17,70.0
2025-12-08,9:49:17.982930743,T,KO,F I,1,70.005
2025-12-08,9:49:17.982933838,T,KO,F,100,70.01
2025-12-08,9:49:17.982936780,T,KO,F I,24,70.01
2025-12-08,9:49:17.982936780,T,KO,F I,1,70.01
2025-12-08,9:49:17.983369732,T,KO,I,34,70.01
2025-12-08,9:49:17.983373108,T,KO,I,29,70.01
2025-12-08,9:49:17.983373108,T,KO,I,35,70.01
2025-12-08,9:49:17.983376255,T,KO,I,25,70.01
2025-12-08,9:49:17.983376255,T,KO,I,14,70.01
2025-12-08,9:49:17.983390861,T,KO,I,86,70.01
2025-12-08,9:49:22.521649774,T,KO,F I,10,70.01
2025-12-08,9:49:22.521649774,T,KO,F I,3,70.01
2025-12-08,9:49:22.522254241,T,KO,F I,10,70.01
2025-12-08,9:49:27.619246676,T,KO,F I,10,70.0
2025-12-08,9:49:27.619270369,T,KO,F I,10,70.0
2025-12-08,9:49:27.619477839,T,KO,F I,10,70.0
2025-12-08,9:49:27.620801031,T,KO,,100,70.0
2025-12-08,9:49:29.261060572,T,KO,F I,34,70.0
2025-12-08,9:49:29.261060572,T,KO,F I,7,70.0
2025-12-08,9:49:29.261063532,T,KO,F I,59,70.0
2025-12-08,9:49:29.261078605,T,KO,F I,41,70.0
2025-12-08,9:49:29.261081560,T,KO,F I,25,70.0
2025-12-08,9:49:33.478473127,T,KO,I,3,70.01
2025-12-08,9:49:33.482917993,T,KO,I,33,70.01
2025-12-08,9:49:33.482917993,T,KO,I,7,70.01
2025-12-08,9:49:33.482920637,T,KO,I,90,70.01
2025-12-08,9:49:33.606707501,T,KO,F I,33,70.01
2025-12-08,9:49:35.419761631,T,KO,F,125,70.015
2025-12-08,9:49:42.627366775,T,KO,I,16,70.02
2025-12-08,9:49:42.627366775,T,KO,I,84,70.02
2025-12-08,9:49:42.627390903,T,KO,I,1,70.02
2025-12-08,9:49:42.627390903,T,KO,I,15,70.02
2025-12-08,9:49:42.627396810,T,KO,,120,70.02
2025-12-08,9:49:42.627396810,T,KO,I,53,70.02
2025-12-08,9:49:42.627414860,T,KO,F,100,70.02
2025-12-08,9:49:42.627435947,T,KO,I,1,70.02
2025-12-08,9:49:42.627439148,T,KO,I,6,70.02
2025-12-08,9:49:42.627442148,T,KO,I,8,70.02
2025-12-08,9:49:42.627444909,T,KO,F,100,70.02
2025-12-08,9:49:42.627447951,T,KO,F I,33,70.02
2025-12-08,9:49:42.627463079,T,KO,F,100,70.02
2025-12-08,9:49:42.627463079,T,KO,F I,50,70.02
2025-12-08,9:49:42.627502037,T,KO,I,50,70.02
2025-12-08,9:49:42.627532148,T,KO,I,12,70.02
2025-12-08,9:49:42.628314514,T,KO,I,21,70.02
2025-12-08,9:49:42.628320068,T,KO,I,21,70.02
2025-12-08,9:49:47.358799446,T,KO,I,5,70.03
2025-12-08,9:49:49.833408148,T,KO,I,2,70.05
2025-12-08,9:49:49.990237688,T,KO,I,2,70.05
2025-12-08,9:49:53.488722306,T,KO,I,3,70.05
2025-12-08,9:49:53.488722306,T,KO,I,51,70.05
2025-12-08,9:49:54.733245046,T,KO,F I,21,70.05
2025-12-08,9:49:54.733969743,T,KO,I,31,70.05
2025-12-08,9:49:54.733969743,T,KO,I,7,70.05
2025-12-08,9:49:54.733975740,T,KO,,100,70.05
2025-12-08,9:49:54.733975740,T,KO,,100,70.05
2025-12-08,9:49:54.733978717,T,KO,,300,70.055
2025-12-08,9:49:54.734018514,T,KO,F,100,70.05
2025-12-08,9:49:54.734029892,T,KO,F I,31,70.05
2025-12-08,9:49:54.734123121,T,KO,,100,70.05
2025-12-08,9:49:54.734144160,T,KO,I,1,70.05
2025-12-08,9:49:54.735344075,T,KO,F I,30,70.05
2025-12-08,9:49:54.735347192,T,KO,F,100,70.05
2025-12-08,9:49:54.735347192,T,KO,F I,13,70.05
2025-12-08,9:49:54.744188538,T,KO,F I,31,70.05
2025-12-08,9:49:54.744191193,T,KO,F I,27,70.05
2025-12-08,9:49:54.744194049,T,KO,F I,31,70.05
2025-12-08,9:49:54.744194049,T,KO,F,103,70.05
2025-12-08,9:49:54.744224485,T,KO,F I,31,70.05
2025-12-08,9:49:54.744269318,T,KO,F I,69,70.05
2025-12-08,9:49:54.744269318,T,KO,F,100,70.05
2025-12-08,9:49:55.732573138,T,KO,I,31,70.05
2025-12-08,9:49:55.733111410,T,KO,I,31,70.05
2025-12-08,9:49:55.733114384,T,KO,I,14,70.05
2025-12-08,9:49:58.549911087,T,KO,F I,31,70.06
2025-12-08,9:49:58.549911087,T,KO,F I,31,70.06
2025-12-08,9:49:58.549929761,T,KO,I,8,70.06
2025-12-08,9:49:58.550669437,T,KO,F I,4,70.06
2025-12-08,9:49:58.551201110,T,KO,F I,30,70.06
2025-12-08,9:49:58.551204260,T,KO,F I,17,70.06
2025-12-08,9:49:58.551204260,T,KO,F I,10,70.06
2025-12-08,9:49:58.551369574,T,KO,F I,40,70.06
2025-12-08,9:49:58.552746865,T,KO,,130,70.055
2025-12-08,9:49:58.735663535,T,KO,I,20,70.05
2025-12-08,9:49:58.735666490,T,KO,I,25,70.05
2025-12-08,9:49:58.735666490,T,KO,I,21,70.05
2025-12-08,9:49:59.732137822,T,KO,F I,30,70.05
2025-12-08,9:50:00.621494104,T,KO,I,4,70.06
2025-12-08,9:50:01.053481769,T,KO,I,53,70.06
2025-12-08,9:50:02.219837071,T,KO,F I,47,70.06
2025-12-08,9:50:02.219837071,T,KO,F I,10,70.06
2025-12-08,9:50:02.223234782,T,KO,,100,70.055
2025-12-08,9:50:02.223234782,T,KO,I,30,70.055
2025-12-08,9:50:04.869248706,T,KO,F,100,70.06
2025-12-08,9:50:06.840043779,T,KO,F I,11,70.07
2025-12-08,9:50:06.840047045,T,KO,F I,4,70.07
2025-12-08,9:50:06.840052924,T,KO,F,119,70.07
2025-12-08,9:50:06.840052924,T,KO,F I,25,70.07
2025-12-08,9:50:06.840055753,T,KO,F I,4,70.07
2025-12-08,9:50:06.840055753,T,KO,F I,16,70.07
2025-12-08,9:50:06.841096244,T,KO,,100,70.07
2025-12-08,9:50:06.841096244,T,KO,I,25,70.07
2025-12-08,9:50:06.841099034,T,KO,,100,70.07
2025-12-08,9:50:06.849461932,T,KO,I,33,70.07
2025-12-08,9:50:07.351460147,T,KO,F I,13,70.08
2025-12-08,9:50:07.351465534,T,KO,F I,25,70.08
2025-12-08,9:50:07.351465534,T,KO,F I,1,70.08
2025-12-08,9:50:08.862420255,T,KO,F I,33,70.08
2025-12-08,9:50:08.862420255,T,KO,F I,10,70.08
2025-12-08,9:50:10.507494171,T,KO,,100,70.075
2025-12-08,9:50:11.396086734,T,KO,F I,95,70.075
2025-12-08,9:50:11.396089783,T,KO,F I,5,70.075
2025-12-08,9:50:11.396092555,T,KO,F I,95,70.07
2025-12-08,9:50:11.396098571,T,KO,F I,5,70.07
2025-12-08,9:50:11.396098571,T,KO,F I,80,70.07
2025-12-08,9:50:15.756630964,T,KO,F I,10,70.06
2025-12-08,9:50:16.513750206,T,KO,,100,70.055
2025-12-08,9:50:17.200219167,T,KO,I,35,70.055
2025-12-08,9:50:17.200222158,T,KO,,100,70.055
2025-12-08,9:50:19.599781348,T,KO,F I,40,70.05
2025-12-08,9:50:19.599781348,T,KO,F I,60,70.05
2025-12-08,9:50:19.599787077,T,KO,F,100,70.05
2025-12-08,9:50:19.599787077,T,KO,F I,25,70.05
2025-12-08,9:50:19.599790172,T,KO,F I,75,70.05
2025-12-08,9:50:19.599796155,T,KO,F I,25,70.05
2025-12-08,9:50:25.177368975,T,KO,I,57,70.05
2025-12-08,9:50:25.177372087,T,KO,I,43,70.05
2025-12-08,9:50:25.293352466,T,KO,I,91,70.05
2025-12-08,9:50:25.293370320,T,KO,F I,9,70.05
2025-12-08,9:50:25.295971558,T,KO,F,100,70.06
2025-12-08,9:50:25.295992599,T,KO,F,100,70.06
2025-12-08,9:50:28.181379607,T,KO,F I,10,70.06
2025-12-08,9:50:28.181382763,T,KO,F I,35,70.06
2025-12-08,9:50:28.181382763,T,KO,F I,65,70.06
2025-12-08,9:50:28.818194461,T,KO,F I,7,70.06
2025-12-08,9:50:28.818197287,T,KO,F I,25,70.06
2025-12-08,9:50:28.818200343,T,KO,F I,1,70.06
2025-12-08,9:50:33.249455053,T,KO,I,31,70.055
2025-12-08,9:50:35.229481986,T,KO,I,4,70.06
2025-12-08,9:50:35.229484883,T,KO,I,19,70.06
2025-12-08,9:50:35.229487901,T,KO,I,13,70.06
2025-12-08,9:50:37.935751037,T,KO,,100,70.08
2025-12-08,9:50:37.935753429,T,KO,,100,70.08
2025-12-08,9:50:37.935756409,T,KO,,100,70.08
2025-12-08,9:50:37.935756409,T,KO,I,25,70.08
2025-12-08,9:50:38.191199905,T,KO,,100,70.085
2025-12-08,9:50:38.690066893,T,KO,F I,3,70.09
2025-12-08,9:50:38.944403609,T,KO,I,5,70.1
2025-12-08,9:50:38.944406788,T,KO,,100,70.1
2025-12-08,9:50:38.944406788,T,KO,,100,70.1
2025-12-08,9:50:39.665876005,T,KO,I,10,70.11
2025-12-08,9:50:39.665879012,T,KO,I,25,70.11
2025-12-08,9:50:43.475294621,T,KO,F I,4,70.11
2025-12-08,9:50:44.086725838,T,KO,,130,70.11
2025-12-08,9:50:44.086725838,T,KO,,100,70.11
2025-12-08,9:50:44.086728845,T,KO,,100,70.11
2025-12-08,9:50:45.242997795,T,KO,F I,25,70.12
2025-12-08,9:50:45.243001258,T,KO,F I,2,70.12
2025-12-08,9:50:45.243003810,T,KO,F,100,70.12
2025-12-08,9:50:45.243006779,T,KO,F I,3,70.12
2025-12-08,9:50:46.640239949,T,KO,F,100,70.11
2025-12-08,9:50:46.640242638,T,KO,F I,10,70.11
2025-12-08,9:50:46.640245808,T,KO,F,200,70.11
2025-12-08,9:50:46.640245808,T,KO,F I,10,70.11
2025-12-08,9:50:46.647594977,T,KO,,100,70.11
2025-12-08,9:50:46.655888748,T,KO,I,33,70.11
2025-12-08,9:50:47.873389568,T,KO,F,100,70.1
2025-12-08,9:50:47.873392463,T,KO,F I,67,70.1
2025-12-08,9:50:47.873411439,T,KO,F I,33,70.1
2025-12-08,9:50:47.873411439,T,KO,F I,25,70.1
2025-12-08,9:50:47.873411439,T,KO,I,7,70.1
2025-12-08,9:50:47.873413670,T,KO,I,1,70.1
2025-12-08,9:50:47.873416587,T,KO,F I,7,70.1
2025-12-08,9:50:47.873584989,T,KO,F,100,70.1
2025-12-08,9:50:47.873587937,T,KO,F I,85,70.1
2025-12-08,9:50:47.876601484,T,KO,F,100,70.1
2025-12-08,9:50:47.876601484,T,KO,F I,33,70.1
2025-12-08,9:50:47.876604327,T,KO,F I,33,70.1
2025-12-08,9:50:47.876607211,T,KO,F,100,70.1
