DATE,TIME_M,EX,SYM_ROOT,TR_SCOND,SIZE,PRICE
2025-12-16,9:30:01.163653974,T,KO,F,100,71.23
2025-12-16,9:30:01.163656965,T,KO,F,2400,71.22
2025-12-16,9:30:01.163656965,T,KO,Q,100,71.23
2025-12-16,9:30:01.163663062,T,KO,I,1,71.22
2025-12-16,9:30:01.231459512,T,KO,,144,71.25
2025-12-16,9:30:01.231474470,T,KO,I,1,71.25
2025-12-16,9:30:01.231495588,T,KO,I,85,71.25
2025-12-16,9:30:02.232976854,T,KO,,300,71.265
2025-12-16,9:30:02.482423956,T,KO,I,1,71.265
2025-12-16,9:30:02.557413482,T,KO,F I,15,71.24
2025-12-16,9:30:02.557413482,T,KO,F I,1,71.24
2025-12-16,9:30:02.709428601,T,KO,F I,15,71.23
2025-12-16,9:30:02.709897741,T,KO,F I,99,71.22
2025-12-16,9:30:02.894546431,T,KO,I,2,71.23
2025-12-16,9:30:03.630760334,T,KO,I,7,71.24
2025-12-16,9:30:03.630760334,T,KO,I,25,71.24
2025-12-16,9:30:03.630766035,T,KO,,230,71.24
2025-12-16,9:30:03.630901269,T,KO,,100,71.23
2025-12-16,9:30:03.631000452,T,KO,I,7,71.23
2025-12-16,9:30:03.937117515,T,KO,F I,1,71.19
2025-12-16,9:30:03.937120653,T,KO,F,100,71.19
2025-12-16,9:30:03.937123491,T,KO,F,100,71.19
2025-12-16,9:30:03.937863249,T,KO,F,100,71.18
2025-12-16,9:30:03.937863249,T,KO,F,100,71.18
2025-12-16,9:30:03.937911378,T,KO,F I,20,71.17
2025-12-16,9:30:03.944253538,T,KO,,100,71.17
2025-12-16,9:30:03.944253538,T,KO,I,80,71.17
2025-12-16,9:30:04.051332527,T,KO,F I,25,71.15
2025-12-16,9:30:04.132979975,T,KO,I,1,71.15
2025-12-16,9:30:04.180237543,T,KO,I,1,71.15
2025-12-16,9:30:04.234255196,T,KO,I,1,71.15
2025-12-16,9:30:04.507552005,T,KO,I,8,71.13
2025-12-16,9:30:04.507594231,T,KO,I,92,71.13
2025-12-16,9:30:04.507600230,T,KO,,100,71.13
2025-12-16,9:30:04.507600230,T,KO,,200,71.13
2025-12-16,9:30:04.507603262,T,KO,,100,71.13
2025-12-16,9:30:04.507603262,T,KO,I,25,71.13
2025-12-16,9:30:04.875908425,T,KO,I,2,71.17
2025-12-16,9:30:04.882379876,T,KO,I,3,71.17
2025-12-16,9:30:04.886307146,T,KO,I,5,71.17
2025-12-16,9:30:04.888718920,T,KO,I,3,71.17
2025-12-16,9:30:04.891873453,T,KO,I,3,71.17
2025-12-16,9:30:05.008163407,T,KO,,100,71.16
2025-12-16,9:30:05.246020841,T,KO,F I,6,71.19
2025-12-16,9:30:05.246144669,T,KO,I,83,71.19
2025-12-16,9:30:05.246144669,T,KO,,100,71.19
2025-12-16,9:30:05.246150207,T,KO,,150,71.19
2025-12-16,9:30:05.246153383,T,KO,,100,71.19
2025-12-16,9:30:05.246153383,T,KO,,100,71.19
2025-12-16,9:30:05.246156181,T,KO,,150,71.19
2025-12-16,9:30:05.246159260,T,KO,,150,71.19
2025-12-16,9:30:05.246162218,T,KO,,150,71.19
2025-12-16,9:30:05.246168263,T,KO,I,50,71.19
2025-12-16,9:30:05.246172026,T,KO,,100,71.19
2025-12-16,9:30:05.246172026,T,KO,,100,71.19
2025-12-16,9:30:05.246175276,T,KO,,150,71.19
2025-12-16,9:30:05.246175276,T,KO,,150,71.19
2025-12-16,9:30:05.246177632,T,KO,,100,71.19
2025-12-16,9:30:05.246180322,T,KO,,150,71.19
2025-12-16,9:30:05.246180322,T,KO,,100,71.19
2025-12-16,9:30:05.246183270,T,KO,,100,71.19
2025-12-16,9:30:09.080002402,T,KO,I,4,71.19
2025-12-16,9:30:09.080005148,T,KO,I,25,71.19
2025-12-16,9:30:09.080320987,T,KO,F I,25,71.2
2025-12-16,9:30:09.308125544,T,KO,,100,71.21
2025-12-16,9:30:09.308432231,T,KO,I,50,71.21
2025-12-16,9:30:09.355861219,T,KO,,100,71.21
2025-12-16,9:30:10.738292707,T,KO,F I,20,71.18
2025-12-16,9:30:10.738340831,T,KO,I,30,71.18
2025-12-16,9:30:13.027539894,T,KO,F I,50,71.14
2025-12-16,9:30:13.029362253,T,KO,I,50,71.15
2025-12-16,9:30:15.945145621,T,KO,I,50,71.17
2025-12-16,9:30:15.945148626,T,KO,I,25,71.17
2025-12-16,9:30:15.945584729,T,KO,I,21,71.17
2025-12-16,9:30:15.945599785,T,KO,F I,79,71.17
2025-12-16,9:30:18.427299882,T,KO,I,7,71.19
2025-12-16,9:30:18.427299882,T,KO,I,29,71.2
2025-12-16,9:30:18.427566987,T,KO,I,36,71.2
2025-12-16,9:30:18.427648159,T,KO,I,36,71.2
2025-12-16,9:30:18.427672589,T,KO,I,12,71.2
2025-12-16,9:30:18.427672589,T,KO,I,13,71.2
2025-12-16,9:30:18.428298103,T,KO,I,51,71.2
2025-12-16,9:30:18.428304234,T,KO,,100,71.21
2025-12-16,9:30:18.428304234,T,KO,I,6,71.21
2025-12-16,9:30:18.428307028,T,KO,I,25,71.21
2025-12-16,9:30:18.429404587,T,KO,I,90,71.22
2025-12-16,9:30:18.429404587,T,KO,I,25,71.22
2025-12-16,9:30:18.430409598,T,KO,,100,71.23
2025-12-16,9:30:18.430409598,T,KO,I,25,71.23
2025-12-16,9:30:18.430411758,T,KO,,100,71.23
2025-12-16,9:30:18.430414770,T,KO,I,11,71.23
2025-12-16,9:30:21.310740728,T,KO,F,300,71.19
2025-12-16,9:30:21.310740728,T,KO,F I,10,71.2
2025-12-16,9:30:21.310743729,T,KO,F I,2,71.2
2025-12-16,9:30:21.310749745,T,KO,F I,1,71.2
2025-12-16,9:30:21.310749745,T,KO,F I,87,71.21
2025-12-16,9:30:21.310764841,T,KO,I,1,71.21
2025-12-16,9:30:21.310773964,T,KO,,312,71.21
2025-12-16,9:30:21.310915160,T,KO,I,96,71.2
2025-12-16,9:30:21.310933928,T,KO,I,1,71.2
2025-12-16,9:30:21.310936834,T,KO,I,3,71.2
2025-12-16,9:30:21.311095818,T,KO,F I,96,71.2
2025-12-16,9:30:21.311098584,T,KO,F I,1,71.2
2025-12-16,9:30:21.311101582,T,KO,F I,3,71.2
2025-12-16,9:30:21.311784564,T,KO,I,25,71.22
2025-12-16,9:30:21.311784564,T,KO,I,31,71.22
2025-12-16,9:30:21.311802342,T,KO,I,14,71.22
2025-12-16,9:30:21.313005120,T,KO,I,86,71.22
2025-12-16,9:30:21.313008214,T,KO,I,25,71.22
2025-12-16,9:30:21.329872293,T,KO,I,25,71.21
2025-12-16,9:30:21.361381329,T,KO,I,25,71.2
2025-12-16,9:30:22.389292454,T,KO,F I,50,71.19
2025-12-16,9:30:22.389292454,T,KO,F I,25,71.19
2025-12-16,9:30:22.605711978,T,KO,F I,25,71.17
2025-12-16,9:30:22.606078765,T,KO,F I,25,71.17
2025-12-16,9:30:22.606166020,T,KO,F I,25,71.18
2025-12-16,9:30:22.846549543,T,KO,I,76,71.2
2025-12-16,9:30:23.254522130,T,KO,I,50,71.2
2025-12-16,9:30:23.254525281,T,KO,F I,50,71.2
2025-12-16,9:30:23.254561199,T,KO,I,25,71.2
2025-12-16,9:30:23.254564304,T,KO,I,64,71.2
2025-12-16,9:30:24.415455090,T,KO,F I,25,71.15
2025-12-16,9:30:24.415459032,T,KO,F I,1,71.15
2025-12-16,9:30:24.415464116,T,KO,F,100,71.15
2025-12-16,9:30:27.405536497,T,KO,F I,50,71.13
2025-12-16,9:30:27.405801128,T,KO,I,20,71.12
2025-12-16,9:30:27.406045344,T,KO,,100,71.14
2025-12-16,9:30:27.406062722,T,KO,I,1,71.14
2025-12-16,9:30:27.406282284,T,KO,F I,25,71.12
2025-12-16,9:30:27.406405491,T,KO,F,100,71.12
2025-12-16,9:30:27.426716243,T,KO,I,25,71.13
2025-12-16,9:30:27.426730992,T,KO,F,100,71.15
2025-12-16,9:30:27.426758082,T,KO,F,100,71.14
2025-12-16,9:30:27.428436237,T,KO,F I,25,71.16
2025-12-16,9:30:27.429115642,T,KO,F,100,71.16
2025-12-16,9:30:27.432760267,T,KO,F I,25,71.15
2025-12-16,9:30:27.432763363,T,KO,F I,57,71.15
2025-12-16,9:30:27.432814429,T,KO,F,100,71.16
2025-12-16,9:30:27.432817638,T,KO,F I,25,71.16
2025-12-16,9:30:27.432842056,T,KO,F I,25,71.16
2025-12-16,9:30:27.433094095,T,KO,F,100,71.15
2025-12-16,9:30:27.433115738,T,KO,F I,25,71.16
2025-12-16,9:30:27.433139357,T,KO,F I,75,71.16
2025-12-16,9:30:27.433139357,T,KO,F I,25,71.16
2025-12-16,9:30:27.433154296,T,KO,F,100,71.15
2025-12-16,9:30:27.433172473,T,KO,I,1,71.16
2025-12-16,9:30:27.433178281,T,KO,F I,25,71.16
2025-12-16,9:30:27.433202318,T,KO,F I,55,71.16
2025-12-16,9:30:27.433202318,T,KO,F I,44,71.16
2025-12-16,9:30:27.433265488,T,KO,F I,1,71.16
2025-12-16,9:30:27.433265488,T,KO,F I,24,71.16
2025-12-16,9:30:27.433479060,T,KO,F I,55,71.16
2025-12-16,9:30:27.433479060,T,KO,F I,44,71.16
2025-12-16,9:30:27.433482321,T,KO,F,100,71.16
2025-12-16,9:30:27.500487562,T,KO,I,25,71.16
2025-12-16,9:30:30.022877159,T,KO,,100,71.155
2025-12-16,9:30:30.022922218,T,KO,,100,71.155
2025-12-16,9:30:30.022922218,T,KO,I,50,71.15
2025-12-16,9:30:30.022925235,T,KO,,300,71.15
2025-12-16,9:30:30.506179340,T,KO,I,1,71.155
2025-12-16,9:30:31.810935769,T,KO,F I,50,71.15
2025-12-16,9:30:33.507212646,T,KO,I,1,71.15
2025-12-16,9:30:33.681922772,T,KO,F I,5,71.19
2025-12-16,9:30:33.682349809,T,KO,I,25,71.2
2025-12-16,9:30:33.683327228,T,KO,I,50,71.19
2025-12-16,9:30:33.683414669,T,KO,,100,71.19
2025-12-16,9:30:33.683414669,T,KO,,100,71.19
2025-12-16,9:30:33.683444410,T,KO,,100,71.2
2025-12-16,9:30:33.683444410,T,KO,,100,71.2
2025-12-16,9:30:33.683465419,T,KO,I,1,71.2
2025-12-16,9:30:33.683495586,T,KO,F,299,71.2
2025-12-16,9:30:33.683546637,T,KO,F I,50,71.2
2025-12-16,9:30:33.683637081,T,KO,F,100,71.19
2025-12-16,9:30:33.683639837,T,KO,F I,50,71.19
2025-12-16,9:30:33.705941024,T,KO,,150,71.18
2025-12-16,9:30:33.733053542,T,KO,I,50,71.18
2025-12-16,9:30:33.733372278,T,KO,I,50,71.18
2025-12-16,9:30:33.733435448,T,KO,F,100,71.18
2025-12-16,9:30:33.733468514,T,KO,F,100,71.18
2025-12-16,9:30:34.245771742,T,KO,,200,71.18
2025-12-16,9:30:34.680878281,T,KO,F,100,71.19
2025-12-16,9:30:34.680911015,T,KO,I,25,71.2
2025-12-16,9:30:34.707181592,T,KO,F,400,71.19
2025-12-16,9:30:34.707199625,T,KO,I,1,71.19
2025-12-16,9:30:34.707202706,T,KO,,299,71.19
2025-12-16,9:30:34.707238779,T,KO,F,100,71.19
2025-12-16,9:30:34.708255268,T,KO,,100,71.19
2025-12-16,9:30:34.708258188,T,KO,,100,71.19
2025-12-16,9:30:34.833335133,T,KO,F I,3,71.19
2025-12-16,9:30:35.159651305,T,KO,I,7,71.18
2025-12-16,9:30:36.893986930,T,KO,F I,94,71.17
2025-12-16,9:30:36.894007922,T,KO,,100,71.17
2025-12-16,9:30:36.894007922,T,KO,I,11,71.17
2025-12-16,9:30:36.894029180,T,KO,I,1,71.17
2025-12-16,9:30:38.000824026,T,KO,,100,71.17
2025-12-16,9:30:38.000824026,T,KO,I,25,71.17
2025-12-16,9:30:38.095162082,T,KO,I,5,71.17
2025-12-16,9:30:38.095164753,T,KO,I,50,71.17
2025-12-16,9:30:38.095167748,T,KO,I,55,71.17
2025-12-16,9:30:39.757295346,T,KO,I,1,71.16
2025-12-16,9:30:39.757559975,T,KO,I,49,71.16
2025-12-16,9:30:39.757562979,T,KO,I,51,71.16
2025-12-16,9:30:39.757599092,T,KO,F,100,71.16
2025-12-16,9:30:42.685708777,T,KO,,100,71.2
2025-12-16,9:30:42.685711813,T,KO,I,75,71.2
2025-12-16,9:30:48.226684663,T,KO,,150,71.165
2025-12-16,9:30:51.518354320,T,KO,I,90,71.15
2025-12-16,9:30:51.518378715,T,KO,F,100,71.15
2025-12-16,9:30:51.518378715,T,KO,F,210,71.15
2025-12-16,9:30:51.550426324,T,KO,I,10,71.145
2025-12-16,9:30:51.550426324,T,KO,I,90,71.16
2025-12-16,9:30:51.550428620,T,KO,F I,10,71.16
2025-12-16,9:30:58.098821746,T,KO,,100,71.18
2025-12-16,9:30:58.098843440,T,KO,I,1,71.18
2025-12-16,9:30:58.098845832,T,KO,F I,99,71.18
2025-12-16,9:30:58.568092392,T,KO,I,50,71.18
2025-12-16,9:31:01.074014732,T,KO,,100,71.15
2025-12-16,9:31:01.074017757,T,KO,I,5,71.15
2025-12-16,9:31:01.074017757,T,KO,,105,71.15
2025-12-16,9:31:01.074032948,T,KO,I,1,71.15
2025-12-16,9:31:01.074101919,T,KO,I,99,71.15
2025-12-16,9:31:01.074104867,T,KO,,100,71.15
2025-12-16,9:31:01.074107901,T,KO,I,1,71.15
2025-12-16,9:31:01.075040111,T,KO,I,94,71.15
2025-12-16,9:31:01.075040111,T,KO,I,6,71.15
2025-12-16,9:31:01.075109596,T,KO,F I,1,71.15
2025-12-16,9:31:01.075223882,T,KO,F I,25,71.16
2025-12-16,9:31:01.076724807,T,KO,F I,25,71.17
2025-12-16,9:31:01.077154150,T,KO,F I,61,71.17
2025-12-16,9:31:01.950178444,T,KO,I,16,71.17
2025-12-16,9:31:01.950178444,T,KO,I,5,71.17
2025-12-16,9:31:02.126419218,T,KO,I,25,71.165
2025-12-16,9:31:08.045389173,T,KO,F I,25,71.18
2025-12-16,9:31:08.045395680,T,KO,F I,2,71.18
2025-12-16,9:31:08.045401277,T,KO,F I,5,71.18
2025-12-16,9:31:08.045548544,T,KO,F I,25,71.19
2025-12-16,9:31:08.046092977,T,KO,F,100,71.19
2025-12-16,9:31:08.046105371,T,KO,F I,25,71.19
2025-12-16,9:31:08.046286316,T,KO,F I,20,71.18
2025-12-16,9:31:08.046286316,T,KO,F I,5,71.18
2025-12-16,9:31:08.046288392,T,KO,F I,25,71.18
2025-12-16,9:31:08.046303401,T,KO,F I,70,71.18
2025-12-16,9:31:08.046303401,T,KO,F I,25,71.18
2025-12-16,9:31:08.046303401,T,KO,F I,50,71.18
2025-12-16,9:31:08.046396571,T,KO,F I,20,71.18
2025-12-16,9:31:08.046411951,T,KO,F,100,71.18
2025-12-16,9:31:08.046414639,T,KO,F I,20,71.18
2025-12-16,9:31:08.046471799,T,KO,F I,10,71.18
2025-12-16,9:31:08.046474741,T,KO,F I,25,71.18
2025-12-16,9:31:08.046543940,T,KO,F I,25,71.18
2025-12-16,9:31:08.047247665,T,KO,,100,71.18
2025-12-16,9:31:08.047308078,T,KO,F I,1,71.18
2025-12-16,9:31:08.047308078,T,KO,F I,1,71.18
2025-12-16,9:31:08.048835369,T,KO,I,99,71.18
2025-12-16,9:31:08.048877803,T,KO,F I,25,71.19
2025-12-16,9:31:08.049756394,T,KO,F I,20,71.19
2025-12-16,9:31:08.049758662,T,KO,F I,20,71.19
2025-12-16,9:31:08.049767630,T,KO,F I,80,71.19
2025-12-16,9:31:08.049770696,T,KO,F I,20,71.19
2025-12-16,9:31:08.049773705,T,KO,F I,80,71.19
2025-12-16,9:31:08.049773705,T,KO,F I,20,71.19
2025-12-16,9:31:08.049779610,T,KO,F I,5,71.19
2025-12-16,9:31:08.050552492,T,KO,I,25,71.2
2025-12-16,9:31:08.050781005,T,KO,I,1,71.2
2025-12-16,9:31:08.756050802,T,KO,F,100,71.19
2025-12-16,9:31:08.801404900,T,KO,F,100,71.19
2025-12-16,9:31:08.802141715,T,KO,F I,25,71.2
2025-12-16,9:31:08.802141715,T,KO,F,132,71.2
2025-12-16,9:31:08.859461090,T,KO,F,100,71.2
2025-12-16,9:31:08.859464024,T,KO,F I,93,71.21
2025-12-16,9:31:08.859479281,T,KO,I,7,71.21
2025-12-16,9:31:08.859479281,T,KO,I,25,71.21
2025-12-16,9:31:08.859482132,T,KO,I,26,71.21
2025-12-16,9:31:08.859485259,T,KO,I,89,71.21
2025-12-16,9:31:08.859488992,T,KO,I,1,71.21
2025-12-16,9:31:08.859488992,T,KO,F I,10,71.21
2025-12-16,9:31:08.859491527,T,KO,F I,48,71.21
2025-12-16,9:31:08.859491527,T,KO,I,52,71.21
2025-12-16,9:31:08.861048864,T,KO,F I,25,71.21
2025-12-16,9:31:08.861127829,T,KO,F I,25,71.21
2025-12-16,9:31:08.878518002,T,KO,F,150,71.21
2025-12-16,9:31:14.419195572,T,KO,F I,40,71.18
2025-12-16,9:31:23.379591232,T,KO,,100,71.175
2025-12-16,9:31:24.408528458,T,KO,I,7,71.19
2025-12-16,9:31:30.082456178,T,KO,I,60,71.19
2025-12-16,9:31:30.084357181,T,KO,F I,3,71.18
2025-12-16,9:31:30.084404811,T,KO,F I,3,71.18
2025-12-16,9:31:30.093209801,T,KO,,100,71.18
2025-12-16,9:31:30.160995066,T,KO,I,25,71.19
2025-12-16,9:31:30.160997251,T,KO,I,42,71.19
2025-12-16,9:31:35.451924516,T,KO,I,21,71.2
2025-12-16,9:31:35.451978605,T,KO,F I,25,71.21
2025-12-16,9:31:39.286065140,T,KO,,184,71.22
2025-12-16,9:31:40.286517922,T,KO,I,90,71.23
2025-12-16,9:31:40.286517922,T,KO,I,94,71.24
2025-12-16,9:31:40.286532974,T,KO,I,1,71.24
2025-12-16,9:31:46.587022081,T,KO,F I,56,71.22
2025-12-16,9:31:46.587022081,T,KO,F I,25,71.22
2025-12-16,9:31:50.149053414,T,KO,I,40,71.2
2025-12-16,9:31:51.561421240,T,KO,,127,71.2
2025-12-16,9:31:51.561754941,T,KO,F,127,71.21
2025-12-16,9:31:51.561866295,T,KO,F I,2,71.21
2025-12-16,9:31:51.561902384,T,KO,I,98,71.21
2025-12-16,9:31:51.561906134,T,KO,I,25,71.2
2025-12-16,9:31:51.561908533,T,KO,I,17,71.2
2025-12-16,9:31:51.561950754,T,KO,I,60,71.2
2025-12-16,9:31:51.561950754,T,KO,F I,40,71.2
2025-12-16,9:31:51.562001541,T,KO,F,100,71.21
2025-12-16,9:31:51.562061676,T,KO,F,100,71.21
2025-12-16,9:31:51.607680379,T,KO,,100,71.22
2025-12-16,9:31:51.607698391,T,KO,I,1,71.22
2025-12-16,9:31:53.788435199,T,KO,,209,71.215
2025-12-16,9:31:55.588808057,T,KO,I,99,71.22
2025-12-16,9:31:55.588811114,T,KO,I,25,71.23
2025-12-16,9:31:55.588811114,T,KO,I,92,71.23
2025-12-16,9:31:55.588829114,T,KO,I,1,71.23
2025-12-16,9:31:55.589313337,T,KO,F I,61,71.22
2025-12-16,9:31:55.589316291,T,KO,F I,68,71.22
2025-12-16,9:31:55.589316291,T,KO,F I,25,71.22
2025-12-16,9:31:56.244194996,T,KO,,100,71.21
2025-12-16,9:31:57.758352610,T,KO,I,20,71.22
2025-12-16,9:31:57.758352610,T,KO,,200,71.22
2025-12-16,9:31:57.758355573,T,KO,I,27,71.22
2025-12-16,9:31:57.758358180,T,KO,I,41,71.22
2025-12-16,9:31:57.758358180,T,KO,,184,71.22
2025-12-16,9:31:58.755954142,T,KO,I,7,71.22
2025-12-16,9:31:59.103022807,T,KO,F I,25,71.23
2025-12-16,9:31:59.103025732,T,KO,F I,31,71.23
2025-12-16,9:32:00.256669356,T,KO,I,4,71.23
2025-12-16,9:32:02.356979645,T,KO,I,3,71.22
2025-12-16,9:32:04.294752771,T,KO,I,6,71.24
2025-12-16,9:32:10.136994964,T,KO,F I,50,71.22
2025-12-16,9:32:10.137289716,T,KO,F,100,71.23
2025-12-16,9:32:10.137292744,T,KO,F I,1,71.23
2025-12-16,9:32:10.137292744,T,KO,F I,42,71.23
2025-12-16,9:32:10.137296139,T,KO,F I,93,71.23
2025-12-16,9:32:10.137310713,T,KO,I,1,71.23
2025-12-16,9:32:10.137376884,T,KO,I,56,71.23
2025-12-16,9:32:14.430663082,T,KO,F I,50,71.23
2025-12-16,9:32:14.435658044,T,KO,F I,50,71.23
2025-12-16,9:32:15.338197577,T,KO,F I,50,71.22
2025-12-16,9:32:15.338197577,T,KO,F I,25,71.22
2025-12-16,9:32:15.643785367,T,KO,F I,25,71.23
2025-12-16,9:32:15.643866623,T,KO,,100,71.225
2025-12-16,9:32:15.643866623,T,KO,I,76,71.22
2025-12-16,9:32:15.643869544,T,KO,I,25,71.22
2025-12-16,9:32:15.643869544,T,KO,,300,71.22
2025-12-16,9:32:15.644043974,T,KO,F I,25,71.23
2025-12-16,9:32:15.644332639,T,KO,F I,56,71.23
2025-12-16,9:32:15.644431970,T,KO,F I,25,71.23
2025-12-16,9:32:16.164024498,T,KO,F,100,71.24
2025-12-16,9:32:16.164027401,T,KO,F,100,71.24
2025-12-16,9:32:16.164042492,T,KO,I,1,71.24
2025-12-16,9:32:20.561589963,T,KO,,100,71.255
2025-12-16,9:32:23.677806745,T,KO,F I,75,71.24
2025-12-16,9:32:23.677812827,T,KO,F I,56,71.24
2025-12-16,9:32:23.677812827,T,KO,F I,5,71.24
2025-12-16,9:32:27.603172713,T,KO,I,7,71.225
2025-12-16,9:32:32.383168295,T,KO,F,100,71.25
2025-12-16,9:32:32.383171210,T,KO,F I,65,71.25
2025-12-16,9:32:32.383183133,T,KO,F I,18,71.25
2025-12-16,9:32:32.383186407,T,KO,I,17,71.25
2025-12-16,9:32:32.383697394,T,KO,F I,19,71.25
2025-12-16,9:32:32.410334819,T,KO,F I,19,71.25
2025-12-16,9:32:35.130787991,T,KO,F I,50,71.25
2025-12-16,9:32:41.868587156,T,KO,I,11,71.245
2025-12-16,9:32:45.349404221,T,KO,I,1,71.24
2025-12-16,9:32:46.367930064,T,KO,F,100,71.22
2025-12-16,9:32:46.371914528,T,KO,F,100,71.21
2025-12-16,9:32:50.971961404,T,KO,I,6,71.21
2025-12-16,9:32:51.570040819,T,KO,,100,71.21
2025-12-16,9:32:52.666750657,T,KO,F,100,71.22
2025-12-16,9:32:52.667225418,T,KO,I,8,71.22
2025-12-16,9:32:54.223389948,T,KO,F I,20,71.2
2025-12-16,9:32:54.223392365,T,KO,F I,20,71.2
2025-12-16,9:32:54.223395393,T,KO,F,100,71.2
2025-12-16,9:32:54.652159421,T,KO,,500,71.2
2025-12-16,9:32:54.652174654,T,KO,I,1,71.2
2025-12-16,9:32:54.652177730,T,KO,F I,71,71.2
2025-12-16,9:32:54.652180486,T,KO,F I,77,71.2
2025-12-16,9:33:00.272325761,T,KO,F,100,71.2
2025-12-16,9:33:00.272364871,T,KO,I,78,71.21
2025-12-16,9:33:00.272867065,T,KO,F I,39,71.2
2025-12-16,9:33:00.282261564,T,KO,F,100,71.2
2025-12-16,9:33:00.282261564,T,KO,F I,39,71.2
2025-12-16,9:33:00.282264458,T,KO,F I,36,71.2
2025-12-16,9:33:00.282282459,T,KO,I,1,71.2
2025-12-16,9:33:00.282315522,T,KO,,100,71.2
2025-12-16,9:33:00.282426877,T,KO,,100,71.2
2025-12-16,9:33:00.282432888,T,KO,I,39,71.2
2025-12-16,9:33:00.282472161,T,KO,I,61,71.2
2025-12-16,9:33:00.282474931,T,KO,,200,71.2
2025-12-16,9:33:00.282499057,T,KO,F,192,71.2
2025-12-16,9:33:01.486629936,T,KO,I,22,71.21
2025-12-16,9:33:01.486632951,T,KO,,100,71.21
2025-12-16,9:33:01.486638946,T,KO,F I,78,71.21
2025-12-16,9:33:01.493979420,T,KO,,100,71.2
2025-12-16,9:33:02.611452775,T,KO,F,100,71.18
2025-12-16,9:33:02.611473899,T,KO,I,1,71.18
2025-12-16,9:33:04.553138531,T,KO,,100,71.195
2025-12-16,9:33:04.564336962,T,KO,,100,71.195
2025-12-16,9:33:06.699506203,T,KO,I,2,71.215
2025-12-16,9:33:11.372218070,T,KO,F I,1,71.2
2025-12-16,9:33:11.372218070,T,KO,F I,25,71.2
2025-12-16,9:33:13.642634432,T,KO,F I,5,71.18
2025-12-16,9:33:14.710928780,T,KO,,100,71.175
2025-12-16,9:33:16.849631452,T,KO,I,25,71.17
2025-12-16,9:33:24.154846103,T,KO,F I,29,71.16
2025-12-16,9:33:24.157014261,T,KO,I,12,71.15
2025-12-16,9:33:24.157023336,T,KO,I,12,71.15
2025-12-16,9:33:25.150300902,T,KO,I,10,71.135
2025-12-16,9:33:25.378162605,T,KO,F,100,71.12
2025-12-16,9:33:25.378165689,T,KO,F I,40,71.12
2025-12-16,9:33:25.378649853,T,KO,I,20,71.11
2025-12-16,9:33:25.378661775,T,KO,I,20,71.11
2025-12-16,9:33:26.124567339,T,KO,,100,71.105
2025-12-16,9:33:26.124570576,T,KO,,100,71.105
2025-12-16,9:33:30.731286991,T,KO,,100,71.11
2025-12-16,9:33:31.286222692,T,KO,,150,71.12
2025-12-16,9:33:31.722438575,T,KO,F,400,71.13
2025-12-16,9:33:31.728636311,T,KO,F I,22,71.13
2025-12-16,9:33:31.728636311,T,KO,F I,25,71.13
2025-12-16,9:33:35.984068395,T,KO,I,20,71.11
2025-12-16,9:33:35.984423297,T,KO,I,80,71.11
2025-12-16,9:33:36.125050159,T,KO,I,20,71.1
2025-12-16,9:33:36.125050159,T,KO,I,80,71.1
2025-12-16,9:33:36.125071301,T,KO,I,1,71.1
2025-12-16,9:33:36.125083916,T,KO,I,19,71.1
2025-12-16,9:33:36.125086243,T,KO,I,1,71.1
2025-12-16,9:33:42.308406913,T,KO,F I,25,71.1
2025-12-16,9:33:42.308406913,T,KO,F I,50,71.1
2025-12-16,9:33:42.777232371,T,KO,F,200,71.09
2025-12-16,9:33:42.777250398,T,KO,I,1,71.09
2025-12-16,9:33:43.362847202,T,KO,I,40,71.08
2025-12-16,9:33:43.908120818,T,KO,F I,10,71.08
2025-12-16,9:33:44.265221246,T,KO,F I,6,71.07
2025-12-16,9:33:44.266090618,T,KO,F,100,71.07
2025-12-16,9:33:44.369127768,T,KO,I,43,71.08
2025-12-16,9:33:44.767675990,T,KO,I,57,71.08
2025-12-16,9:33:49.815837983,T,KO,,100,71.09
2025-12-16,9:33:49.816057579,T,KO,F,336,71.1
2025-12-16,9:33:49.816060458,T,KO,F I,25,71.1
2025-12-16,9:33:49.816063962,T,KO,F I,25,71.1
2025-12-16,9:33:49.816102631,T,KO,I,25,71.1
2025-12-16,9:33:49.816126775,T,KO,I,42,71.1
2025-12-16,9:33:51.949356254,T,KO,,100,71.11
2025-12-16,9:33:51.949356254,T,KO,,100,71.11
2025-12-16,9:33:51.949369614,T,KO,F,100,71.11
2025-12-16,9:33:51.949374380,T,KO,F,135,71.11
2025-12-16,9:33:51.949374380,T,KO,I,1,71.11
2025-12-16,9:33:51.949392393,T,KO,I,64,71.11
2025-12-16,9:33:51.970956721,T,KO,I,33,71.11
2025-12-16,9:33:54.760156628,T,KO,,100,71.105
2025-12-16,9:34:00.885442153,T,KO,F,350,71.11
2025-12-16,9:34:00.885472151,T,KO,,100,71.11
2025-12-16,9:34:00.885487241,T,KO,F I,50,71.11
2025-12-16,9:34:01.088040612,T,KO,F,100,71.12
2025-12-16,9:34:01.088040612,T,KO,F,200,71.12
2025-12-16,9:34:01.088052695,T,KO,F,100,71.12
2025-12-16,9:34:01.523315392,T,KO,,100,71.15
2025-12-16,9:34:01.549637042,T,KO,F,100,71.14
2025-12-16,9:34:01.549658060,T,KO,F I,28,71.14
2025-12-16,9:34:01.549661092,T,KO,F I,25,71.14
2025-12-16,9:34:01.549661092,T,KO,I,1,71.14
2025-12-16,9:34:01.549682362,T,KO,,100,71.14
2025-12-16,9:34:01.618320737,T,KO,F,100,71.14
2025-12-16,9:34:01.618320737,T,KO,F I,35,71.14
2025-12-16,9:34:02.016324466,T,KO,F,100,71.16
2025-12-16,9:34:02.016328093,T,KO,F I,35,71.16
2025-12-16,9:34:02.016328093,T,KO,F,100,71.16
2025-12-16,9:34:02.016331161,T,KO,F I,25,71.16
2025-12-16,9:34:02.570325035,T,KO,F I,25,71.15
2025-12-16,9:34:02.570327937,T,KO,F I,20,71.15
2025-12-16,9:34:06.225756278,T,KO,F I,43,71.16
2025-12-16,9:34:06.225756278,T,KO,F I,35,71.16
2025-12-16,9:34:06.225762133,T,KO,F I,7,71.16
2025-12-16,9:34:09.630576285,T,KO,,100,71.18
2025-12-16,9:34:09.641414141,T,KO,,100,71.18
2025-12-16,9:34:10.153097818,T,KO,I,1,71.18
2025-12-16,9:34:10.881402328,T,KO,I,3,71.175
2025-12-16,9:34:13.127165974,T,KO,I,23,71.18
2025-12-16,9:34:15.129467002,T,KO,I,25,71.16
2025-12-16,9:34:15.129467002,T,KO,I,75,71.16
2025-12-16,9:34:15.129484863,T,KO,I,1,71.16
2025-12-16,9:34:18.325099827,T,KO,,100,71.17
2025-12-16,9:34:23.046100732,T,KO,,100,71.18
2025-12-16,9:34:23.958440567,T,KO,F,100,71.19
2025-12-16,9:34:32.128490928,T,KO,I,4,71.195
2025-12-16,9:34:32.139509105,T,KO,,100,71.195
2025-12-16,9:34:34.112625414,T,KO,I,50,71.18
2025-12-16,9:34:34.112625414,T,KO,I,53,71.18
2025-12-16,9:34:34.112634459,T,KO,,103,71.18
2025-12-16,9:34:34.112643536,T,KO,I,1,71.18
2025-12-16,9:34:35.089706547,T,KO,F I,96,71.18
2025-12-16,9:34:35.236324445,T,KO,I,2,71.17
2025-12-16,9:34:38.261667071,T,KO,,100,71.18
2025-12-16,9:34:41.047757586,T,KO,,300,71.19
2025-12-16,9:34:41.053531266,T,KO,F,100,71.18
2025-12-16,9:34:41.070269216,T,KO,,100,71.185
2025-12-16,9:34:45.125021188,T,KO,I,1,71.18
2025-12-16,9:34:45.959607928,T,KO,F,138,71.17
2025-12-16,9:34:45.959611617,T,KO,F,100,71.17
2025-12-16,9:34:46.010609562,T,KO,F I,1,71.16
2025-12-16,9:34:46.010612375,T,KO,F I,25,71.16
2025-12-16,9:34:46.026174600,T,KO,F,140,71.14
2025-12-16,9:34:46.026177606,T,KO,F I,5,71.14
2025-12-16,9:34:46.026177606,T,KO,F,100,71.14
2025-12-16,9:34:46.026180460,T,KO,F I,25,71.14
2025-12-16,9:34:46.770967250,T,KO,,100,71.13
2025-12-16,9:34:49.657157206,T,KO,F I,10,71.12
2025-12-16,9:34:49.663508220,T,KO,F,100,71.12
2025-12-16,9:34:55.737004227,T,KO,I,5,71.12
2025-12-16,9:34:55.737004227,T,KO,,300,71.12
2025-12-16,9:35:00.787424525,T,KO,F I,24,71.12
2025-12-16,9:35:00.787424525,T,KO,F I,29,71.12
2025-12-16,9:35:02.788525567,T,KO,I,10,71.13
2025-12-16,9:35:02.788549568,T,KO,,100,71.13
2025-12-16,9:35:02.795935110,T,KO,I,1,71.13
2025-12-16,9:35:02.796389246,T,KO,F I,53,71.13
2025-12-16,9:35:02.957365601,T,KO,I,4,71.12
2025-12-16,9:35:05.144152960,T,KO,F,100,71.13
2025-12-16,9:35:05.144155922,T,KO,F I,25,71.13
2025-12-16,9:35:05.144447605,T,KO,F,100,71.14
2025-12-16,9:35:05.144447605,T,KO,F I,25,71.14
2025-12-16,9:35:05.166881059,T,KO,F I,1,71.15
2025-12-16,9:35:05.590719686,T,KO,F I,25,71.16
2025-12-16,9:35:05.590719686,T,KO,F,100,71.16
2025-12-16,9:35:05.591299921,T,KO,,100,71.16
2025-12-16,9:35:05.622613450,T,KO,,100,71.16
2025-12-16,9:35:11.696608676,T,KO,F I,4,71.15
2025-12-16,9:35:16.625765268,T,KO,F I,25,71.17
2025-12-16,9:35:16.625768642,T,KO,F,100,71.17
2025-12-16,9:35:16.625768642,T,KO,F I,2,71.17
2025-12-16,9:35:16.625771233,T,KO,F I,21,71.17
2025-12-16,9:35:16.639402736,T,KO,I,5,71.175
2025-12-16,9:35:16.779536449,T,KO,F,100,71.17
2025-12-16,9:35:21.087347127,T,KO,,100,71.165
2025-12-16,9:35:23.879157458,T,KO,F I,6,71.18
2025-12-16,9:35:24.810078601,T,KO,F I,25,71.18
2025-12-16,9:35:24.810078601,T,KO,F I,25,71.18
2025-12-16,9:35:24.810081545,T,KO,F I,5,71.18
2025-12-16,9:35:25.970064168,T,KO,I,4,71.17
2025-12-16,9:35:26.187927107,T,KO,I,10,71.17
2025-12-16,9:35:39.082559764,T,KO,,100,71.175
2025-12-16,9:35:44.911774984,T,KO,F I,3,71.18
2025-12-16,9:35:44.912099787,T,KO,F I,29,71.17
2025-12-16,9:35:44.912102802,T,KO,F I,25,71.17
2025-12-16,9:35:45.148450695,T,KO,,100,71.17
2025-12-16,9:35:46.048671789,T,KO,F,120,71.16
2025-12-16,9:35:46.048674838,T,KO,F,100,71.16
2025-12-16,9:35:46.048674838,T,KO,F,100,71.16
2025-12-16,9:35:46.048687758,T,KO,F,100,71.16
2025-12-16,9:35:46.048687758,T,KO,F,100,71.16
2025-12-16,9:35:46.048692678,T,KO,F,300,71.16
2025-12-16,9:35:46.048692678,T,KO,F,200,71.16
2025-12-16,9:35:48.185732343,T,KO,I,40,71.16
2025-12-16,9:35:48.185732343,T,KO,I,29,71.16
2025-12-16,9:35:48.186814933,T,KO,F,200,71.16
2025-12-16,9:35:48.186818434,T,KO,F I,25,71.16
2025-12-16,9:35:48.186818434,T,KO,F I,25,71.16
2025-12-16,9:35:50.136998656,T,KO,,100,71.15
2025-12-16,9:35:50.141888337,T,KO,I,22,71.145
2025-12-16,9:35:50.734560806,T,KO,,110,71.15
2025-12-16,9:35:50.734563886,T,KO,,190,71.15
2025-12-16,9:35:51.340116249,T,KO,,110,71.15
2025-12-16,9:35:51.390233503,T,KO,,110,71.15
2025-12-16,9:35:52.195954423,T,KO,I,10,71.14
2025-12-16,9:35:58.429539667,T,KO,,100,71.135
2025-12-16,9:35:58.429539667,T,KO,I,10,71.135
2025-12-16,9:35:59.471034120,T,KO,I,40,71.13
2025-12-16,9:35:59.471037152,T,KO,I,60,71.13
2025-12-16,9:35:59.471058193,T,KO,I,40,71.13
2025-12-16,9:35:59.471094253,T,KO,F,100,71.13
2025-12-16,9:35:59.471112356,T,KO,F,100,71.13
2025-12-16,9:35:59.799389250,T,KO,,130,71.12
2025-12-16,9:36:00.396025209,T,KO,F,100,71.12
2025-12-16,9:36:03.520129812,T,KO,I,2,71.12
2025-12-16,9:36:04.700052966,T,KO,I,3,71.12
2025-12-16,9:36:07.253858632,T,KO,F I,5,71.11
2025-12-16,9:36:07.253861213,T,KO,F I,1,71.11
2025-12-16,9:36:07.253864166,T,KO,F I,5,71.11
2025-12-16,9:36:07.253864166,T,KO,F I,50,71.11
2025-12-16,9:36:07.253897315,T,KO,F,350,71.11
2025-12-16,9:36:07.254289513,T,KO,F,100,71.12
2025-12-16,9:36:07.254294319,T,KO,F I,32,71.12
2025-12-16,9:36:07.254297576,T,KO,F I,63,71.12
2025-12-16,9:36:07.254297576,T,KO,F I,33,71.12
2025-12-16,9:36:07.254301255,T,KO,F I,25,71.12
2025-12-16,9:36:07.254301255,T,KO,F I,25,71.12
2025-12-16,9:36:07.254303905,T,KO,F I,38,71.12
2025-12-16,9:36:07.254303905,T,KO,F I,34,71.12
2025-12-16,9:36:07.254306237,T,KO,F I,77,71.12
2025-12-16,9:36:07.254316059,T,KO,I,23,71.12
2025-12-16,9:36:07.254316059,T,KO,I,77,71.12
2025-12-16,9:36:07.254321806,T,KO,I,1,71.12
2025-12-16,9:36:07.254321806,T,KO,I,22,71.12
2025-12-16,9:36:07.254325332,T,KO,I,78,71.12
2025-12-16,9:36:07.254483751,T,KO,I,1,71.12
2025-12-16,9:36:07.254538215,T,KO,I,99,71.12
2025-12-16,9:36:07.254594974,T,KO,F I,23,71.12
2025-12-16,9:36:07.254688194,T,KO,F I,57,71.12
2025-12-16,9:36:07.254979915,T,KO,F I,32,71.12
2025-12-16,9:36:07.270560083,T,KO,F I,63,71.12
2025-12-16,9:36:07.270562981,T,KO,F I,85,71.12
2025-12-16,9:36:07.270562981,T,KO,F I,60,71.12
2025-12-16,9:36:07.270581045,T,KO,I,1,71.12
2025-12-16,9:36:07.271182485,T,KO,F I,33,71.12
2025-12-16,9:36:07.271185701,T,KO,F,100,71.12
2025-12-16,9:36:07.271185701,T,KO,F,100,71.12
2025-12-16,9:36:08.080409873,T,KO,F I,3,71.13
2025-12-16,9:36:08.080409873,T,KO,F,400,71.13
2025-12-16,9:36:08.523310675,T,KO,F,400,71.14
2025-12-16,9:36:08.523313651,T,KO,F I,20,71.14
2025-12-16,9:36:08.548958685,T,KO,,100,71.145
2025-12-16,9:36:08.554858712,T,KO,,100,71.145
2025-12-16,9:36:10.187795874,T,KO,,100,71.145
2025-12-16,9:36:14.447146231,T,KO,I,1,71.15
2025-12-16,9:36:14.456973607,T,KO,,100,71.145
2025-12-16,9:36:14.456976636,T,KO,,250,71.145
2025-12-16,9:36:15.118459000,T,KO,F I,33,71.145
2025-12-16,9:36:15.118552411,T,KO,I,17,71.145
2025-12-16,9:36:15.118555275,T,KO,I,16,71.14
2025-12-16,9:36:15.118690677,T,KO,F I,17,71.14
2025-12-16,9:36:15.123799791,T,KO,,100,71.135
2025-12-16,9:36:15.187419280,T,KO,F I,9,71.14
2025-12-16,9:36:18.610913817,T,KO,I,1,71.14
2025-12-16,9:36:19.400811100,T,KO,I,1,71.12
2025-12-16,9:36:22.798621609,T,KO,F,350,71.11
2025-12-16,9:36:22.800693538,T,KO,,100,71.105
2025-12-16,9:36:23.824238170,T,KO,F,100,71.11
2025-12-16,9:36:25.232405504,T,KO,F I,34,71.1
2025-12-16,9:36:25.232405504,T,KO,F I,2,71.1
2025-12-16,9:36:25.232408272,T,KO,F,100,71.1
2025-12-16,9:36:25.232408272,T,KO,F I,5,71.1
2025-12-16,9:36:25.233541670,T,KO,F I,80,71.095
2025-12-16,9:36:25.233634903,T,KO,I,20,71.095
2025-12-16,9:36:25.233634903,T,KO,I,60,71.09
2025-12-16,9:36:25.233658986,T,KO,F I,20,71.09
2025-12-16,9:36:25.654743098,T,KO,F I,25,71.08
2025-12-16,9:36:25.654743098,T,KO,F I,42,71.08
2025-12-16,9:36:25.654745945,T,KO,F I,60,71.08
2025-12-16,9:36:25.654751933,T,KO,F,100,71.08
2025-12-16,9:36:27.321309092,T,KO,F I,13,71.07
2025-12-16,9:36:27.321312079,T,KO,F,100,71.07
2025-12-16,9:36:27.321315093,T,KO,F,200,71.07
2025-12-16,9:36:33.733796534,T,KO,F I,32,71.06
2025-12-16,9:36:33.733799621,T,KO,F I,50,71.06
2025-12-16,9:36:33.733817766,T,KO,F I,59,71.06
2025-12-16,9:36:33.733838697,T,KO,F I,41,71.06
2025-12-16,9:36:33.733841692,T,KO,F,100,71.06
2025-12-16,9:36:33.735444496,T,KO,,100,71.06
2025-12-16,9:36:33.735447477,T,KO,,100,71.06
2025-12-16,9:36:39.043686780,T,KO,F,200,71.05
2025-12-16,9:36:44.686142166,T,KO,I,88,71.045
2025-12-16,9:36:44.794899085,T,KO,F,100,71.045
2025-12-16,9:36:44.794902108,T,KO,F I,25,71.04
2025-12-16,9:36:44.794911152,T,KO,F,100,71.04
2025-12-16,9:36:44.794917132,T,KO,F,100,71.04
2025-12-16,9:36:44.794917132,T,KO,F,100,71.04
2025-12-16,9:36:44.794932331,T,KO,I,8,71.04
2025-12-16,9:36:44.794932331,T,KO,I,1,71.04
2025-12-16,9:36:45.965921917,T,KO,I,80,71.03
2025-12-16,9:36:45.965921917,T,KO,I,91,71.03
2025-12-16,9:36:45.965924303,T,KO,,100,71.03
2025-12-16,9:36:45.971030330,T,KO,F I,25,71.03
2025-12-16,9:36:45.971036306,T,KO,F I,25,71.03
2025-12-16,9:36:45.971145366,T,KO,F I,25,71.02
2025-12-16,9:36:46.473752595,T,KO,,100,71.03
2025-12-16,9:36:50.136614343,T,KO,,100,71.035
2025-12-16,9:36:52.023945252,T,KO,F I,3,71.04
2025-12-16,9:36:55.161461743,T,KO,,100,71.04
2025-12-16,9:36:55.161464731,T,KO,,100,71.04
2025-12-16,9:36:55.161480360,T,KO,F,100,71.04
2025-12-16,9:36:55.161482879,T,KO,F I,20,71.04
2025-12-16,9:36:55.162195515,T,KO,I,30,71.04
2025-12-16,9:37:09.284402841,T,KO,I,50,71.02
2025-12-16,9:37:09.284423832,T,KO,F I,30,71.02
2025-12-16,9:37:09.883883549,T,KO,,100,71.02
2025-12-16,9:37:11.335738424,T,KO,F I,25,71.02
2025-12-16,9:37:11.335741429,T,KO,F,100,71.02
2025-12-16,9:37:11.336635413,T,KO,I,34,71.02
2025-12-16,9:37:11.336637700,T,KO,I,90,71.02
2025-12-16,9:37:11.336637700,T,KO,,100,71.02
2025-12-16,9:37:11.336652520,T,KO,,100,71.02
2025-12-16,9:37:11.336661624,T,KO,I,1,71.02
2025-12-16,9:37:11.337190834,T,KO,F,100,71.02
2025-12-16,9:37:11.416643044,T,KO,F I,15,71.02
2025-12-16,9:37:11.416661161,T,KO,F I,19,71.02
2025-12-16,9:37:11.416664069,T,KO,F I,34,71.02
2025-12-16,9:37:12.076730148,T,KO,F I,34,71.02
2025-12-16,9:37:17.154440531,T,KO,F I,25,71.02
2025-12-16,9:37:17.154467584,T,KO,F I,25,71.02
2025-12-16,9:37:17.159194834,T,KO,I,33,71.02
2025-12-16,9:37:17.165128020,T,KO,F,100,71.02
2025-12-16,9:37:17.165380673,T,KO,F,100,71.02
2025-12-16,9:37:17.165410741,T,KO,I,1,71.02
2025-12-16,9:37:17.495482802,T,KO,I,41,71.02
2025-12-16,9:37:17.497088600,T,KO,F I,50,71.02
2025-12-16,9:37:17.655993093,T,KO,I,5,71.02
2025-12-16,9:37:22.221108691,T,KO,F I,40,71.01
2025-12-16,9:37:22.221553713,T,KO,I,40,71.01
2025-12-16,9:37:23.263517256,T,KO,,100,71.015
2025-12-16,9:37:27.013526502,T,KO,F I,60,71.01
2025-12-16,9:37:27.921295551,T,KO,F I,40,71.0
2025-12-16,9:37:27.921295551,T,KO,F I,25,71.0
2025-12-16,9:37:27.921298578,T,KO,F I,65,71.0
2025-12-16,9:37:28.048745098,T,KO,F,135,71.0
2025-12-16,9:37:29.943175948,T,KO,,100,70.995
2025-12-16,9:37:31.434968934,T,KO,I,10,70.99
2025-12-16,9:37:31.434968934,T,KO,I,90,70.99
2025-12-16,9:37:31.435447182,T,KO,,100,70.99
2025-12-16,9:37:31.451499313,T,KO,,100,70.99
2025-12-16,9:37:36.558658869,T,KO,I,40,70.97
2025-12-16,9:37:36.558661961,T,KO,I,40,70.97
2025-12-16,9:37:36.558676833,T,KO,I,40,70.97
2025-12-16,9:37:36.558920483,T,KO,I,27,70.97
2025-12-16,9:37:36.558920483,T,KO,I,83,70.97
2025-12-16,9:37:36.558947506,T,KO,F I,17,70.97
2025-12-16,9:37:36.604614216,T,KO,I,1,70.98
2025-12-16,9:37:38.442898394,T,KO,F I,27,70.98
2025-12-16,9:37:41.104230836,T,KO,F I,1,70.96
2025-12-16,9:37:41.127187536,T,KO,,100,70.96
2025-12-16,9:37:41.135508312,T,KO,,100,70.965
2025-12-16,9:37:41.670488397,T,KO,,100,70.97
2025-12-16,9:37:45.159406978,T,KO,,100,70.96
2025-12-16,9:37:45.159406978,T,KO,,100,70.96
2025-12-16,9:37:49.834211648,T,KO,I,9,70.96
2025-12-16,9:37:51.361522060,T,KO,F,100,70.95
2025-12-16,9:37:51.362057530,T,KO,I,18,70.94
2025-12-16,9:37:51.362057530,T,KO,I,80,70.94
2025-12-16,9:37:51.362060376,T,KO,I,20,70.94
2025-12-16,9:37:51.362063421,T,KO,,100,70.94
2025-12-16,9:37:51.963062919,T,KO,I,3,70.94
2025-12-16,9:37:52.587087944,T,KO,,100,70.94
2025-12-16,9:37:54.630935648,T,KO,F,100,70.93
2025-12-16,9:37:54.906548073,T,KO,,100,70.93
2025-12-16,9:37:56.049657585,T,KO,,100,70.92
2025-12-16,9:37:57.085071584,T,KO,,100,70.92
2025-12-16,9:38:02.736855136,T,KO,F I,88,70.94
2025-12-16,9:38:02.736858391,T,KO,F,100,70.94
2025-12-16,9:38:02.736861303,T,KO,F I,5,70.94
2025-12-16,9:38:02.737432719,T,KO,F,100,70.94
2025-12-16,9:38:02.737435433,T,KO,F I,5,70.94
2025-12-16,9:38:03.437208287,T,KO,F I,25,70.93
2025-12-16,9:38:03.437214183,T,KO,F,100,70.93
2025-12-16,9:38:03.437229182,T,KO,I,1,70.93
2025-12-16,9:38:03.792573438,T,KO,I,20,70.92
2025-12-16,9:38:04.036400143,T,KO,I,2,70.915
2025-12-16,9:38:04.909340270,T,KO,F,100,70.91
2025-12-16,9:38:04.909343267,T,KO,F I,5,70.91
2025-12-16,9:38:05.383338130,T,KO,F I,1,70.91
2025-12-16,9:38:05.383341190,T,KO,F I,99,70.91
2025-12-16,9:38:07.005846381,T,KO,F I,25,70.92
2025-12-16,9:38:07.006270455,T,KO,F I,32,70.92
2025-12-16,9:38:07.006270455,T,KO,F I,32,70.92
2025-12-16,9:38:07.015884294,T,KO,F I,25,70.92
2025-12-16,9:38:10.116623219,T,KO,I,1,70.91
2025-12-16,9:38:11.433564762,T,KO,F I,6,70.91
2025-12-16,9:38:17.482826021,T,KO,F I,9,70.91
2025-12-16,9:38:19.642702061,T,KO,F I,80,70.9
2025-12-16,9:38:19.642705042,T,KO,F,100,70.9
2025-12-16,9:38:19.660014281,T,KO,,170,70.89
2025-12-16,9:38:22.385616267,T,KO,F I,2,70.9
2025-12-16,9:38:22.385616267,T,KO,F I,1,70.9
2025-12-16,9:38:25.207473394,T,KO,,100,70.895
2025-12-16,9:38:25.207476450,T,KO,,100,70.895
2025-12-16,9:38:25.207476450,T,KO,,100,70.895
2025-12-16,9:38:41.760766658,T,KO,I,2,70.88
2025-12-16,9:38:41.760790801,T,KO,F,110,70.88
2025-12-16,9:38:41.761055345,T,KO,,110,70.88
2025-12-16,9:38:44.234572513,T,KO,I,6,70.88
2025-12-16,9:38:51.502561185,T,KO,I,25,70.88
2025-12-16,9:38:53.684774511,T,KO,F,100,70.88
2025-12-16,9:38:54.930320239,T,KO,I,1,70.87
2025-12-16,9:38:54.930323304,T,KO,,100,70.87
2025-12-16,9:38:54.930341037,T,KO,F,100,70.87
2025-12-16,9:38:54.930341037,T,KO,F I,17,70.87
2025-12-16,9:38:54.930344566,T,KO,I,1,70.87
2025-12-16,9:38:54.930355997,T,KO,F I,69,70.87
2025-12-16,9:38:54.930359947,T,KO,F I,4,70.87
2025-12-16,9:38:54.930359947,T,KO,F I,31,70.87
2025-12-16,9:38:54.930362044,T,KO,F I,10,70.87
2025-12-16,9:38:54.930482361,T,KO,I,7,70.87
2025-12-16,9:38:54.930485377,T,KO,I,21,70.87
2025-12-16,9:38:54.930485377,T,KO,I,8,70.87
2025-12-16,9:38:54.930488479,T,KO,I,22,70.87
2025-12-16,9:38:54.930492012,T,KO,I,2,70.87
2025-12-16,9:38:54.930492012,T,KO,I,2,70.87
2025-12-16,9:38:54.930494299,T,KO,I,21,70.87
2025-12-16,9:38:59.231620161,T,KO,F,100,70.86
2025-12-16,9:39:00.037996843,T,KO,F I,25,70.87
2025-12-16,9:39:00.058177720,T,KO,F,100,70.88
2025-12-16,9:39:00.058180749,T,KO,F I,23,70.88
2025-12-16,9:39:00.058187113,T,KO,F I,77,70.88
2025-12-16,9:39:00.059437694,T,KO,F,125,70.885
2025-12-16,9:39:00.240601232,T,KO,F,170,70.885
2025-12-16,9:39:00.240604232,T,KO,F I,55,70.88
2025-12-16,9:39:00.240895923,T,KO,,110,70.885
2025-12-16,9:39:00.241014526,T,KO,F I,25,70.89
2025-12-16,9:39:00.241014526,T,KO,F I,45,70.89
2025-12-16,9:39:00.399337188,T,KO,F I,25,70.89
2025-12-16,9:39:00.399337188,T,KO,F I,10,70.89
2025-12-16,9:39:00.565985108,T,KO,I,2,70.88
2025-12-16,9:39:01.372163144,T,KO,F I,25,70.89
2025-12-16,9:39:05.101483056,T,KO,F I,4,70.9
2025-12-16,9:39:05.101486095,T,KO,F I,8,70.9
2025-12-16,9:39:07.889122295,T,KO,F,100,70.91
2025-12-16,9:39:07.889131745,T,KO,F,100,70.91
2025-12-16,9:39:09.389506697,T,KO,F I,50,70.91
2025-12-16,9:39:09.389506697,T,KO,F,100,70.91
2025-12-16,9:39:09.389524749,T,KO,I,1,70.91
2025-12-16,9:39:09.389566819,T,KO,,100,70.91
2025-12-16,9:39:09.389756674,T,KO,F,100,70.91
2025-12-16,9:39:09.389756674,T,KO,F I,50,70.91
2025-12-16,9:39:13.461182959,T,KO,F,100,70.91
2025-12-16,9:39:13.461185906,T,KO,F,100,70.91
2025-12-16,9:39:13.461188984,T,KO,F I,21,70.91
2025-12-16,9:39:13.461200967,T,KO,I,1,70.91
2025-12-16,9:39:14.269959184,T,KO,F I,3,70.91
2025-12-16,9:39:14.269962165,T,KO,F I,25,70.91
2025-12-16,9:39:14.270025497,T,KO,F I,1,70.91
2025-12-16,9:39:16.353883488,T,KO,F,170,70.92
2025-12-16,9:39:18.466835650,T,KO,,100,70.93
2025-12-16,9:39:19.544626689,T,KO,F,100,70.93
2025-12-16,9:39:24.541188789,T,KO,I,8,70.93
2025-12-16,9:39:25.340790106,T,KO,F I,19,70.93
2025-12-16,9:39:32.011821220,T,KO,F I,50,70.93
2025-12-16,9:39:34.510463149,T,KO,,100,70.92
2025-12-16,9:39:34.510478772,T,KO,I,1,70.92
2025-12-16,9:39:34.510478772,T,KO,,100,70.92
2025-12-16,9:39:34.510508494,T,KO,F,350,70.92
2025-12-16,9:39:34.510526285,T,KO,I,73,70.92
2025-12-16,9:39:34.510992523,T,KO,I,76,70.92
2025-12-16,9:39:34.526560421,T,KO,F I,23,70.91
2025-12-16,9:39:34.801517276,T,KO,F,100,70.905
2025-12-16,9:39:35.323491441,T,KO,,170,70.895
2025-12-16,9:39:35.414999448,T,KO,,170,70.895
2025-12-16,9:39:35.437502015,T,KO,,130,70.895
2025-12-16,9:39:40.647115392,T,KO,F I,5,70.89
2025-12-16,9:39:40.647115392,T,KO,F,100,70.89
2025-12-16,9:39:40.647118435,T,KO,F I,50,70.89
2025-12-16,9:39:40.818057653,T,KO,,100,70.885
2025-12-16,9:39:40.830567419,T,KO,,110,70.885
2025-12-16,9:39:40.847575927,T,KO,,170,70.885
2025-12-16,9:39:40.863324439,T,KO,,110,70.885
2025-12-16,9:39:46.401019158,T,KO,,100,70.885
2025-12-16,9:39:49.660127233,T,KO,I,50,70.88
2025-12-16,9:39:49.660130261,T,KO,,100,70.88
2025-12-16,9:39:50.569508152,T,KO,I,6,70.865
2025-12-16,9:39:50.571198099,T,KO,I,3,70.865
2025-12-16,9:39:55.440359068,T,KO,F,100,70.87
2025-12-16,9:39:55.440362048,T,KO,F I,2,70.87
2025-12-16,9:39:55.440362048,T,KO,F,100,70.87
2025-12-16,9:39:55.440364798,T,KO,F I,25,70.87
2025-12-16,9:39:55.441799210,T,KO,F,300,70.865
2025-12-16,9:39:55.441985671,T,KO,,100,70.86
2025-12-16,9:39:55.442987577,T,KO,F,100,70.86
2025-12-16,9:39:55.442990021,T,KO,F I,96,70.86
2025-12-16,9:39:55.444118173,T,KO,F I,4,70.86
2025-12-16,9:39:55.444120738,T,KO,F,100,70.86
2025-12-16,9:39:55.444123823,T,KO,F I,51,70.86
2025-12-16,9:39:55.450989140,T,KO,F I,48,70.855
2025-12-16,9:39:55.450995125,T,KO,F I,48,70.855
2025-12-16,9:39:55.451001526,T,KO,F I,14,70.855
2025-12-16,9:39:55.451004252,T,KO,F I,27,70.86
2025-12-16,9:39:55.451007176,T,KO,F I,7,70.86
2025-12-16,9:39:55.451019425,T,KO,F I,4,70.86
2025-12-16,9:39:55.451019425,T,KO,F I,10,70.86
2025-12-16,9:39:57.268021750,T,KO,,100,70.87
2025-12-16,9:39:58.479883954,T,KO,,110,70.885
2025-12-16,9:39:58.566712791,T,KO,,110,70.885
2025-12-16,9:39:58.579195422,T,KO,I,80,70.885
2025-12-16,9:40:00.169133461,T,KO,I,4,70.89
2025-12-16,9:40:00.169133461,T,KO,,265,70.89
2025-12-16,9:40:00.169139124,T,KO,F I,35,70.89
2025-12-16,9:40:00.200912843,T,KO,F,100,70.9
2025-12-16,9:40:00.200933937,T,KO,F,100,70.9
2025-12-16,9:40:00.200937738,T,KO,F,100,70.9
2025-12-16,9:40:00.202452450,T,KO,,110,70.905
2025-12-16,9:40:00.202452450,T,KO,,100,70.905
2025-12-16,9:40:00.205495792,T,KO,,100,70.9
2025-12-16,9:40:00.205513815,T,KO,I,1,70.9
2025-12-16,9:40:02.208272086,T,KO,F I,27,70.9
2025-12-16,9:40:02.208272086,T,KO,F I,67,70.9
2025-12-16,9:40:02.208275029,T,KO,F,300,70.9
2025-12-16,9:40:02.208277683,T,KO,F,100,70.9
2025-12-16,9:40:04.734552387,T,KO,,110,70.875
2025-12-16,9:40:07.104818558,T,KO,F I,50,70.87
2025-12-16,9:40:09.090150102,T,KO,I,7,70.87
2025-12-16,9:40:09.092233920,T,KO,I,4,70.87
2025-12-16,9:40:10.239797770,T,KO,F,100,70.86
2025-12-16,9:40:10.239797770,T,KO,F I,1,70.86
2025-12-16,9:40:10.239800144,T,KO,F I,25,70.86
2025-12-16,9:40:10.849303689,T,KO,I,9,70.855
2025-12-16,9:40:11.237104240,T,KO,F,100,70.86
2025-12-16,9:40:11.384220628,T,KO,F I,40,70.85
2025-12-16,9:40:13.532110262,T,KO,F,160,70.83
2025-12-16,9:40:13.532110262,T,KO,F I,1,70.83
2025-12-16,9:40:13.532125709,T,KO,F I,31,70.83
2025-12-16,9:40:13.532128512,T,KO,I,1,70.83
2025-12-16,9:40:13.532131217,T,KO,F I,68,70.83
2025-12-16,9:40:16.335488808,T,KO,F I,9,70.83
2025-12-16,9:40:16.338240744,T,KO,F,100,70.83
2025-12-16,9:40:16.338240744,T,KO,F I,29,70.83
2025-12-16,9:40:16.338243386,T,KO,F I,4,70.83
2025-12-16,9:40:17.462801792,T,KO,F,100,70.83
2025-12-16,9:40:17.462801792,T,KO,F I,4,70.83
2025-12-16,9:40:17.462805024,T,KO,F I,29,70.83
2025-12-16,9:40:18.853421718,T,KO,I,13,70.83
2025-12-16,9:40:21.303801779,T,KO,,100,70.83
2025-12-16,9:40:21.303801779,T,KO,,162,70.83
2025-12-16,9:40:21.303816981,T,KO,I,1,70.83
2025-12-16,9:40:21.304252774,T,KO,I,28,70.83
2025-12-16,9:40:21.304255786,T,KO,,100,70.83
2025-12-16,9:40:21.304258765,T,KO,,100,70.83
2025-12-16,9:40:21.304258765,T,KO,I,4,70.83
2025-12-16,9:40:21.543277008,T,KO,I,40,70.825
2025-12-16,9:40:34.212221982,T,KO,I,32,70.825
2025-12-16,9:40:35.814526060,T,KO,F I,4,70.83
2025-12-16,9:40:35.814531497,T,KO,F,100,70.83
2025-12-16,9:40:35.814531497,T,KO,F I,28,70.83
2025-12-16,9:40:35.814534891,T,KO,F I,1,70.83
2025-12-16,9:40:35.814537461,T,KO,F,100,70.83
2025-12-16,9:40:35.814537461,T,KO,F I,10,70.83
2025-12-16,9:40:35.814546789,T,KO,F,100,70.83
2025-12-16,9:40:35.814582271,T,KO,I,1,70.83
2025-12-16,9:40:35.815021721,T,KO,I,51,70.83
2025-12-16,9:40:35.815163170,T,KO,F,100,70.83
2025-12-16,9:40:35.815165621,T,KO,F I,30,70.83
2025-12-16,9:40:35.815168652,T,KO,F,100,70.83
2025-12-16,9:40:35.815186717,T,KO,I,1,70.83
2025-12-16,9:40:37.932403192,T,KO,F I,1,70.82
2025-12-16,9:40:37.932412274,T,KO,F,100,70.82
2025-12-16,9:40:37.932415300,T,KO,F,141,70.82
2025-12-16,9:40:37.932424742,T,KO,F I,59,70.82
2025-12-16,9:40:37.932427320,T,KO,F,100,70.82
2025-12-16,9:40:37.932431500,T,KO,F,100,70.82
2025-12-16,9:40:37.932431500,T,KO,F,300,70.82
2025-12-16,9:40:37.932436351,T,KO,F,100,70.82
2025-12-16,9:40:37.932439295,T,KO,F,100,70.82
2025-12-16,9:40:37.932439295,T,KO,F,100,70.82
2025-12-16,9:40:41.219928886,T,KO,,100,70.815
2025-12-16,9:40:41.298494092,T,KO,I,4,70.82
2025-12-16,9:40:41.298497221,T,KO,I,30,70.82
2025-12-16,9:40:41.299020826,T,KO,,100,70.82
2025-12-16,9:40:42.564936163,T,KO,,100,70.82
2025-12-16,9:40:43.540351465,T,KO,F,100,70.835
2025-12-16,9:40:43.540351465,T,KO,F I,4,70.83
2025-12-16,9:40:43.540354342,T,KO,F,100,70.83
2025-12-16,9:40:45.352235473,T,KO,I,1,70.825
2025-12-16,9:40:49.911291612,T,KO,,100,70.815
2025-12-16,9:40:50.518260196,T,KO,,100,70.815
2025-12-16,9:40:51.026142825,T,KO,I,25,70.815
2025-12-16,9:40:51.249776388,T,KO,I,50,70.82
2025-12-16,9:40:51.372110794,T,KO,I,25,70.825
2025-12-16,9:40:52.578349659,T,KO,I,7,70.825
2025-12-16,9:41:02.429103179,T,KO,F I,8,70.82
2025-12-16,9:41:02.429103179,T,KO,F I,72,70.82
2025-12-16,9:41:02.429106211,T,KO,F I,1,70.82
2025-12-16,9:41:02.429108855,T,KO,F,200,70.82
2025-12-16,9:41:02.429112392,T,KO,F,100,70.82
2025-12-16,9:41:02.429112392,T,KO,F I,1,70.82
2025-12-16,9:41:02.429114844,T,KO,F I,86,70.82
2025-12-16,9:41:02.429126916,T,KO,I,1,70.82
2025-12-16,9:41:02.429147928,T,KO,I,36,70.82
2025-12-16,9:41:02.429165989,T,KO,I,13,70.82
2025-12-16,9:41:02.429184575,T,KO,F I,50,70.82
2025-12-16,9:41:02.429184575,T,KO,F,100,70.82
2025-12-16,9:41:02.429186994,T,KO,F I,14,70.82
2025-12-16,9:41:02.429887663,T,KO,I,1,70.81
2025-12-16,9:41:02.429893639,T,KO,I,90,70.81
2025-12-16,9:41:02.430801864,T,KO,I,9,70.805
2025-12-16,9:41:02.430801864,T,KO,I,1,70.81
2025-12-16,9:41:03.162678892,T,KO,I,25,70.805
2025-12-16,9:41:03.284908050,T,KO,I,50,70.81
2025-12-16,9:41:03.285199679,T,KO,,100,70.805
2025-12-16,9:41:03.824675537,T,KO,I,50,70.81
2025-12-16,9:41:03.824946320,T,KO,I,12,70.81
2025-12-16,9:41:03.930864706,T,KO,I,50,70.815
2025-12-16,9:41:04.409171596,T,KO,,200,70.815
2025-12-16,9:41:04.555283744,T,KO,,100,70.815
2025-12-16,9:41:06.365745676,T,KO,I,38,70.805
2025-12-16,9:41:07.957508648,T,KO,F,100,70.82
2025-12-16,9:41:07.957508648,T,KO,F,100,70.82
2025-12-16,9:41:07.957524943,T,KO,F,100,70.82
2025-12-16,9:41:07.960699633,T,KO,F,100,70.84
2025-12-16,9:41:07.960702781,T,KO,F,100,70.84
2025-12-16,9:41:07.960705468,T,KO,F,100,70.84
2025-12-16,9:41:07.960709632,T,KO,F,100,70.84
2025-12-16,9:41:07.960709632,T,KO,F,200,70.84
2025-12-16,9:41:07.960714171,T,KO,F,100,70.84
2025-12-16,9:41:07.960714171,T,KO,F,100,70.84
2025-12-16,9:41:07.960753261,T,KO,F,100,70.84
2025-12-16,9:41:07.980898267,T,KO,,100,70.85
2025-12-16,9:41:08.531981707,T,KO,F,100,70.86
2025-12-16,9:41:08.995523676,T,KO,F,100,70.87
2025-12-16,9:41:08.995547794,T,KO,F,100,70.87
2025-12-16,9:41:09.122375737,T,KO,F I,33,70.87
2025-12-16,9:41:09.122375737,T,KO,F I,9,70.87
2025-12-16,9:41:09.122378615,T,KO,F,100,70.87
2025-12-16,9:41:10.164555027,T,KO,F I,3,70.86
2025-12-16,9:41:10.722723353,T,KO,F I,7,70.86
2025-12-16,9:41:10.722745088,T,KO,F I,93,70.86
2025-12-16,9:41:10.722745088,T,KO,F I,13,70.86
2025-12-16,9:41:10.722750399,T,KO,F,100,70.86
2025-12-16,9:41:12.712658688,T,KO,F I,22,70.85
2025-12-16,9:41:13.777515915,T,KO,F I,3,70.85
2025-12-16,9:41:13.777515915,T,KO,F I,19,70.85
2025-12-16,9:41:13.778568234,T,KO,F I,13,70.84
2025-12-16,9:41:13.779399109,T,KO,F I,25,70.84
2025-12-16,9:41:13.779399109,T,KO,F I,37,70.84
2025-12-16,9:41:13.779404738,T,KO,F,500,70.84
2025-12-16,9:41:13.779404738,T,KO,F I,33,70.84
2025-12-16,9:41:13.779419871,T,KO,I,1,70.84
2025-12-16,9:41:13.779689939,T,KO,F I,7,70.84
2025-12-16,9:41:14.113557051,T,KO,,100,70.845
2025-12-16,9:41:18.920848342,T,KO,I,50,70.845
2025-12-16,9:41:19.989494498,T,KO,I,50,70.845
2025-12-16,9:41:20.420520041,T,KO,I,33,70.84
2025-12-16,9:41:20.420523131,T,KO,I,4,70.84
2025-12-16,9:41:20.420523131,T,KO,I,31,70.84
2025-12-16,9:41:20.967889710,T,KO,I,11,70.84
2025-12-16,9:41:22.526186047,T,KO,,100,70.835
2025-12-16,9:41:23.623216821,T,KO,F,100,70.84
2025-12-16,9:41:25.679360946,T,KO,F,100,70.85
2025-12-16,9:41:25.680674987,T,KO,F,100,70.86
2025-12-16,9:41:25.680699581,T,KO,I,8,70.86
2025-12-16,9:41:25.680702342,T,KO,I,92,70.86
2025-12-16,9:41:25.680702342,T,KO,,100,70.86
2025-12-16,9:41:25.680981778,T,KO,I,8,70.86
2025-12-16,9:41:25.680984700,T,KO,I,50,70.86
2025-12-16,9:41:25.680987743,T,KO,I,52,70.86
2025-12-16,9:41:25.681472421,T,KO,F I,48,70.86
2025-12-16,9:41:29.636389132,T,KO,F,100,70.85
2025-12-16,9:41:29.636389132,T,KO,F I,11,70.85
2025-12-16,9:41:29.636392083,T,KO,F,100,70.85
2025-12-16,9:41:30.905748217,T,KO,F I,41,70.84
2025-12-16,9:41:30.905778464,T,KO,F I,49,70.84
2025-12-16,9:41:30.905778464,T,KO,F I,42,70.84
2025-12-16,9:41:34.265385747,T,KO,F I,31,70.83
2025-12-16,9:41:34.265391860,T,KO,F,100,70.83
2025-12-16,9:41:34.265391860,T,KO,F I,50,70.83
2025-12-16,9:41:34.265394787,T,KO,F,200,70.83
2025-12-16,9:41:34.271171541,T,KO,F I,38,70.83
2025-12-16,9:41:34.271171541,T,KO,F I,9,70.83
2025-12-16,9:41:35.105821415,T,KO,,100,70.835
2025-12-16,9:41:35.970717287,T,KO,I,20,70.84
2025-12-16,9:41:35.971300717,T,KO,,100,70.84
2025-12-16,9:41:38.246519536,T,KO,F I,38,70.84
2025-12-16,9:41:38.246519536,T,KO,F I,18,70.84
2025-12-16,9:41:38.246522515,T,KO,F,100,70.84
2025-12-16,9:41:39.526449036,T,KO,I,10,70.83
2025-12-16,9:41:39.526454872,T,KO,,100,70.83
2025-12-16,9:41:39.526454872,T,KO,,100,70.83
2025-12-16,9:41:39.526761678,T,KO,,100,70.825
2025-12-16,9:41:39.527318214,T,KO,I,37,70.83
2025-12-16,9:41:39.527320988,T,KO,I,44,70.83
2025-12-16,9:41:39.527323928,T,KO,I,35,70.83
2025-12-16,9:41:39.529272605,T,KO,,200,70.84
2025-12-16,9:41:41.583353673,T,KO,,100,70.845
2025-12-16,9:41:41.583651394,T,KO,,100,70.845
2025-12-16,9:41:41.604042998,T,KO,I,44,70.84
2025-12-16,9:41:41.604042998,T,KO,I,37,70.84
2025-12-16,9:41:43.090826002,T,KO,,100,70.84
2025-12-16,9:41:44.157412245,T,KO,,100,70.835
2025-12-16,9:41:46.042632674,T,KO,F,100,70.85
2025-12-16,9:41:46.042635241,T,KO,F I,14,70.85
2025-12-16,9:41:46.042635241,T,KO,F,100,70.85
2025-12-16,9:41:46.042911861,T,KO,,100,70.85
2025-12-16,9:41:46.288488734,T,KO,I,1,70.855
2025-12-16,9:41:46.649706055,T,KO,I,10,70.85
2025-12-16,9:41:46.656312760,T,KO,,100,70.845
2025-12-16,9:41:46.776036898,T,KO,I,10,70.845
2025-12-16,9:41:48.272039853,T,KO,,100,70.845
2025-12-16,9:41:57.744672396,T,KO,I,84,70.845
2025-12-16,9:41:57.979035566,T,KO,,100,70.85
2025-12-16,9:41:57.979057128,T,KO,I,1,70.85
2025-12-16,9:41:57.979060271,T,KO,I,52,70.85
2025-12-16,9:41:57.979080979,T,KO,F I,47,70.85
2025-12-16,9:42:01.385028451,T,KO,F,100,70.85
2025-12-16,9:42:01.385028451,T,KO,F I,80,70.85
2025-12-16,9:42:03.206638348,T,KO,F,100,70.845
2025-12-16,9:42:03.206638348,T,KO,F I,14,70.85
2025-12-16,9:42:03.206887500,T,KO,,100,70.85
2025-12-16,9:42:03.207040903,T,KO,I,1,70.85
2025-12-16,9:42:03.209296230,T,KO,I,99,70.85
2025-12-16,9:42:03.209299238,T,KO,I,1,70.85
2025-12-16,9:42:06.201133775,T,KO,,100,70.845
2025-12-16,9:42:10.237626356,T,KO,,120,70.845
2025-12-16,9:42:10.237629276,T,KO,I,80,70.84
2025-12-16,9:42:15.172054446,T,KO,I,50,70.845
2025-12-16,9:42:15.185379188,T,KO,I,5,70.845
2025-12-16,9:42:15.893592904,T,KO,F I,20,70.84
2025-12-16,9:42:15.893598954,T,KO,F I,10,70.84
2025-12-16,9:42:15.893604934,T,KO,F I,90,70.84
2025-12-16,9:42:15.893604934,T,KO,F,100,70.84
2025-12-16,9:42:15.893608310,T,KO,F,100,70.84
2025-12-16,9:42:15.894747660,T,KO,I,22,70.835
2025-12-16,9:42:15.899758519,T,KO,F,100,70.83
2025-12-16,9:42:15.899758519,T,KO,F,160,70.83
2025-12-16,9:42:15.899763934,T,KO,F I,1,70.83
2025-12-16,9:42:15.899763934,T,KO,F,100,70.83
2025-12-16,9:42:15.936613314,T,KO,,100,70.825
2025-12-16,9:42:16.000807257,T,KO,F I,80,70.82
2025-12-16,9:42:17.037968881,T,KO,F I,15,70.81
2025-12-16,9:42:17.037971354,T,KO,F,100,70.81
2025-12-16,9:42:17.037974463,T,KO,F I,20,70.81
2025-12-16,9:42:17.463319414,T,KO,F I,4,70.8
2025-12-16,9:42:17.489412557,T,KO,,100,70.785
2025-12-16,9:42:17.489416195,T,KO,I,3,70.79
2025-12-16,9:42:17.489418562,T,KO,,100,70.79
2025-12-16,9:42:17.489422075,T,KO,I,15,70.79
2025-12-16,9:42:17.489422075,T,KO,F,100,70.79
2025-12-16,9:42:17.489424644,T,KO,F,100,70.79
2025-12-16,9:42:17.490849976,T,KO,I,38,70.8
2025-12-16,9:42:17.490853163,T,KO,,100,70.8
2025-12-16,9:42:17.490853163,T,KO,I,62,70.8
2025-12-16,9:42:17.548653643,T,KO,,100,70.795
2025-12-16,9:42:17.654517850,T,KO,F I,38,70.8
2025-12-16,9:42:17.706800273,T,KO,F,100,70.8
2025-12-16,9:42:17.706803284,T,KO,F I,38,70.8
2025-12-16,9:42:17.706806408,T,KO,F,100,70.8
2025-12-16,9:42:17.706809538,T,KO,F,100,70.8
2025-12-16,9:42:17.706812365,T,KO,F I,38,70.8
2025-12-16,9:42:19.732686320,T,KO,I,38,70.79
2025-12-16,9:42:22.715938303,T,KO,,100,70.795
2025-12-16,9:42:23.148254192,T,KO,,100,70.8
2025-12-16,9:42:27.446441767,T,KO,,100,70.81
2025-12-16,9:42:27.446465841,T,KO,I,1,70.81
2025-12-16,9:42:27.446465841,T,KO,I,99,70.81
2025-12-16,9:42:27.516442439,T,KO,I,12,70.82
2025-12-16,9:42:27.516827451,T,KO,,100,70.82
2025-12-16,9:42:29.867652206,T,KO,,100,70.81
2025-12-16,9:42:29.867652206,T,KO,,100,70.81
2025-12-16,9:42:30.017748749,T,KO,I,72,70.8
2025-12-16,9:42:31.584098276,T,KO,I,10,70.8
2025-12-16,9:42:31.584155288,T,KO,I,90,70.795
2025-12-16,9:42:31.584155288,T,KO,I,42,70.8
2025-12-16,9:42:31.584176850,T,KO,F I,38,70.8
2025-12-16,9:42:31.584179392,T,KO,F I,15,70.8
2025-12-16,9:42:36.382034242,T,KO,,100,70.795
2025-12-16,9:42:44.196580728,T,KO,I,38,70.79
2025-12-16,9:42:44.196580728,T,KO,I,62,70.79
2025-12-16,9:42:44.196598721,T,KO,I,1,70.79
2025-12-16,9:42:46.278447969,T,KO,,100,70.795
2025-12-16,9:42:46.278450924,T,KO,,100,70.795
2025-12-16,9:42:48.478966117,T,KO,F I,10,70.79
2025-12-16,9:42:48.478966117,T,KO,F I,50,70.79
2025-12-16,9:42:50.232231575,T,KO,I,32,70.79
2025-12-16,9:42:50.232234580,T,KO,I,24,70.79
2025-12-16,9:42:50.232312745,T,KO,F I,32,70.79
2025-12-16,9:42:51.060307828,T,KO,,100,70.81
2025-12-16,9:42:51.060307828,T,KO,I,49,70.81
2025-12-16,9:42:51.060325831,T,KO,I,1,70.81
2025-12-16,9:42:51.060551365,T,KO,I,46,70.81
2025-12-16,9:42:51.060554373,T,KO,F I,4,70.81
2025-12-16,9:42:54.205844306,T,KO,,100,70.81
2025-12-16,9:42:54.205844306,T,KO,,100,70.81
2025-12-16,9:42:54.453628474,T,KO,F,300,70.82
2025-12-16,9:43:00.101018556,T,KO,,100,70.835
2025-12-16,9:43:01.250503310,T,KO,,120,70.845
2025-12-16,9:43:03.248633063,T,KO,I,2,70.85
2025-12-16,9:43:03.248666163,T,KO,I,5,70.85
2025-12-16,9:43:04.632444838,T,KO,I,3,70.855
2025-12-16,9:43:04.632444838,T,KO,I,7,70.855
2025-12-16,9:43:05.732990957,T,KO,I,42,70.86
2025-12-16,9:43:08.019961711,T,KO,I,1,70.86
2025-12-16,9:43:08.019964766,T,KO,F I,57,70.86
2025-12-16,9:43:08.843037700,T,KO,I,53,70.87
2025-12-16,9:43:08.843055100,T,KO,F I,47,70.87
2025-12-16,9:43:10.210219226,T,KO,I,25,70.87
2025-12-16,9:43:13.153079277,T,KO,F I,50,70.87
2025-12-16,9:43:13.153085103,T,KO,F I,2,70.87
2025-12-16,9:43:13.153088196,T,KO,F,100,70.87
2025-12-16,9:43:13.153091224,T,KO,F I,30,70.87
2025-12-16,9:43:13.153091224,T,KO,F,152,70.87
2025-12-16,9:43:13.153097197,T,KO,I,1,70.87
2025-12-16,9:43:13.153103163,T,KO,F I,12,70.87
2025-12-16,9:43:13.153106826,T,KO,F I,5,70.87
2025-12-16,9:43:17.190570473,T,KO,F I,10,70.86
2025-12-16,9:43:17.190744481,T,KO,,140,70.86
2025-12-16,9:43:17.190762624,T,KO,I,1,70.86
2025-12-16,9:43:17.206622399,T,KO,F,100,70.855
2025-12-16,9:43:17.206622399,T,KO,F I,17,70.86
2025-12-16,9:43:17.206650155,T,KO,F I,42,70.86
2025-12-16,9:43:17.206650155,T,KO,F I,33,70.86
2025-12-16,9:43:17.206652369,T,KO,F I,25,70.86
2025-12-16,9:43:20.222030025,T,KO,,100,70.865
2025-12-16,9:43:25.134142318,T,KO,I,22,70.86
2025-12-16,9:43:25.134142318,T,KO,I,33,70.86
2025-12-16,9:43:25.134145092,T,KO,I,3,70.86
2025-12-16,9:43:29.161598660,T,KO,F I,1,70.86
2025-12-16,9:43:29.161601636,T,KO,F,100,70.86
2025-12-16,9:43:29.161604917,T,KO,F I,15,70.86
2025-12-16,9:43:29.161604917,T,KO,F I,24,70.86
2025-12-16,9:43:29.872575410,T,KO,,120,70.865
2025-12-16,9:43:30.171613623,T,KO,,100,70.855
2025-12-16,9:43:32.185001782,T,KO,,100,70.855
2025-12-16,9:43:34.156873110,T,KO,,100,70.855
2025-12-16,9:43:36.115976080,T,KO,,100,70.855
2025-12-16,9:43:39.142404913,T,KO,,100,70.855
2025-12-16,9:43:52.137200289,T,KO,F I,4,70.86
2025-12-16,9:43:52.137200289,T,KO,F,100,70.86
2025-12-16,9:43:52.137203284,T,KO,F I,81,70.86
2025-12-16,9:43:52.137203284,T,KO,F,100,70.86
2025-12-16,9:43:53.836237468,T,KO,,100,70.865
2025-12-16,9:43:53.836237468,T,KO,I,37,70.87
2025-12-16,9:43:53.837304897,T,KO,I,63,70.87
2025-12-16,9:43:53.837304897,T,KO,I,9,70.87
2025-12-16,9:43:56.889087157,T,KO,,100,70.865
2025-12-16,9:43:56.889090246,T,KO,I,91,70.87
2025-12-16,9:43:56.889090246,T,KO,I,20,70.87
2025-12-16,9:43:56.889108944,T,KO,I,1,70.87
2025-12-16,9:43:56.889126626,T,KO,F I,79,70.87
2025-12-16,9:43:56.889126626,T,KO,F I,20,70.87
2025-12-16,9:43:56.889132316,T,KO,F I,1,70.87
2025-12-16,9:43:56.889417917,T,KO,I,8,70.87
2025-12-16,9:43:56.889417917,T,KO,,109,70.87
2025-12-16,9:43:56.889505124,T,KO,F,100,70.87
2025-12-16,9:43:56.889508158,T,KO,F I,38,70.87
2025-12-16,9:43:56.889511189,T,KO,F I,16,70.87
2025-12-16,9:43:56.889520140,T,KO,F,100,70.87
2025-12-16,9:43:56.889775799,T,KO,,100,70.87
2025-12-16,9:43:56.889778927,T,KO,I,38,70.87
2025-12-16,9:43:56.889778927,T,KO,I,16,70.87
2025-12-16,9:43:56.889782425,T,KO,I,38,70.87
2025-12-16,9:43:56.889784834,T,KO,I,37,70.87
2025-12-16,9:43:56.990990859,T,KO,F I,10,70.86
2025-12-16,9:43:56.991009046,T,KO,F I,28,70.86
2025-12-16,9:43:56.991011909,T,KO,F,100,70.86
2025-12-16,9:43:56.991026970,T,KO,F I,30,70.86
2025-12-16,9:43:56.992584654,T,KO,I,23,70.855
2025-12-16,9:43:56.997263749,T,KO,F,140,70.85
2025-12-16,9:43:56.997291116,T,KO,F I,90,70.85
2025-12-16,9:43:56.997293864,T,KO,F I,1,70.85
2025-12-16,9:44:00.438738435,T,KO,I,29,70.84
2025-12-16,9:44:00.438741429,T,KO,,100,70.84
2025-12-16,9:44:00.438741429,T,KO,,200,70.84
2025-12-16,9:44:00.438759297,T,KO,I,1,70.84
2025-12-16,9:44:00.438768319,T,KO,,299,70.84
2025-12-16,9:44:00.439372671,T,KO,F I,38,70.84
2025-12-16,9:44:00.439379080,T,KO,F,100,70.84
2025-12-16,9:44:00.439379080,T,KO,F,100,70.84
2025-12-16,9:44:00.439379080,T,KO,F,100,70.84
2025-12-16,9:44:00.729321146,T,KO,F,100,70.84
2025-12-16,9:44:00.729323384,T,KO,F I,16,70.84
2025-12-16,9:44:00.729326312,T,KO,F I,38,70.84
2025-12-16,9:44:00.729326312,T,KO,F I,9,70.84
2025-12-16,9:44:00.729326312,T,KO,F,100,70.84
2025-12-16,9:44:00.729521781,T,KO,F I,38,70.84
2025-12-16,9:44:00.729521781,T,KO,F I,9,70.84
2025-12-16,9:44:00.729531075,T,KO,F,598,70.835
2025-12-16,9:44:00.729575919,T,KO,,102,70.835
2025-12-16,9:44:00.729667018,T,KO,F I,38,70.84
2025-12-16,9:44:00.729669098,T,KO,F I,6,70.84
2025-12-16,9:44:00.730420835,T,KO,I,38,70.84
2025-12-16,9:44:00.730420835,T,KO,,100,70.84
2025-12-16,9:44:00.911882382,T,KO,F I,40,70.83
2025-12-16,9:44:00.911882382,T,KO,F,100,70.83
2025-12-16,9:44:01.523689258,T,KO,I,38,70.83
2025-12-16,9:44:01.524994299,T,KO,F I,37,70.83
2025-12-16,9:44:01.524994299,T,KO,F I,87,70.83
2025-12-16,9:44:01.525012387,T,KO,I,1,70.83
2025-12-16,9:44:01.581829699,T,KO,I,1,70.83
2025-12-16,9:44:01.673731625,T,KO,F I,37,70.83
2025-12-16,9:44:01.695653787,T,KO,I,37,70.83
2025-12-16,9:44:02.236524934,T,KO,F I,5,70.81
2025-12-16,9:44:03.099613479,T,KO,I,37,70.81
2025-12-16,9:44:03.099616650,T,KO,I,26,70.81
2025-12-16,9:44:03.099619478,T,KO,,100,70.81
2025-12-16,9:44:10.202259585,T,KO,,100,70.815
2025-12-16,9:44:10.455083712,T,KO,F,300,70.82
2025-12-16,9:44:10.455086767,T,KO,F I,4,70.82
2025-12-16,9:44:10.455086767,T,KO,F I,9,70.82
2025-12-16,9:44:19.146981905,T,KO,F I,6,70.83
2025-12-16,9:44:19.147000663,T,KO,F I,1,70.83
2025-12-16,9:44:19.147550255,T,KO,I,10,70.83
2025-12-16,9:44:19.147595465,T,KO,I,10,70.83
2025-12-16,9:44:24.264672445,T,KO,,100,70.835
2025-12-16,9:44:26.161546273,T,KO,F I,40,70.83
2025-12-16,9:44:26.161548373,T,KO,F I,90,70.83
2025-12-16,9:44:26.161551317,T,KO,F I,10,70.83
2025-12-16,9:44:26.162011852,T,KO,F I,10,70.83
2025-12-16,9:44:26.586706913,T,KO,,100,70.82
2025-12-16,9:44:26.586724911,T,KO,I,1,70.82
2025-12-16,9:44:30.238475171,T,KO,I,40,70.82
2025-12-16,9:44:30.238478064,T,KO,I,25,70.82
2025-12-16,9:44:30.239632856,T,KO,I,35,70.815
2025-12-16,9:44:36.016087325,T,KO,,180,70.815
2025-12-16,9:44:40.134491874,T,KO,F I,70,70.815
2025-12-16,9:44:41.790644338,T,KO,I,13,70.82
2025-12-16,9:44:41.790647248,T,KO,I,3,70.82
2025-12-16,9:44:46.192110101,T,KO,I,25,70.82
2025-12-16,9:44:50.649530102,T,KO,I,10,70.82
2025-12-16,9:44:52.711565121,T,KO,I,10,70.815
2025-12-16,9:44:53.927246437,T,KO,,390,70.815
2025-12-16,9:44:54.022414181,T,KO,,100,70.815
2025-12-16,9:44:56.378778134,T,KO,I,11,70.83
2025-12-16,9:44:56.378781170,T,KO,I,43,70.83
2025-12-16,9:45:00.021846648,T,KO,I,25,70.84
2025-12-16,9:45:00.021846648,T,KO,I,75,70.84
2025-12-16,9:45:00.028092502,T,KO,,100,70.84
2025-12-16,9:45:00.036516068,T,KO,F,100,70.84
2025-12-16,9:45:00.092599176,T,KO,I,26,70.84
2025-12-16,9:45:00.097684857,T,KO,,100,70.84
2025-12-16,9:45:00.097687598,T,KO,I,26,70.84
2025-12-16,9:45:00.097687598,T,KO,I,15,70.84
2025-12-16,9:45:00.097690244,T,KO,I,26,70.84
2025-12-16,9:45:00.097693348,T,KO,,100,70.84
2025-12-16,9:45:00.130640351,T,KO,I,36,70.83
2025-12-16,9:45:00.130663975,T,KO,F I,21,70.83
2025-12-16,9:45:00.130667242,T,KO,F I,10,70.83
2025-12-16,9:45:00.130670334,T,KO,F I,6,70.83
2025-12-16,9:45:00.130672846,T,KO,F I,31,70.83
2025-12-16,9:45:00.130690896,T,KO,I,20,70.83
2025-12-16,9:45:00.131214179,T,KO,I,43,70.83
2025-12-16,9:45:00.131214179,T,KO,,100,70.83
2025-12-16,9:45:00.362573294,T,KO,F I,15,70.83
2025-12-16,9:45:00.362576392,T,KO,F I,30,70.83
2025-12-16,9:45:00.362579233,T,KO,F,100,70.83
2025-12-16,9:45:00.362582174,T,KO,F I,26,70.83
2025-12-16,9:45:00.362627957,T,KO,I,1,70.83
2025-12-16,9:45:00.963620648,T,KO,I,55,70.835
2025-12-16,9:45:05.180506832,T,KO,I,22,70.835
2025-12-16,9:45:08.383227562,T,KO,I,30,70.83
2025-12-16,9:45:08.383231483,T,KO,,120,70.83
2025-12-16,9:45:08.383234527,T,KO,,200,70.83
2025-12-16,9:45:08.383234527,T,KO,I,5,70.83
2025-12-16,9:45:08.383236788,T,KO,I,11,70.83
2025-12-16,9:45:08.383236788,T,KO,I,25,70.83
2025-12-16,9:45:08.383248631,T,KO,I,1,70.83
2025-12-16,9:45:08.383251669,T,KO,I,40,70.83
2025-12-16,9:45:08.383254657,T,KO,F,159,70.83
2025-12-16,9:45:08.383762869,T,KO,I,27,70.83
2025-12-16,9:45:08.830515857,T,KO,I,4,70.83
2025-12-16,9:45:08.844408872,T,KO,I,10,70.83
2025-12-16,9:45:14.906005605,T,KO,I,6,70.835
2025-12-16,9:45:15.289833742,T,KO,I,64,70.835
2025-12-16,9:45:18.518049553,T,KO,F I,8,70.84
2025-12-16,9:45:18.518049553,T,KO,F I,86,70.84
2025-12-16,9:45:18.518052237,T,KO,F I,3,70.84
2025-12-16,9:45:18.518055302,T,KO,F,100,70.84
2025-12-16,9:45:18.518055302,T,KO,F I,13,70.84
2025-12-16,9:45:24.202271031,T,KO,,100,70.85
2025-12-16,9:45:24.202295441,T,KO,I,64,70.85
2025-12-16,9:45:24.202298103,T,KO,I,1,70.85
2025-12-16,9:45:24.202344073,T,KO,,100,70.85
2025-12-16,9:45:24.202344073,T,KO,I,30,70.85
2025-12-16,9:45:24.202349246,T,KO,I,27,70.85
2025-12-16,9:45:24.202349246,T,KO,I,15,70.85
2025-12-16,9:45:24.202527109,T,KO,F I,15,70.85
2025-12-16,9:45:24.202529686,T,KO,F,100,70.85
2025-12-16,9:45:24.202532819,T,KO,F I,3,70.85
2025-12-16,9:45:24.202532819,T,KO,F I,27,70.85
2025-12-16,9:45:24.202535731,T,KO,F I,25,70.85
2025-12-16,9:45:24.205504548,T,KO,I,30,70.85
2025-12-16,9:45:24.374443809,T,KO,F I,18,70.85
2025-12-16,9:45:24.374443809,T,KO,F I,30,70.85
2025-12-16,9:45:24.374449189,T,KO,F I,48,70.85
2025-12-16,9:45:24.374927262,T,KO,F,100,70.85
2025-12-16,9:45:24.375688137,T,KO,F I,30,70.85
2025-12-16,9:45:24.375688137,T,KO,F I,15,70.85
2025-12-16,9:45:24.375691076,T,KO,F,100,70.85
2025-12-16,9:45:25.136623455,T,KO,F I,42,70.84
2025-12-16,9:45:25.348420964,T,KO,I,44,70.84
2025-12-16,9:45:31.632604564,T,KO,F I,10,70.84
2025-12-16,9:45:31.632628590,T,KO,I,10,70.84
2025-12-16,9:45:31.632634674,T,KO,F I,40,70.84
2025-12-16,9:45:31.666480233,T,KO,,100,70.835
2025-12-16,9:45:32.783400395,T,KO,F I,29,70.83
2025-12-16,9:45:32.783403382,T,KO,F,100,70.83
2025-12-16,9:45:32.783406373,T,KO,F I,10,70.83
2025-12-16,9:45:32.783421623,T,KO,F,100,70.83
2025-12-16,9:45:32.783421623,T,KO,F I,50,70.83
2025-12-16,9:45:32.783424361,T,KO,,117,70.83
2025-12-16,9:45:32.783430467,T,KO,I,1,70.83
2025-12-16,9:45:32.783454894,T,KO,F I,32,70.83
2025-12-16,9:45:32.783469480,T,KO,I,1,70.83
2025-12-16,9:45:32.783475506,T,KO,F I,49,70.83
2025-12-16,9:45:32.784055898,T,KO,,100,70.83
2025-12-16,9:45:35.884852368,T,KO,F,120,70.82
2025-12-16,9:45:35.884852368,T,KO,F,100,70.82
2025-12-16,9:45:35.884854956,T,KO,F I,8,70.82
2025-12-16,9:45:35.884866999,T,KO,F I,2,70.82
2025-12-16,9:45:37.956368733,T,KO,I,4,70.815
2025-12-16,9:45:38.966393478,T,KO,I,4,70.81
2025-12-16,9:45:38.966393478,T,KO,I,67,70.81
2025-12-16,9:45:50.424153900,T,KO,I,33,70.81
2025-12-16,9:45:50.424153900,T,KO,I,10,70.81
2025-12-16,9:45:50.424158646,T,KO,I,50,70.81
2025-12-16,9:45:56.938032447,T,KO,I,4,70.805
2025-12-16,9:45:57.511369146,T,KO,I,42,70.8
2025-12-16,9:45:57.511372318,T,KO,I,1,70.8
2025-12-16,9:45:57.511374879,T,KO,I,10,70.8
2025-12-16,9:45:57.606996602,T,KO,I,30,70.8
2025-12-16,9:45:57.606999713,T,KO,,400,70.8
2025-12-16,9:45:57.607017665,T,KO,I,15,70.8
2025-12-16,9:45:57.607017665,T,KO,I,1,70.8
2025-12-16,9:45:57.607035702,T,KO,F I,15,70.8
2025-12-16,9:45:57.607402628,T,KO,F I,24,70.8
2025-12-16,9:45:57.609633924,T,KO,F,100,70.8
2025-12-16,9:45:57.609633924,T,KO,F I,51,70.8
2025-12-16,9:45:57.609637836,T,KO,F,100,70.8
2025-12-16,9:45:57.609637836,T,KO,F I,25,70.8
2025-12-16,9:46:02.900022822,T,KO,I,60,70.79
2025-12-16,9:46:02.900025936,T,KO,I,41,70.79
2025-12-16,9:46:02.900028866,T,KO,,100,70.79
2025-12-16,9:46:02.900028866,T,KO,I,10,70.79
2025-12-16,9:46:02.900031809,T,KO,I,50,70.79
2025-12-16,9:46:03.226408168,T,KO,I,6,70.785
2025-12-16,9:46:09.694139962,T,KO,F I,45,70.785
2025-12-16,9:46:09.694401630,T,KO,I,53,70.785
2025-12-16,9:46:09.694603437,T,KO,F I,2,70.785
2025-12-16,9:46:09.694603437,T,KO,F I,51,70.79
2025-12-16,9:46:09.694603437,T,KO,F I,25,70.79
2025-12-16,9:46:09.694606396,T,KO,F I,1,70.79
2025-12-16,9:46:09.694609434,T,KO,F I,4,70.79
2025-12-16,9:46:09.694609434,T,KO,F I,98,70.79
2025-12-16,9:46:09.694612089,T,KO,I,2,70.79
2025-12-16,9:46:09.694615139,T,KO,,140,70.79
2025-12-16,9:46:09.704292094,T,KO,,100,70.79
2025-12-16,9:46:15.178815527,T,KO,F I,30,70.79
2025-12-16,9:46:21.038727832,T,KO,F I,12,70.8
2025-12-16,9:46:21.038731531,T,KO,F,100,70.8
2025-12-16,9:46:21.038734082,T,KO,F I,4,70.8
2025-12-16,9:46:21.038736946,T,KO,F I,6,70.8
2025-12-16,9:46:26.477905183,T,KO,F,100,70.79
2025-12-16,9:46:26.477905183,T,KO,F I,10,70.79
2025-12-16,9:46:28.002503174,T,KO,I,60,70.79
2025-12-16,9:46:28.002506249,T,KO,I,44,70.79
2025-12-16,9:46:28.002521204,T,KO,F I,13,70.79
2025-12-16,9:46:33.314167785,T,KO,I,8,70.795
2025-12-16,9:46:38.218170099,T,KO,F,294,70.8
2025-12-16,9:46:38.218176197,T,KO,F,200,70.8
2025-12-16,9:46:41.660552037,T,KO,F,100,70.81
2025-12-16,9:46:41.660569974,T,KO,I,1,70.81
2025-12-16,9:46:41.660624161,T,KO,I,99,70.81
2025-12-16,9:46:42.061042944,T,KO,I,4,70.815
2025-12-16,9:46:49.705137526,T,KO,,100,70.81
2025-12-16,9:46:49.705140802,T,KO,I,10,70.81
2025-12-16,9:46:49.705140802,T,KO,I,90,70.81
2025-12-16,9:46:49.705143441,T,KO,I,10,70.81
2025-12-16,9:46:55.175490448,T,KO,,100,70.8
2025-12-16,9:46:55.175493320,T,KO,,100,70.8
2025-12-16,9:46:55.175499417,T,KO,,100,70.8
2025-12-16,9:46:55.175499417,T,KO,I,80,70.8
2025-12-16,9:46:55.175514328,T,KO,F,200,70.8
2025-12-16,9:46:56.543817795,T,KO,I,16,70.8
2025-12-16,9:47:01.050991437,T,KO,F,100,70.8
2025-12-16,9:47:01.050991437,T,KO,F I,18,70.8
2025-12-16,9:47:01.050994464,T,KO,F,100,70.8
2025-12-16,9:47:01.050994464,T,KO,F I,10,70.8
2025-12-16,9:47:01.050997473,T,KO,F I,20,70.8
2025-12-16,9:47:02.900687648,T,KO,I,11,70.8
2025-12-16,9:47:02.900690755,T,KO,F I,7,70.8
2025-12-16,9:47:02.900690755,T,KO,F I,25,70.8
2025-12-16,9:47:05.418280856,T,KO,I,31,70.81
2025-12-16,9:47:05.418280856,T,KO,I,1,70.81
2025-12-16,9:47:05.418283773,T,KO,I,9,70.81
2025-12-16,9:47:05.418286702,T,KO,,300,70.81
2025-12-16,9:47:06.746111108,T,KO,F,100,70.81
2025-12-16,9:47:06.746135164,T,KO,F I,25,70.81
2025-12-16,9:47:06.746135164,T,KO,F,100,70.81
2025-12-16,9:47:11.397306714,T,KO,I,19,70.81
2025-12-16,9:47:15.196455947,T,KO,,100,70.83
2025-12-16,9:47:15.196473974,T,KO,I,1,70.83
2025-12-16,9:47:15.197270901,T,KO,I,5,70.835
2025-12-16,9:47:15.207573543,T,KO,F,100,70.83
2025-12-16,9:47:15.207577702,T,KO,F,100,70.83
2025-12-16,9:47:15.207580140,T,KO,F I,20,70.83
2025-12-16,9:47:15.207580140,T,KO,F,100,70.83
2025-12-16,9:47:15.207582570,T,KO,F I,20,70.83
2025-12-16,9:47:15.207582570,T,KO,F,100,70.83
2025-12-16,9:47:16.605967016,T,KO,F I,10,70.82
2025-12-16,9:47:16.605972976,T,KO,F,100,70.82
2025-12-16,9:47:16.605972976,T,KO,F,100,70.82
2025-12-16,9:47:18.331584792,T,KO,F,100,70.81
2025-12-16,9:47:18.331587815,T,KO,F,100,70.81
2025-12-16,9:47:18.331587815,T,KO,F,200,70.81
2025-12-16,9:47:19.041281244,T,KO,F,100,70.8
2025-12-16,9:47:19.041281244,T,KO,F,200,70.8
2025-12-16,9:47:19.104058476,T,KO,,180,70.795
2025-12-16,9:47:20.332610553,T,KO,I,10,70.795
2025-12-16,9:47:21.780877757,T,KO,F,100,70.79
2025-12-16,9:47:24.940112008,T,KO,I,2,70.78
2025-12-16,9:47:28.244225288,T,KO,I,1,70.775
2025-12-16,9:47:30.271016450,T,KO,F I,98,70.775
2025-12-16,9:47:30.271022496,T,KO,F,300,70.775
2025-12-16,9:47:30.271022496,T,KO,F I,20,70.77
2025-12-16,9:47:30.271025704,T,KO,F,100,70.77
2025-12-16,9:47:30.271025704,T,KO,F I,10,70.77
2025-12-16,9:47:30.272297562,T,KO,F I,48,70.77
2025-12-16,9:47:30.272301377,T,KO,F,100,70.77
2025-12-16,9:47:30.272301377,T,KO,F I,18,70.77
2025-12-16,9:47:30.272306560,T,KO,F,100,70.77
2025-12-16,9:47:30.272306560,T,KO,F I,21,70.77
2025-12-16,9:47:30.275822495,T,KO,F,100,70.77
2025-12-16,9:47:30.275822495,T,KO,F I,48,70.77
2025-12-16,9:47:30.275827962,T,KO,F,100,70.77
2025-12-16,9:47:30.275827962,T,KO,F I,18,70.77
2025-12-16,9:47:30.275831388,T,KO,F I,10,70.77
2025-12-16,9:47:30.275831388,T,KO,F I,48,70.77
2025-12-16,9:47:30.275834100,T,KO,F I,25,70.77
2025-12-16,9:47:30.275834100,T,KO,F,100,70.77
2025-12-16,9:47:30.275837012,T,KO,F I,25,70.77
2025-12-16,9:47:30.276534602,T,KO,I,48,70.77
2025-12-16,9:47:30.277124788,T,KO,F I,48,70.77
2025-12-16,9:47:30.277124788,T,KO,F,100,70.77
2025-12-16,9:47:30.277127070,T,KO,F I,25,70.77
2025-12-16,9:47:30.278227770,T,KO,F,100,70.77
2025-12-16,9:47:31.047676422,T,KO,F I,10,70.76
2025-12-16,9:47:31.047676422,T,KO,F I,90,70.76
2025-12-16,9:47:31.047694337,T,KO,I,1,70.76
2025-12-16,9:47:31.048235556,T,KO,I,2,70.76
2025-12-16,9:47:31.048307775,T,KO,,100,70.76
2025-12-16,9:47:31.048325819,T,KO,I,1,70.76
2025-12-16,9:47:31.048358990,T,KO,F I,47,70.76
2025-12-16,9:47:31.048361857,T,KO,F I,1,70.76
2025-12-16,9:47:31.048617469,T,KO,F I,7,70.76
2025-12-16,9:47:37.108205240,T,KO,F,100,70.76
2025-12-16,9:47:37.108205240,T,KO,F I,10,70.76
2025-12-16,9:47:37.110986838,T,KO,I,21,70.75
2025-12-16,9:47:37.111025906,T,KO,F I,79,70.75
2025-12-16,9:47:37.111028928,T,KO,F I,26,70.75
2025-12-16,9:47:41.443694197,T,KO,F I,2,70.74
2025-12-16,9:47:41.443697492,T,KO,F I,41,70.74
2025-12-16,9:47:41.443697492,T,KO,F I,60,70.74
2025-12-16,9:47:41.443699841,T,KO,F I,15,70.74
2025-12-16,9:47:41.443702891,T,KO,F,100,70.74
2025-12-16,9:47:41.444437411,T,KO,I,52,70.74
2025-12-16,9:47:41.444437411,T,KO,I,25,70.74
2025-12-16,9:47:41.444442619,T,KO,,120,70.74
2025-12-16,9:47:41.444445600,T,KO,,100,70.74
2025-12-16,9:47:42.652016645,T,KO,I,4,70.735
2025-12-16,9:47:46.070720773,T,KO,,100,70.735
2025-12-16,9:47:46.070723940,T,KO,I,34,70.73
2025-12-16,9:47:46.070726997,T,KO,I,60,70.73
2025-12-16,9:47:46.070726997,T,KO,I,6,70.73
2025-12-16,9:47:46.070777919,T,KO,F I,94,70.73
2025-12-16,9:47:46.070777919,T,KO,F I,52,70.73
2025-12-16,9:47:46.070781240,T,KO,F I,10,70.73
2025-12-16,9:47:46.070784104,T,KO,F I,30,70.73
2025-12-16,9:47:46.070790069,T,KO,I,1,70.73
2025-12-16,9:47:49.070295860,T,KO,F,100,70.73
2025-12-16,9:47:49.070298830,T,KO,F I,1,70.73
2025-12-16,9:47:49.070298830,T,KO,F,100,70.73
2025-12-16,9:47:49.072842835,T,KO,I,1,70.735
2025-12-16,9:47:49.660788133,T,KO,F I,19,70.73
2025-12-16,9:47:49.660791266,T,KO,F,100,70.73
2025-12-16,9:47:49.660794175,T,KO,F I,12,70.73
2025-12-16,9:47:49.660797146,T,KO,F,100,70.73
2025-12-16,9:47:49.790541195,T,KO,I,25,70.72
2025-12-16,9:47:52.292382644,T,KO,F I,6,70.71
2025-12-16,9:47:52.292388702,T,KO,F I,9,70.71
2025-12-16,9:47:52.292394689,T,KO,F I,3,70.71
2025-12-16,9:47:52.292397713,T,KO,F,143,70.71
2025-12-16,9:47:52.292400757,T,KO,F I,10,70.71
2025-12-16,9:47:52.292403775,T,KO,F I,25,70.71
2025-12-16,9:47:52.386894775,T,KO,F I,19,70.71
2025-12-16,9:47:52.386897841,T,KO,F I,60,70.71
2025-12-16,9:47:52.387412018,T,KO,F I,66,70.71
2025-12-16,9:47:54.299449917,T,KO,,120,70.715
2025-12-16,9:47:54.299449917,T,KO,I,81,70.72
2025-12-16,9:47:54.299462189,T,KO,I,19,70.72
2025-12-16,9:47:54.299462189,T,KO,,100,70.72
2025-12-16,9:47:54.299464956,T,KO,I,1,70.72
2025-12-16,9:47:54.535995296,T,KO,F I,19,70.72
2025-12-16,9:47:54.535999286,T,KO,F,100,70.72
2025-12-16,9:47:54.536002348,T,KO,F,100,70.71
2025-12-16,9:47:54.536005616,T,KO,F I,68,70.71
2025-12-16,9:47:54.536005616,T,KO,F I,25,70.71
2025-12-16,9:47:54.536008530,T,KO,F I,3,70.71
2025-12-16,9:47:54.536011441,T,KO,F I,20,70.71
2025-12-16,9:47:54.536011441,T,KO,F,300,70.71
2025-12-16,9:47:54.536014560,T,KO,F I,25,70.7
2025-12-16,9:47:54.536014560,T,KO,F,100,70.7
2025-12-16,9:47:54.536017812,T,KO,F I,25,70.7
2025-12-16,9:47:54.542392838,T,KO,F,120,70.705
2025-12-16,9:47:54.542396168,T,KO,F,100,70.7
2025-12-16,9:47:54.542396168,T,KO,F I,25,70.7
2025-12-16,9:47:54.542398779,T,KO,F,100,70.7
2025-12-16,9:47:54.542398779,T,KO,F,100,70.7
2025-12-16,9:47:54.543655982,T,KO,F I,7,70.7
2025-12-16,9:47:54.546112741,T,KO,F,100,70.7
2025-12-16,9:47:54.546112741,T,KO,F I,49,70.7
2025-12-16,9:47:54.546115393,T,KO,F I,16,70.7
2025-12-16,9:47:54.546115393,T,KO,F I,25,70.7
2025-12-16,9:47:54.547176916,T,KO,,100,70.695
2025-12-16,9:47:55.162292659,T,KO,F I,16,70.7
2025-12-16,9:47:55.162294970,T,KO,F I,49,70.7
2025-12-16,9:47:55.162298394,T,KO,F I,25,70.7
2025-12-16,9:47:55.163001590,T,KO,I,49,70.7
2025-12-16,9:47:55.163004589,T,KO,,100,70.7
2025-12-16,9:47:55.163004589,T,KO,,100,70.7
2025-12-16,9:47:55.695097816,T,KO,,100,70.695
2025-12-16,9:47:59.836210139,T,KO,F,216,70.69
2025-12-16,9:47:59.836210139,T,KO,F I,90,70.69
2025-12-16,9:47:59.836212577,T,KO,F I,10,70.69
2025-12-16,9:47:59.836215511,T,KO,F,100,70.69
2025-12-16,9:47:59.836453050,T,KO,I,49,70.68
2025-12-16,9:48:02.600537250,T,KO,F,100,70.68
2025-12-16,9:48:02.600543401,T,KO,F,100,70.68
2025-12-16,9:48:02.683008533,T,KO,,120,70.675
2025-12-16,9:48:02.869952239,T,KO,F I,32,70.67
2025-12-16,9:48:02.869955349,T,KO,F I,34,70.67
2025-12-16,9:48:02.869960843,T,KO,F,100,70.67
2025-12-16,9:48:02.869960843,T,KO,F I,58,70.67
2025-12-16,9:48:02.869976225,T,KO,I,1,70.67
2025-12-16,9:48:04.025522996,T,KO,F I,62,70.67
2025-12-16,9:48:04.025522996,T,KO,F,100,70.67
2025-12-16,9:48:06.760278164,T,KO,F,100,70.7
2025-12-16,9:48:06.775638779,T,KO,I,73,70.7
2025-12-16,9:48:06.950246753,T,KO,F,100,70.71
2025-12-16,9:48:06.950252616,T,KO,F,100,70.71
2025-12-16,9:48:06.950255673,T,KO,F,300,70.71
2025-12-16,9:48:06.950273672,T,KO,I,1,70.71
2025-12-16,9:48:06.950318869,T,KO,F I,99,70.71
2025-12-16,9:48:06.950809050,T,KO,I,5,70.72
2025-12-16,9:48:06.955623488,T,KO,F I,60,70.73
2025-12-16,9:48:10.195224088,T,KO,F,100,70.73
2025-12-16,9:48:10.372658708,T,KO,F,100,70.72
2025-12-16,9:48:10.372661839,T,KO,F I,10,70.72
2025-12-16,9:48:10.372661839,T,KO,F,120,70.72
2025-12-16,9:48:10.372664813,T,KO,F I,18,70.72
2025-12-16,9:48:10.372664813,T,KO,F I,20,70.72
2025-12-16,9:48:10.578345679,T,KO,F,100,70.71
2025-12-16,9:48:10.578345679,T,KO,F,100,70.71
2025-12-16,9:48:10.578348582,T,KO,F,100,70.71
2025-12-16,9:48:10.578364514,T,KO,I,1,70.71
2025-12-16,9:48:10.578369551,T,KO,,117,70.71
2025-12-16,9:48:10.686979265,T,KO,I,48,70.71
2025-12-16,9:48:12.913349749,T,KO,,100,70.725
2025-12-16,9:48:17.306299173,T,KO,I,48,70.74
2025-12-16,9:48:22.207639572,T,KO,F,100,70.73
2025-12-16,9:48:22.753201817,T,KO,I,10,70.72
2025-12-16,9:48:22.753204851,T,KO,,100,70.72
2025-12-16,9:48:22.753220307,T,KO,,109,70.72
2025-12-16,9:48:22.753220307,T,KO,I,1,70.72
2025-12-16,9:48:22.757108110,T,KO,I,44,70.72
2025-12-16,9:48:22.757111220,T,KO,I,24,70.72
2025-12-16,9:48:25.829868932,T,KO,F I,24,70.72
2025-12-16,9:48:25.829868932,T,KO,F I,44,70.72
2025-12-16,9:48:25.829871462,T,KO,F I,3,70.72
2025-12-16,9:48:25.829892944,T,KO,F,400,70.72
2025-12-16,9:48:28.342704165,T,KO,,100,70.715
2025-12-16,9:48:42.432830870,T,KO,,146,70.725
2025-12-16,9:48:42.433177018,T,KO,I,21,70.73
2025-12-16,9:48:42.433180130,T,KO,,100,70.73
2025-12-16,9:48:42.433197758,T,KO,I,1,70.73
2025-12-16,9:48:42.433206816,T,KO,I,41,70.73
2025-12-16,9:48:42.433209920,T,KO,I,6,70.73
2025-12-16,9:48:42.433209920,T,KO,,100,70.73
2025-12-16,9:48:42.433221859,T,KO,I,42,70.73
2025-12-16,9:48:42.433246025,T,KO,I,41,70.73
2025-12-16,9:48:42.433246025,T,KO,,100,70.73
2025-12-16,9:48:42.433492475,T,KO,I,41,70.73
2025-12-16,9:48:42.433496436,T,KO,I,25,70.73
2025-12-16,9:48:42.433498985,T,KO,I,25,70.73
2025-12-16,9:48:42.433498985,T,KO,I,9,70.73
2025-12-16,9:48:42.433552624,T,KO,F,100,70.73
2025-12-16,9:48:42.433556402,T,KO,F I,41,70.73
2025-12-16,9:48:42.433556402,T,KO,F I,24,70.73
2025-12-16,9:48:42.433573608,T,KO,I,1,70.73
2025-12-16,9:48:42.434328416,T,KO,I,48,70.73
2025-12-16,9:48:42.434332700,T,KO,I,24,70.73
2025-12-16,9:48:42.434334628,T,KO,I,41,70.73
2025-12-16,9:48:42.434337553,T,KO,,100,70.73
2025-12-16,9:48:42.434340431,T,KO,,150,70.73
2025-12-16,9:48:42.435901808,T,KO,F I,41,70.73
2025-12-16,9:48:42.435901808,T,KO,F I,48,70.73
2025-12-16,9:48:42.436914564,T,KO,I,41,70.73
2025-12-16,9:48:42.436917616,T,KO,I,24,70.73
2025-12-16,9:48:42.437705573,T,KO,I,30,70.73
2025-12-16,9:48:42.437705573,T,KO,I,7,70.73
2025-12-16,9:48:42.437708477,T,KO,I,63,70.73
2025-12-16,9:48:42.437916018,T,KO,I,37,70.73
2025-12-16,9:48:42.437919010,T,KO,I,9,70.73
2025-12-16,9:48:42.438030511,T,KO,I,41,70.73
2025-12-16,9:48:42.438033556,T,KO,I,15,70.73
2025-12-16,9:48:42.438033556,T,KO,I,24,70.73
2025-12-16,9:48:42.438120432,T,KO,,100,70.73
2025-12-16,9:48:42.438120432,T,KO,I,15,70.73
2025-12-16,9:48:42.438123533,T,KO,I,17,70.73
2025-12-16,9:48:42.438126503,T,KO,I,14,70.73
2025-12-16,9:48:42.438595639,T,KO,I,10,70.73
2025-12-16,9:48:42.438595639,T,KO,,100,70.73
2025-12-16,9:48:44.250076985,T,KO,,190,70.725
2025-12-16,9:48:44.262379198,T,KO,,110,70.725
2025-12-16,9:48:50.844942625,T,KO,F I,1,70.73
2025-12-16,9:48:50.844942625,T,KO,F I,10,70.73
2025-12-16,9:48:50.844948942,T,KO,F I,11,70.73
2025-12-16,9:48:50.844948942,T,KO,F I,11,70.73
2025-12-16,9:48:50.844960635,T,KO,F,378,70.73
2025-12-16,9:48:50.845159115,T,KO,I,11,70.73
2025-12-16,9:48:50.916251486,T,KO,,100,70.73
2025-12-16,9:48:50.916254483,T,KO,I,43,70.73
2025-12-16,9:48:55.109257710,T,KO,I,44,70.735
2025-12-16,9:48:55.882838119,T,KO,F,100,70.74
2025-12-16,9:48:55.882853408,T,KO,I,1,70.74
2025-12-16,9:48:55.882856475,T,KO,I,6,70.74
2025-12-16,9:48:57.283481026,T,KO,I,60,70.75
2025-12-16,9:48:58.940102542,T,KO,I,2,70.755
2025-12-16,9:49:00.139139898,T,KO,I,43,70.75
2025-12-16,9:49:00.139139898,T,KO,I,40,70.75
2025-12-16,9:49:00.139142142,T,KO,I,10,70.75
2025-12-16,9:49:00.140218711,T,KO,F,100,70.75
2025-12-16,9:49:00.140263798,T,KO,F,100,70.75
2025-12-16,9:49:00.151257996,T,KO,I,56,70.745
2025-12-16,9:49:00.177925554,T,KO,F,100,70.74
2025-12-16,9:49:00.640363924,T,KO,I,13,70.735
2025-12-16,9:49:01.027659848,T,KO,F I,80,70.73
2025-12-16,9:49:01.027662344,T,KO,F I,20,70.73
2025-12-16,9:49:01.027665408,T,KO,F I,80,70.73
2025-12-16,9:49:02.377162399,T,KO,I,6,70.725
2025-12-16,9:49:02.658864538,T,KO,F,100,70.72
2025-12-16,9:49:02.658864538,T,KO,F,100,70.72
2025-12-16,9:49:02.701704310,T,KO,F,100,70.72
2025-12-16,9:49:02.701722350,T,KO,F,100,70.72
2025-12-16,9:49:02.734704919,T,KO,,100,70.72
2025-12-16,9:49:04.093966869,T,KO,F I,68,70.72
2025-12-16,9:49:04.093984212,T,KO,F I,32,70.72
2025-12-16,9:49:04.094471392,T,KO,I,31,70.72
2025-12-16,9:49:04.094501551,T,KO,I,43,70.72
2025-12-16,9:49:04.255396742,T,KO,F I,50,70.72
2025-12-16,9:49:04.255399853,T,KO,F I,43,70.72
2025-12-16,9:49:04.255399853,T,KO,F I,43,70.72
2025-12-16,9:49:04.255402701,T,KO,F,100,70.72
2025-12-16,9:49:04.255405678,T,KO,F,220,70.72
2025-12-16,9:49:04.800754519,T,KO,,100,70.715
2025-12-16,9:49:04.816009882,T,KO,,130,70.715
2025-12-16,9:49:04.827494185,T,KO,I,70,70.715
2025-12-16,9:49:04.950168744,T,KO,I,50,70.72
2025-12-16,9:49:10.085466481,T,KO,F I,12,70.72
2025-12-16,9:49:10.085469813,T,KO,F,100,70.72
2025-12-16,9:49:10.085469813,T,KO,F I,10,70.72
2025-12-16,9:49:10.085471949,T,KO,F,100,70.72
2025-12-16,9:49:10.757076404,T,KO,,130,70.715
2025-12-16,9:49:10.780700642,T,KO,,130,70.715
2025-12-16,9:49:14.101729257,T,KO,F,130,70.715
2025-12-16,9:49:14.101729257,T,KO,F I,32,70.71
2025-12-16,9:49:14.101783320,T,KO,F I,5,70.71
2025-12-16,9:49:14.101786381,T,KO,F,100,70.71
2025-12-16,9:49:14.102634476,T,KO,I,42,70.71
2025-12-16,9:49:14.102637350,T,KO,I,31,70.71
2025-12-16,9:49:14.102637350,T,KO,I,12,70.71
2025-12-16,9:49:18.668435475,T,KO,I,57,70.715
2025-12-16,9:49:20.286147465,T,KO,I,43,70.715
2025-12-16,9:49:20.286150845,T,KO,I,21,70.71
2025-12-16,9:49:20.286150845,T,KO,I,9,70.71
2025-12-16,9:49:20.286168473,T,KO,I,33,70.71
2025-12-16,9:49:20.286168473,T,KO,I,10,70.71
2025-12-16,9:49:20.286171805,T,KO,I,29,70.71
2025-12-16,9:49:20.286508346,T,KO,I,43,70.715
2025-12-16,9:49:20.286718760,T,KO,I,25,70.71
2025-12-16,9:49:25.223468359,T,KO,I,10,70.71
2025-12-16,9:49:25.223468359,T,KO,I,76,70.71
2025-12-16,9:49:29.755995196,T,KO,I,3,70.72
2025-12-16,9:49:29.756001197,T,KO,F I,3,70.72
2025-12-16,9:49:29.764595660,T,KO,I,5,70.73
2025-12-16,9:49:33.031216288,T,KO,F,100,70.72
2025-12-16,9:49:33.031218711,T,KO,F I,25,70.72
2025-12-16,9:49:33.031221710,T,KO,F I,10,70.72
2025-12-16,9:49:33.031221710,T,KO,F I,40,70.72
2025-12-16,9:49:39.031039214,T,KO,F I,4,70.72
2025-12-16,9:49:39.031042250,T,KO,F I,25,70.72
2025-12-16,9:49:39.031045147,T,KO,F I,29,70.72
2025-12-16,9:49:40.587991341,T,KO,F I,10,70.73
2025-12-16,9:49:43.987945768,T,KO,,100,70.73
2025-12-16,9:49:43.987957788,T,KO,F I,13,70.73
2025-12-16,9:49:43.987964494,T,KO,I,1,70.73
2025-12-16,9:49:43.987964494,T,KO,I,3,70.73
2025-12-16,9:49:45.391000681,T,KO,I,2,70.74
2025-12-16,9:49:45.391003392,T,KO,I,20,70.74
2025-12-16,9:49:45.391442417,T,KO,,100,70.74
2025-12-16,9:49:45.395841894,T,KO,I,7,70.745
2025-12-16,9:49:50.448689051,T,KO,F I,52,70.75
2025-12-16,9:49:55.587637276,T,KO,I,1,70.755
2025-12-16,9:49:57.174610493,T,KO,I,4,70.76
2025-12-16,9:49:57.174610493,T,KO,I,25,70.76
2025-12-16,9:49:59.745044937,T,KO,F,100,70.77
2025-12-16,9:50:01.379226847,T,KO,F,100,70.77
2025-12-16,9:50:01.379226847,T,KO,F I,1,70.77
2025-12-16,9:50:01.543033228,T,KO,I,36,70.77
2025-12-16,9:50:01.543033228,T,KO,I,4,70.77
2025-12-16,9:50:01.543050939,T,KO,I,24,70.77
2025-12-16,9:50:01.543078068,T,KO,I,12,70.77
2025-12-16,9:50:02.160833357,T,KO,F,100,70.78
2025-12-16,9:50:02.160836337,T,KO,F I,1,70.78
2025-12-16,9:50:02.160836337,T,KO,F I,2,70.78
2025-12-16,9:50:02.160851589,T,KO,F,100,70.78
2025-12-16,9:50:02.161473842,T,KO,F I,74,70.78
2025-12-16,9:50:02.176467582,T,KO,I,36,70.78
2025-12-16,9:50:06.555268406,T,KO,I,12,70.78
2025-12-16,9:50:07.245830085,T,KO,I,36,70.79
2025-12-16,9:50:07.247679481,T,KO,I,3,70.795
2025-12-16,9:50:08.323612042,T,KO,F I,26,70.79
2025-12-16,9:50:08.323612042,T,KO,F I,3,70.79
2025-12-16,9:50:10.369263965,T,KO,I,10,70.785
2025-12-16,9:50:18.918769871,T,KO,I,10,70.805
2025-12-16,9:50:23.973021321,T,KO,F I,1,70.81
2025-12-16,9:50:23.973120651,T,KO,I,2,70.81
2025-12-16,9:50:34.613551391,T,KO,F,100,70.82
2025-12-16,9:50:34.613558062,T,KO,F I,50,70.82
2025-12-16,9:50:34.613563604,T,KO,F I,10,70.82
2025-12-16,9:50:34.613566858,T,KO,F I,10,70.82
2025-12-16,9:50:34.613566858,T,KO,F,100,70.82
2025-12-16,9:50:34.614300845,T,KO,F I,50,70.82
2025-12-16,9:50:34.736550430,T,KO,,100,70.81
2025-12-16,9:50:34.736550430,T,KO,I,73,70.81
2025-12-16,9:50:34.736568395,T,KO,I,1,70.81
2025-12-16,9:50:35.456019918,T,KO,I,26,70.81
2025-12-16,9:50:35.456022900,T,KO,I,80,70.81
2025-12-16,9:50:35.456025927,T,KO,,100,70.81
2025-12-16,9:50:35.456025927,T,KO,I,10,70.81
2025-12-16,9:50:41.583461321,T,KO,,130,70.805
2025-12-16,9:50:41.598584422,T,KO,I,46,70.805
2025-12-16,9:50:41.858409285,T,KO,F I,94,70.81
2025-12-16,9:50:41.858433306,T,KO,I,1,70.81
2025-12-16,9:50:48.850075881,T,KO,F,100,70.81
2025-12-16,9:50:48.850078823,T,KO,F I,49,70.81
2025-12-16,9:50:48.850078823,T,KO,F I,10,70.81
2025-12-16,9:50:48.850081847,T,KO,F,100,70.81
2025-12-16,9:50:48.851390000,T,KO,I,14,70.805
2025-12-16,9:50:49.108463203,T,KO,F,118,70.805
2025-12-16,9:50:49.108661676,T,KO,I,1,70.81
2025-12-16,9:50:49.108694879,T,KO,I,17,70.81
2025-12-16,9:50:49.119268048,T,KO,I,41,70.81
2025-12-16,9:50:49.119280017,T,KO,I,11,70.805
2025-12-16,9:50:49.455336315,T,KO,I,41,70.81
2025-12-16,9:50:49.458545083,T,KO,I,41,70.81
2025-12-16,9:50:49.458545083,T,KO,I,89,70.81
2025-12-16,9:50:49.458578105,T,KO,I,20,70.81
2025-12-16,9:50:49.463133941,T,KO,I,12,70.805
2025-12-16,9:50:49.590045251,T,KO,F I,41,70.81
2025-12-16,9:50:49.590045251,T,KO,F I,20,70.81
2025-12-16,9:50:49.759390521,T,KO,F,118,70.815
2025-12-16,9:50:49.771247779,T,KO,I,25,70.82
2025-12-16,9:50:49.771268838,T,KO,I,68,70.82
2025-12-16,9:50:49.771698886,T,KO,,100,70.815
2025-12-16,9:50:49.773659497,T,KO,I,93,70.82
2025-12-16,9:50:49.774194902,T,KO,I,93,70.82
2025-12-16,9:50:49.774200766,T,KO,I,4,70.82
2025-12-16,9:50:49.786635636,T,KO,F I,25,70.83
2025-12-16,9:50:49.786638392,T,KO,F I,60,70.83
2025-12-16,9:50:49.786641434,T,KO,F I,25,70.83
2025-12-16,9:50:49.786644626,T,KO,F,100,70.83
2025-12-16,9:50:49.792439875,T,KO,F I,25,70.81
2025-12-16,9:50:49.795732126,T,KO,F I,82,70.81
2025-12-16,9:50:49.807511133,T,KO,F,100,70.82
2025-12-16,9:50:49.807514086,T,KO,F,100,70.82
2025-12-16,9:50:49.807517182,T,KO,F I,25,70.82
2025-12-16,9:50:49.817347535,T,KO,I,25,70.82
2025-12-16,9:50:49.817350610,T,KO,I,75,70.82
2025-12-16,9:50:49.838499865,T,KO,I,80,70.815
2025-12-16,9:50:49.966454723,T,KO,I,10,70.81
2025-12-16,9:50:49.968009338,T,KO,I,21,70.81
2025-12-16,9:50:50.223380540,T,KO,I,25,70.8
2025-12-16,9:50:50.314196857,T,KO,F I,20,70.8
2025-12-16,9:50:50.314199904,T,KO,F,1005,70.8
2025-12-16,9:50:50.314199904,T,KO,F,100,70.8
2025-12-16,9:50:52.288194210,T,KO,,100,70.815
2025-12-16,9:50:56.346122471,T,KO,F I,10,70.81
2025-12-16,9:50:56.346125750,T,KO,F I,20,70.81
2025-12-16,9:50:56.346125750,T,KO,F I,20,70.81
2025-12-16,9:50:56.346128040,T,KO,F I,8,70.81
2025-12-16,9:50:56.347411961,T,KO,I,14,70.805
2025-12-16,9:50:59.019383963,T,KO,,100,70.8
2025-12-16,9:50:59.019383963,T,KO,I,11,70.8
2025-12-16,9:50:59.019401650,T,KO,I,1,70.8
2025-12-16,9:50:59.020234683,T,KO,I,34,70.8
2025-12-16,9:50:59.020252732,T,KO,I,1,70.8
2025-12-16,9:50:59.020727935,T,KO,F I,65,70.8
2025-12-16,9:50:59.020727935,T,KO,F,100,70.8
2025-12-16,9:51:00.164089973,T,KO,F I,44,70.81
2025-12-16,9:51:00.164132007,T,KO,,156,70.81
2025-12-16,9:51:00.164135080,T,KO,I,26,70.81
2025-12-16,9:51:00.164156023,T,KO,I,74,70.81
2025-12-16,9:51:00.164159215,T,KO,I,26,70.81
2025-12-16,9:51:00.164162081,T,KO,I,1,70.81
2025-12-16,9:51:00.164171134,T,KO,F I,73,70.81
2025-12-16,9:51:03.318858495,T,KO,F,100,70.81
2025-12-16,9:51:04.089521991,T,KO,I,23,70.805
2025-12-16,9:51:06.403830856,T,KO,,100,70.8
2025-12-16,9:51:06.403834706,T,KO,I,10,70.8
2025-12-16,9:51:06.403834706,T,KO,I,10,70.8
2025-12-16,9:51:06.403836805,T,KO,I,25,70.8
2025-12-16,9:51:07.699902622,T,KO,,100,70.79
2025-12-16,9:51:07.699905546,T,KO,,100,70.79
2025-12-16,9:51:07.699917728,T,KO,I,1,70.79
2025-12-16,9:51:07.699926788,T,KO,I,36,70.79
2025-12-16,9:51:07.699926788,T,KO,I,25,70.79
2025-12-16,9:51:07.699929697,T,KO,I,10,70.79
2025-12-16,9:51:07.699932723,T,KO,I,25,70.79
2025-12-16,9:51:07.699932723,T,KO,,107,70.79
2025-12-16,9:51:07.701869319,T,KO,I,97,70.795
2025-12-16,9:51:09.446143527,T,KO,F I,67,70.81
2025-12-16,9:51:20.980215692,T,KO,I,12,70.825
2025-12-16,9:51:31.744232681,T,KO,,100,70.82
2025-12-16,9:51:31.744232681,T,KO,,100,70.82
2025-12-16,9:51:31.744235235,T,KO,,100,70.82
2025-12-16,9:51:31.744237868,T,KO,I,10,70.82
2025-12-16,9:51:31.744237868,T,KO,I,10,70.82
2025-12-16,9:51:31.744598726,T,KO,I,1,70.82
2025-12-16,9:51:31.745218223,T,KO,I,10,70.82
2025-12-16,9:51:31.745221308,T,KO,I,20,70.82
2025-12-16,9:51:31.745224241,T,KO,,100,70.81
2025-12-16,9:51:31.745224241,T,KO,I,70,70.81
2025-12-16,9:51:31.790027896,T,KO,I,50,70.81
2025-12-16,9:51:31.793868087,T,KO,I,50,70.81
2025-12-16,9:51:32.088942885,T,KO,I,50,70.81
2025-12-16,9:51:33.092544008,T,KO,,100,70.795
2025-12-16,9:51:33.092544008,T,KO,,100,70.79
2025-12-16,9:51:33.092562139,T,KO,,100,70.79
2025-12-16,9:51:33.092568749,T,KO,I,61,70.79
2025-12-16,9:51:33.092568749,T,KO,I,1,70.79
2025-12-16,9:51:33.143410160,T,KO,I,10,70.79
2025-12-16,9:51:33.143413191,T,KO,I,20,70.79
2025-12-16,9:51:35.317852909,T,KO,I,11,70.785
2025-12-16,9:51:41.097807735,T,KO,,100,70.78
2025-12-16,9:51:41.097826033,T,KO,I,1,70.78
2025-12-16,9:51:41.097826033,T,KO,I,1,70.78
2025-12-16,9:51:41.097829213,T,KO,I,3,70.78
2025-12-16,9:51:41.097831857,T,KO,I,10,70.78
2025-12-16,9:51:42.742559972,T,KO,F I,2,70.78
2025-12-16,9:51:42.755117899,T,KO,,130,70.785
2025-12-16,9:51:42.766379645,T,KO,I,70,70.785
2025-12-16,9:51:44.955611839,T,KO,F I,5,70.79
2025-12-16,9:51:44.955611839,T,KO,F,100,70.79
2025-12-16,9:51:44.955614659,T,KO,F,100,70.79
2025-12-16,9:51:44.955626725,T,KO,F,100,70.79
2025-12-16,9:51:44.957169309,T,KO,I,2,70.795
2025-12-16,9:51:45.069080868,T,KO,F I,38,70.79
2025-12-16,9:51:45.069084452,T,KO,F,100,70.79
2025-12-16,9:51:45.069084452,T,KO,F I,80,70.79
2025-12-16,9:51:45.069087308,T,KO,F,100,70.79
2025-12-16,9:51:45.069090403,T,KO,F I,11,70.79
2025-12-16,9:51:45.069090403,T,KO,F I,25,70.79
2025-12-16,9:51:45.070262764,T,KO,I,1,70.785
2025-12-16,9:51:50.170926731,T,KO,F,100,70.78
2025-12-16,9:51:50.170930192,T,KO,F I,10,70.78
2025-12-16,9:51:50.170932746,T,KO,F I,25,70.78
2025-12-16,9:51:50.170941841,T,KO,F,100,70.78
2025-12-16,9:51:50.172857300,T,KO,I,1,70.78
2025-12-16,9:51:50.174156364,T,KO,F I,99,70.78
2025-12-16,9:51:50.631245261,T,KO,I,38,70.78
2025-12-16,9:51:50.631245261,T,KO,I,50,70.78
2025-12-16,9:51:50.631248009,T,KO,I,2,70.78
2025-12-16,9:51:50.631263103,T,KO,I,23,70.78
2025-12-16,9:51:50.644070565,T,KO,I,10,70.78
2025-12-16,9:51:50.644073509,T,KO,I,37,70.78
2025-12-16,9:51:51.687387343,T,KO,I,16,70.78
2025-12-16,9:51:51.687420440,T,KO,I,21,70.78
2025-12-16,9:51:55.816951556,T,KO,I,53,70.79
2025-12-16,9:51:55.816969522,T,KO,I,53,70.79
2025-12-16,9:51:55.817658313,T,KO,I,44,70.79
2025-12-16,9:52:00.179017669,T,KO,I,16,70.79
2025-12-16,9:52:00.179020620,T,KO,I,4,70.79
2025-12-16,9:52:00.180322674,T,KO,I,96,70.79
2025-12-16,9:52:00.180325756,T,KO,,100,70.79
2025-12-16,9:52:00.192847485,T,KO,I,20,70.78
2025-12-16,9:52:00.192916696,T,KO,I,80,70.78
2025-12-16,9:52:00.192916696,T,KO,I,10,70.78
2025-12-16,9:52:00.192919757,T,KO,I,13,70.78
2025-12-16,9:52:00.192919757,T,KO,I,10,70.78
2025-12-16,9:52:00.195238732,T,KO,F,100,70.78
2025-12-16,9:52:00.195238732,T,KO,F I,37,70.78
2025-12-16,9:52:00.195244266,T,KO,F I,32,70.78
2025-12-16,9:52:00.195244266,T,KO,F I,16,70.78
2025-12-16,9:52:00.196453179,T,KO,I,81,70.78
2025-12-16,9:52:00.589910144,T,KO,I,17,70.78
2025-12-16,9:52:00.589913404,T,KO,I,37,70.78
2025-12-16,9:52:00.589916739,T,KO,,100,70.78
2025-12-16,9:52:00.589916739,T,KO,,100,70.78
2025-12-16,9:52:01.006483151,T,KO,I,14,70.775
2025-12-16,9:52:01.278050930,T,KO,F I,25,70.77
2025-12-16,9:52:01.278613331,T,KO,F I,11,70.77
2025-12-16,9:52:01.707446849,T,KO,F I,60,70.77
2025-12-16,9:52:01.707446849,T,KO,F,190,70.77
2025-12-16,9:52:03.622987723,T,KO,F I,16,70.77
2025-12-16,9:52:03.623002705,T,KO,F,100,70.77
2025-12-16,9:52:04.344781955,T,KO,F,100,70.76
2025-12-16,9:52:04.344781955,T,KO,F I,10,70.76
2025-12-16,9:52:04.444580493,T,KO,F I,29,70.76
2025-12-16,9:52:04.444602004,T,KO,F I,8,70.76
2025-12-16,9:52:04.444605309,T,KO,F I,16,70.76
2025-12-16,9:52:04.444610783,T,KO,F I,25,70.76
2025-12-16,9:52:04.444610783,T,KO,F I,50,70.76
2025-12-16,9:52:04.444613717,T,KO,F I,20,70.76
2025-12-16,9:52:04.444613717,T,KO,F I,90,70.76
2025-12-16,9:52:04.444721781,T,KO,I,50,70.76
2025-12-16,9:52:05.775911262,T,KO,F I,37,70.76
2025-12-16,9:52:05.775914278,T,KO,F,100,70.76
2025-12-16,9:52:05.779414564,T,KO,,100,70.755
2025-12-16,9:52:06.884281975,T,KO,I,10,70.75
2025-12-16,9:52:12.657975920,T,KO,F I,3,70.75
2025-12-16,9:52:12.657978944,T,KO,F I,16,70.75
2025-12-16,9:52:12.657981929,T,KO,F,100,70.75
2025-12-16,9:52:12.771613915,T,KO,F,190,70.755
2025-12-16,9:52:12.771616548,T,KO,F I,85,70.75
2025-12-16,9:52:12.772363254,T,KO,I,15,70.75
2025-12-16,9:52:12.772363254,T,KO,I,35,70.75
2025-12-16,9:52:12.772365813,T,KO,,100,70.75
2025-12-16,9:52:12.772365813,T,KO,I,40,70.75
2025-12-16,9:52:12.772368400,T,KO,I,84,70.75
2025-12-16,9:52:12.774079484,T,KO,I,1,70.75
2025-12-16,9:52:12.775243262,T,KO,,100,70.75
2025-12-16,9:52:12.777300154,T,KO,F,115,70.75
2025-12-16,9:52:13.672243602,T,KO,,100,70.745
2025-12-16,9:52:19.751416954,T,KO,I,1,70.745
2025-12-16,9:52:19.924806989,T,KO,F I,32,70.74
2025-12-16,9:52:19.924810717,T,KO,F I,10,70.74
2025-12-16,9:52:19.924816098,T,KO,F I,10,70.74
2025-12-16,9:52:19.924819113,T,KO,F I,10,70.74
2025-12-16,9:52:19.924819113,T,KO,F I,10,70.74
2025-12-16,9:52:19.924819113,T,KO,F I,3,70.74
2025-12-16,9:52:19.925922659,T,KO,F I,10,70.74
2025-12-16,9:52:19.925922659,T,KO,F I,10,70.74
2025-12-16,9:52:19.925925661,T,KO,F I,10,70.74
2025-12-16,9:52:19.925931680,T,KO,,100,70.735
2025-12-16,9:52:20.032422212,T,KO,F I,17,70.74
2025-12-16,9:52:20.032424760,T,KO,F I,35,70.74
2025-12-16,9:52:20.032428023,T,KO,F I,25,70.74
2025-12-16,9:52:20.032428023,T,KO,F,100,70.74
2025-12-16,9:52:20.032433338,T,KO,F I,35,70.74
2025-12-16,9:52:20.032437020,T,KO,F,100,70.74
2025-12-16,9:52:25.326376575,T,KO,F,100,70.76
2025-12-16,9:52:25.326376575,T,KO,F I,26,70.76
2025-12-16,9:52:25.326395565,T,KO,I,74,70.76
2025-12-16,9:52:35.380723626,T,KO,I,13,70.775
2025-12-16,9:52:40.653325444,T,KO,I,40,70.78
2025-12-16,9:52:40.653328156,T,KO,I,57,70.78
2025-12-16,9:52:40.653340129,T,KO,I,1,70.78
2025-12-16,9:52:40.653346120,T,KO,I,1,70.78
2025-12-16,9:52:40.660019139,T,KO,I,31,70.78
2025-12-16,9:52:40.660019139,T,KO,I,34,70.78
2025-12-16,9:52:40.660022044,T,KO,I,35,70.78
2025-12-16,9:52:42.415464936,T,KO,F I,10,70.77
2025-12-16,9:52:42.415468854,T,KO,F I,10,70.77
2025-12-16,9:52:42.415468854,T,KO,F I,10,70.77
2025-12-16,9:52:42.415470985,T,KO,F I,12,70.77
2025-12-16,9:52:42.415937328,T,KO,,100,70.77
2025-12-16,9:52:42.415940499,T,KO,I,31,70.77
2025-12-16,9:52:42.415940499,T,KO,I,23,70.77
2025-12-16,9:52:42.415958729,T,KO,I,25,70.77
2025-12-16,9:52:42.415961699,T,KO,I,6,70.77
2025-12-16,9:52:42.415964689,T,KO,I,94,70.77
2025-12-16,9:52:42.415967266,T,KO,I,6,70.77
2025-12-16,9:52:42.415967266,T,KO,I,28,70.77
2025-12-16,9:52:42.415970081,T,KO,I,25,70.77
2025-12-16,9:52:42.415970081,T,KO,I,41,70.77
2025-12-16,9:52:53.538491127,T,KO,I,31,70.77
2025-12-16,9:52:53.538494100,T,KO,I,37,70.77
2025-12-16,9:52:53.774309711,T,KO,F I,4,70.77
2025-12-16,9:52:53.774312861,T,KO,F I,10,70.77
2025-12-16,9:52:53.774312861,T,KO,F I,10,70.77
2025-12-16,9:52:53.774316598,T,KO,F I,11,70.77
2025-12-16,9:52:53.774316598,T,KO,F I,10,70.77
2025-12-16,9:52:53.774318765,T,KO,F I,5,70.77
2025-12-16,9:52:53.784699466,T,KO,I,10,70.76
2025-12-16,9:52:54.167120260,T,KO,I,30,70.75
2025-12-16,9:52:58.432190077,T,KO,,100,70.78
2025-12-16,9:53:01.850239547,T,KO,F,100,70.79
2025-12-16,9:53:01.850262671,T,KO,F I,22,70.79
2025-12-16,9:53:01.850265676,T,KO,F I,4,70.79
2025-12-16,9:53:01.850265676,T,KO,,100,70.79
2025-12-16,9:53:01.850319853,T,KO,I,1,70.79
2025-12-16,9:53:01.850969366,T,KO,F I,30,70.79
2025-12-16,9:53:01.878758602,T,KO,F I,10,70.78
2025-12-16,9:53:01.878761608,T,KO,F I,20,70.78
2025-12-16,9:53:01.878764547,T,KO,F I,25,70.78
2025-12-16,9:53:01.880123865,T,KO,I,25,70.77
2025-12-16,9:53:01.880123865,T,KO,I,25,70.77
2025-12-16,9:53:01.881098144,T,KO,,100,70.77
2025-12-16,9:53:01.984900290,T,KO,,100,70.77
2025-12-16,9:53:01.984900290,T,KO,I,10,70.77
2025-12-16,9:53:01.984902301,T,KO,I,28,70.77
2025-12-16,9:53:01.985086952,T,KO,F,100,70.77
2025-12-16,9:53:01.985086952,T,KO,F I,30,70.77
2025-12-16,9:53:01.985091872,T,KO,F,100,70.77
2025-12-16,9:53:01.985091872,T,KO,F I,23,70.77
2025-12-16,9:53:01.985091872,T,KO,F I,30,70.77
2025-12-16,9:53:02.640126917,T,KO,F,100,70.77
2025-12-16,9:53:02.640129837,T,KO,F I,30,70.77
2025-12-16,9:53:02.640129837,T,KO,F I,10,70.77
2025-12-16,9:53:10.318061042,T,KO,F I,10,70.75
2025-12-16,9:53:10.318063985,T,KO,F I,10,70.75
2025-12-16,9:53:10.318063985,T,KO,F I,10,70.75
2025-12-16,9:53:10.318070083,T,KO,F I,10,70.75
2025-12-16,9:53:10.318085105,T,KO,F I,10,70.75
2025-12-16,9:53:10.318091105,T,KO,F I,60,70.75
2025-12-16,9:53:10.321089281,T,KO,F I,10,70.74
2025-12-16,9:53:12.216599889,T,KO,F,131,70.72
2025-12-16,9:53:12.216599889,T,KO,F I,5,70.72
2025-12-16,9:53:15.133730222,T,KO,I,10,70.71
2025-12-16,9:53:16.609218310,T,KO,I,70,70.715
2025-12-16,9:53:19.387345972,T,KO,,100,70.72
2025-12-16,9:53:20.881418701,T,KO,F I,25,70.73
2025-12-16,9:53:20.881421221,T,KO,F I,25,70.73
2025-12-16,9:53:24.129177282,T,KO,F I,2,70.76
2025-12-16,9:53:24.730639698,T,KO,F I,3,70.77
2025-12-16,9:53:31.051029714,T,KO,F I,14,70.77
2025-12-16,9:53:37.341272859,T,KO,I,8,70.77
2025-12-16,9:53:38.330502946,T,KO,I,3,70.77
2025-12-16,9:53:38.330502946,T,KO,I,25,70.77
2025-12-16,9:53:38.330544997,T,KO,F,100,70.77
2025-12-16,9:53:38.330547977,T,KO,F I,26,70.77
2025-12-16,9:53:38.330547977,T,KO,F I,74,70.77
2025-12-16,9:53:38.330551727,T,KO,F I,26,70.77
2025-12-16,9:53:38.330551727,T,KO,F I,35,70.77
2025-12-16,9:53:40.913760314,T,KO,F,300,70.765
2025-12-16,9:53:40.914226408,T,KO,I,35,70.77
2025-12-16,9:53:40.914229425,T,KO,I,26,70.77
2025-12-16,9:53:40.914229425,T,KO,I,25,70.77
2025-12-16,9:53:40.914229425,T,KO,I,19,70.77
2025-12-16,9:53:40.914584279,T,KO,F I,26,70.77
2025-12-16,9:53:40.914587415,T,KO,F I,63,70.77
2025-12-16,9:53:40.914590389,T,KO,F I,37,70.77
2025-12-16,9:53:40.914593255,T,KO,F,100,70.77
2025-12-16,9:53:40.914593255,T,KO,F I,25,70.77
2025-12-16,9:53:40.914596322,T,KO,F I,89,70.77
2025-12-16,9:53:40.914605326,T,KO,F I,11,70.77
2025-12-16,9:53:40.914605326,T,KO,F,100,70.77
2025-12-16,9:53:40.914804519,T,KO,F I,23,70.77
2025-12-16,9:53:40.914804519,T,KO,F I,27,70.77
2025-12-16,9:53:40.914810286,T,KO,F I,26,70.77
2025-12-16,9:53:40.914810286,T,KO,F I,25,70.77
2025-12-16,9:53:40.914812740,T,KO,F I,25,70.77
2025-12-16,9:53:40.914812740,T,KO,F I,11,70.77
2025-12-16,9:53:40.914815845,T,KO,F I,63,70.77
2025-12-16,9:53:40.918337177,T,KO,F I,26,70.77
2025-12-16,9:53:40.918340239,T,KO,F I,14,70.77
2025-12-16,9:53:54.453898511,T,KO,F I,1,70.78
2025-12-16,9:53:54.453898511,T,KO,F I,60,70.78
2025-12-16,9:53:54.453901309,T,KO,F I,12,70.78
2025-12-16,9:53:54.469217069,T,KO,F,100,70.785
2025-12-16,9:53:54.469219734,T,KO,F I,3,70.78
2025-12-16,9:53:54.469665559,T,KO,I,25,70.78
2025-12-16,9:53:54.469667711,T,KO,I,24,70.78
2025-12-16,9:53:54.469670840,T,KO,I,23,70.78
2025-12-16,9:53:54.557061935,T,KO,I,12,70.775
2025-12-16,9:53:55.396598335,T,KO,I,24,70.775
2025-12-16,9:53:59.435983925,T,KO,I,10,70.775
2025-12-16,9:53:59.435983925,T,KO,I,4,70.775
2025-12-16,9:53:59.523478028,T,KO,F I,10,70.77
2025-12-16,9:53:59.523483241,T,KO,F I,10,70.77
2025-12-16,9:53:59.523483241,T,KO,F,200,70.77
2025-12-16,9:53:59.523486255,T,KO,F I,25,70.77
2025-12-16,9:53:59.523489296,T,KO,F I,22,70.77
2025-12-16,9:54:00.578828662,T,KO,,100,70.76
2025-12-16,9:54:00.578828662,T,KO,I,41,70.76
2025-12-16,9:54:00.578846670,T,KO,I,1,70.765
2025-12-16,9:54:00.578867742,T,KO,I,99,70.765
2025-12-16,9:54:00.578967023,T,KO,,100,70.76
2025-12-16,9:54:00.578970152,T,KO,I,28,70.76
2025-12-16,9:54:00.578970152,T,KO,I,31,70.76
2025-12-16,9:54:00.578973033,T,KO,I,25,70.76
2025-12-16,9:54:11.305962061,T,KO,F I,28,70.77
2025-12-16,9:54:11.305962061,T,KO,I,31,70.775
2025-12-16,9:54:11.308668430,T,KO,,100,70.77
2025-12-16,9:54:11.308668430,T,KO,I,25,70.77
2025-12-16,9:54:11.308719627,T,KO,,100,70.77
2025-12-16,9:54:11.308746953,T,KO,I,29,70.77
2025-12-16,9:54:11.308746953,T,KO,I,31,70.77
2025-12-16,9:54:11.308749642,T,KO,I,40,70.77
2025-12-16,9:54:11.308803737,T,KO,I,1,70.77
2025-12-16,9:54:11.313603165,T,KO,F I,29,70.77
2025-12-16,9:54:11.313612284,T,KO,I,10,70.765
2025-12-16,9:54:11.315157917,T,KO,I,11,70.765
2025-12-16,9:54:15.296802706,T,KO,,100,70.765
2025-12-16,9:54:16.594336055,T,KO,I,3,70.775
2025-12-16,9:54:20.136589484,T,KO,F,100,70.77
2025-12-16,9:54:20.136593105,T,KO,F I,10,70.77
2025-12-16,9:54:20.136593105,T,KO,F I,10,70.77
2025-12-16,9:54:20.136596126,T,KO,F I,1,70.77
2025-12-16,9:54:20.136598871,T,KO,F I,25,70.77
2025-12-16,9:54:20.144089244,T,KO,I,5,70.76
2025-12-16,9:54:23.591280485,T,KO,I,10,70.76
2025-12-16,9:54:25.522951869,T,KO,I,3,70.73
2025-12-16,9:54:25.522951869,T,KO,I,97,70.73
2025-12-16,9:54:25.523219858,T,KO,I,27,70.73
2025-12-16,9:54:25.523219858,T,KO,I,31,70.73
2025-12-16,9:54:25.523784896,T,KO,I,31,70.73
2025-12-16,9:54:25.523790842,T,KO,I,27,70.73
2025-12-16,9:54:25.523790842,T,KO,I,72,70.73
2025-12-16,9:54:29.212917084,T,KO,F I,75,70.74
2025-12-16,9:54:29.212944830,T,KO,I,5,70.74
2025-12-16,9:54:29.971867557,T,KO,I,1,70.74
2025-12-16,9:54:29.971867557,T,KO,I,10,70.74
