DATE,TIME_M,EX,SYM_ROOT,TR_SCOND,SIZE,PRICE
2025-10-03,9:30:00.227204323,T,KO,O I,78,66.15
2025-10-03,9:30:00.227258456,T,KO,Q,78,66.15
2025-10-03,9:30:00.264126270,T,KO,F I,1,66.14
2025-10-03,9:30:00.835429998,T,KO,F I,1,66.1
2025-10-03,9:30:01.313189899,T,KO,I,2,66.09
2025-10-03,9:30:01.313192974,T,KO,I,50,66.09
2025-10-03,9:30:01.313192974,T,KO,I,10,66.09
2025-10-03,9:30:01.313196477,T,KO,I,5,66.09
2025-10-03,9:30:01.313199573,T,KO,I,1,66.09
2025-10-03,9:30:01.313199573,T,KO,I,1,66.09
2025-10-03,9:30:01.313202762,T,KO,I,2,66.09
2025-10-03,9:30:01.313202762,T,KO,I,1,66.09
2025-10-03,9:30:01.317084353,T,KO,I,3,66.08
2025-10-03,9:30:01.317084353,T,KO,I,1,66.08
2025-10-03,9:30:01.317087975,T,KO,I,4,66.08
2025-10-03,9:30:01.317090185,T,KO,I,1,66.08
2025-10-03,9:30:01.317093159,T,KO,I,1,66.08
2025-10-03,9:30:01.317866105,T,KO,I,1,66.07
2025-10-03,9:30:01.317869149,T,KO,I,1,66.07
2025-10-03,9:30:01.317869149,T,KO,I,1,66.07
2025-10-03,9:30:01.317872685,T,KO,I,1,66.07
2025-10-03,9:30:01.317875093,T,KO,I,2,66.07
2025-10-03,9:30:01.318016740,T,KO,F I,5,66.06
2025-10-03,9:30:01.318016740,T,KO,F,1044,66.06
2025-10-03,9:30:01.318169718,T,KO,,3156,66.06
2025-10-03,9:30:01.319201299,T,KO,F I,1,66.04
2025-10-03,9:30:01.319204292,T,KO,F I,10,66.04
2025-10-03,9:30:01.319375763,T,KO,I,21,66.05
2025-10-03,9:30:01.319378604,T,KO,I,7,66.05
2025-10-03,9:30:01.319483843,T,KO,I,22,66.05
2025-10-03,9:30:01.319511352,T,KO,F I,24,66.05
2025-10-03,9:30:01.328760950,T,KO,I,1,66.05
2025-10-03,9:30:01.621896206,T,KO,I,1,66.055
2025-10-03,9:30:01.621896206,T,KO,I,9,66.055
2025-10-03,9:30:01.886824199,T,KO,I,1,66.055
2025-10-03,9:30:01.886824199,T,KO,I,1,66.055
2025-10-03,9:30:01.886827508,T,KO,I,1,66.055
2025-10-03,9:30:01.886827508,T,KO,I,10,66.055
2025-10-03,9:30:01.886833234,T,KO,,300,66.055
2025-10-03,9:30:01.886833234,T,KO,,150,66.055
2025-10-03,9:30:02.110036780,T,KO,I,4,66.06
2025-10-03,9:30:02.112421566,T,KO,I,4,66.06
2025-10-03,9:30:02.273097277,T,KO,,528,66.06
2025-10-03,9:30:02.273097277,T,KO,,150,66.06
2025-10-03,9:30:02.371888487,T,KO,I,75,66.06
2025-10-03,9:30:02.587965251,T,KO,I,92,66.06
2025-10-03,9:30:02.587968129,T,KO,I,8,66.06
2025-10-03,9:30:02.625371236,T,KO,,100,66.07
2025-10-03,9:30:02.625473423,T,KO,F,400,66.08
2025-10-03,9:30:02.626646325,T,KO,F,400,66.09
2025-10-03,9:30:02.626646325,T,KO,F I,99,66.09
2025-10-03,9:30:02.626649292,T,KO,F I,1,66.09
2025-10-03,9:30:02.627037152,T,KO,F,1100,66.09
2025-10-03,9:30:02.627949254,T,KO,,568,66.09
2025-10-03,9:30:02.627954343,T,KO,,446,66.09
2025-10-03,9:30:02.627954343,T,KO,,386,66.09
2025-10-03,9:30:02.627958183,T,KO,I,14,66.09
2025-10-03,9:30:02.627958183,T,KO,I,39,66.09
2025-10-03,9:30:02.627958183,T,KO,I,15,66.09
2025-10-03,9:30:02.627960741,T,KO,I,25,66.09
2025-10-03,9:30:02.627960741,T,KO,I,7,66.09
2025-10-03,9:30:02.666785893,T,KO,F I,1,66.09
2025-10-03,9:30:02.789640383,T,KO,F,100,66.08
2025-10-03,9:30:03.666811573,T,KO,,400,66.06
2025-10-03,9:30:03.666811573,T,KO,,200,66.06
2025-10-03,9:30:03.667073295,T,KO,F,200,66.05
2025-10-03,9:30:03.667413097,T,KO,F,200,66.04
2025-10-03,9:30:03.723848489,T,KO,,300,66.04
2025-10-03,9:30:03.723848489,T,KO,I,60,66.05
2025-10-03,9:30:03.723851736,T,KO,I,8,66.05
2025-10-03,9:30:03.723851736,T,KO,,100,66.05
2025-10-03,9:30:03.723867161,T,KO,I,1,66.05
2025-10-03,9:30:04.184287113,T,KO,I,2,66.045
2025-10-03,9:30:04.284245174,T,KO,,100,66.045
2025-10-03,9:30:05.360911637,T,KO,,100,66.05
2025-10-03,9:30:05.360929647,T,KO,I,50,66.05
2025-10-03,9:30:05.362288821,T,KO,I,23,66.05
2025-10-03,9:30:06.011484086,T,KO,,100,66.07
2025-10-03,9:30:06.011487037,T,KO,,100,66.07
2025-10-03,9:30:06.011760756,T,KO,F,100,66.08
2025-10-03,9:30:06.012359074,T,KO,F,301,66.1
2025-10-03,9:30:06.013138163,T,KO,F I,17,66.09
2025-10-03,9:30:06.013141103,T,KO,F I,78,66.09
2025-10-03,9:30:06.469119991,T,KO,,400,66.1
2025-10-03,9:30:06.993313608,T,KO,I,5,66.11
2025-10-03,9:30:07.044579738,T,KO,F I,1,66.12
2025-10-03,9:30:07.804267006,T,KO,I,1,66.12
2025-10-03,9:30:08.551069175,T,KO,F I,6,66.13
2025-10-03,9:30:08.555128302,T,KO,I,18,66.13
2025-10-03,9:30:08.792991971,T,KO,,200,66.12
2025-10-03,9:30:08.792991971,T,KO,I,18,66.12
2025-10-03,9:30:09.026071062,T,KO,,200,66.1
2025-10-03,9:30:09.026071062,T,KO,I,15,66.1
2025-10-03,9:30:09.634362808,T,KO,I,68,66.09
2025-10-03,9:30:09.691652239,T,KO,F I,16,66.1
2025-10-03,9:30:09.691655329,T,KO,F I,20,66.1
2025-10-03,9:30:09.691658320,T,KO,F,364,66.1
2025-10-03,9:30:12.266910929,T,KO,F I,16,66.13
2025-10-03,9:30:12.266910929,T,KO,F,400,66.13
2025-10-03,9:30:12.266913951,T,KO,F,200,66.13
2025-10-03,9:30:12.266958996,T,KO,F,200,66.13
2025-10-03,9:30:12.267241698,T,KO,F,200,66.13
2025-10-03,9:30:12.267295831,T,KO,F,200,66.13
2025-10-03,9:30:12.267350019,T,KO,F,200,66.13
2025-10-03,9:30:12.267852152,T,KO,,200,66.12
2025-10-03,9:30:12.268442350,T,KO,,100,66.12
2025-10-03,9:30:12.268745274,T,KO,,400,66.13
2025-10-03,9:30:12.269049497,T,KO,F I,10,66.13
2025-10-03,9:30:12.269051992,T,KO,F I,10,66.13
2025-10-03,9:30:12.269112206,T,KO,F,190,66.13
2025-10-03,9:30:12.352067819,T,KO,F I,11,66.13
2025-10-03,9:30:12.426639494,T,KO,F I,12,66.13
2025-10-03,9:30:13.971138879,T,KO,F I,9,66.13
2025-10-03,9:30:13.971138879,T,KO,F,200,66.13
2025-10-03,9:30:16.888203551,T,KO,I,9,66.13
2025-10-03,9:30:16.888206552,T,KO,,100,66.13
2025-10-03,9:30:16.992314527,T,KO,F,150,66.14
2025-10-03,9:30:19.992581339,T,KO,,150,66.135
2025-10-03,9:30:20.719652947,T,KO,F I,35,66.15
2025-10-03,9:30:20.719655905,T,KO,F I,10,66.15
2025-10-03,9:30:20.739100278,T,KO,F,100,66.145
2025-10-03,9:30:20.750975501,T,KO,F,100,66.145
2025-10-03,9:30:20.761124743,T,KO,F,100,66.15
2025-10-03,9:30:20.761933672,T,KO,I,95,66.15
2025-10-03,9:30:20.761954647,T,KO,I,13,66.15
2025-10-03,9:30:20.769914666,T,KO,F,100,66.145
2025-10-03,9:30:20.769926711,T,KO,F I,14,66.145
2025-10-03,9:30:22.139343240,T,KO,,114,66.14
2025-10-03,9:30:22.139370348,T,KO,F I,36,66.14
2025-10-03,9:30:23.985355948,T,KO,,150,66.135
2025-10-03,9:30:28.096480548,T,KO,F I,13,66.15
2025-10-03,9:30:28.096483455,T,KO,F I,1,66.15
2025-10-03,9:30:28.096486538,T,KO,F I,3,66.15
2025-10-03,9:30:31.337485676,T,KO,,420,66.16
2025-10-03,9:30:31.337488738,T,KO,,100,66.16
2025-10-03,9:30:31.337491851,T,KO,,100,66.16
2025-10-03,9:30:31.337491851,T,KO,I,1,66.16
2025-10-03,9:30:31.337494753,T,KO,I,4,66.16
2025-10-03,9:30:31.339680931,T,KO,F I,1,66.18
2025-10-03,9:30:31.357618651,T,KO,I,87,66.18
2025-10-03,9:30:31.357781034,T,KO,F I,63,66.18
2025-10-03,9:30:31.357922659,T,KO,F I,10,66.19
2025-10-03,9:30:31.357925401,T,KO,F I,77,66.19
2025-10-03,9:30:31.360529567,T,KO,,400,66.18
2025-10-03,9:30:31.360535646,T,KO,I,36,66.18
2025-10-03,9:30:31.360535646,T,KO,,200,66.18
2025-10-03,9:30:31.360538599,T,KO,,100,66.18
2025-10-03,9:30:31.360710064,T,KO,F,100,66.18
2025-10-03,9:30:31.360899426,T,KO,F I,15,66.18
2025-10-03,9:30:31.360957148,T,KO,I,85,66.18
2025-10-03,9:30:31.360974670,T,KO,F,115,66.18
2025-10-03,9:30:31.361040910,T,KO,F,176,66.18
2025-10-03,9:30:31.361158114,T,KO,F I,7,66.18
2025-10-03,9:30:31.364682889,T,KO,I,34,66.19
2025-10-03,9:30:31.364686392,T,KO,,200,66.19
2025-10-03,9:30:31.364686392,T,KO,I,36,66.19
2025-10-03,9:30:31.382214218,T,KO,,200,66.2
2025-10-03,9:30:31.382217239,T,KO,,400,66.2
2025-10-03,9:30:31.408680301,T,KO,,100,66.19
2025-10-03,9:30:31.408683299,T,KO,I,31,66.19
2025-10-03,9:30:31.408704495,T,KO,I,1,66.19
2025-10-03,9:30:31.408704495,T,KO,I,4,66.19
2025-10-03,9:30:31.408707808,T,KO,I,7,66.19
2025-10-03,9:30:34.655126053,T,KO,I,45,66.2
2025-10-03,9:30:34.655126053,T,KO,I,3,66.2
2025-10-03,9:30:34.655129482,T,KO,I,1,66.2
2025-10-03,9:30:34.655129482,T,KO,I,1,66.2
2025-10-03,9:30:34.655134485,T,KO,,122,66.2
2025-10-03,9:30:34.655186084,T,KO,F I,45,66.2
2025-10-03,9:30:34.655188525,T,KO,F I,1,66.2
2025-10-03,9:30:34.655197565,T,KO,F I,1,66.2
2025-10-03,9:30:34.655260889,T,KO,F I,42,66.2
2025-10-03,9:30:41.427176717,T,KO,,300,66.205
2025-10-03,9:30:43.360550617,T,KO,F I,19,66.19
2025-10-03,9:30:45.973807586,T,KO,,200,66.18
2025-10-03,9:30:45.975236012,T,KO,,100,66.19
2025-10-03,9:30:45.975239045,T,KO,,100,66.19
2025-10-03,9:30:47.896603096,T,KO,I,39,66.18
2025-10-03,9:30:47.896603096,T,KO,,100,66.18
2025-10-03,9:30:47.896605722,T,KO,,400,66.18
2025-10-03,9:30:47.896605722,T,KO,I,15,66.18
2025-10-03,9:30:51.044265171,T,KO,F I,22,66.16
2025-10-03,9:30:51.044268789,T,KO,F I,1,66.16
2025-10-03,9:30:51.044271196,T,KO,F I,1,66.16
2025-10-03,9:30:51.077283845,T,KO,,129,66.15
2025-10-03,9:30:51.077301903,T,KO,I,1,66.15
2025-10-03,9:30:51.077307844,T,KO,F I,70,66.15
2025-10-03,9:30:55.213352802,T,KO,,100,66.13
2025-10-03,9:30:55.213355846,T,KO,,100,66.13
2025-10-03,9:30:56.909512718,T,KO,F,133,66.13
2025-10-03,9:30:56.909515756,T,KO,F,100,66.13
2025-10-03,9:31:01.345732596,T,KO,F,100,66.14
2025-10-03,9:31:01.345732596,T,KO,F,100,66.14
2025-10-03,9:31:01.346427270,T,KO,F,100,66.15
2025-10-03,9:31:01.346430237,T,KO,F,100,66.15
2025-10-03,9:31:01.346466365,T,KO,F,100,66.15
2025-10-03,9:31:01.347594029,T,KO,F,100,66.17
2025-10-03,9:31:01.347596981,T,KO,F I,85,66.17
2025-10-03,9:31:01.347618024,T,KO,F I,15,66.17
2025-10-03,9:31:01.911764672,T,KO,I,1,66.16
2025-10-03,9:31:02.012474510,T,KO,F,100,66.17
2025-10-03,9:31:02.012477542,T,KO,F,100,66.17
2025-10-03,9:31:07.611329576,T,KO,,100,66.16
2025-10-03,9:31:12.547493373,T,KO,,100,66.14
2025-10-03,9:31:12.547544469,T,KO,I,50,66.14
2025-10-03,9:31:13.690154795,T,KO,F,550,66.14
2025-10-03,9:31:14.483663849,T,KO,F,163,66.14
2025-10-03,9:31:14.487398736,T,KO,F,550,66.13
2025-10-03,9:31:14.494342267,T,KO,I,33,66.14
2025-10-03,9:31:14.494366271,T,KO,I,1,66.14
2025-10-03,9:31:24.086862221,T,KO,F,366,66.13
2025-10-03,9:31:24.086883783,T,KO,I,1,66.13
2025-10-03,9:31:24.108733346,T,KO,,100,66.135
2025-10-03,9:31:24.108802516,T,KO,,100,66.135
2025-10-03,9:31:24.110110668,T,KO,,100,66.135
2025-10-03,9:31:24.221956026,T,KO,,100,66.14
2025-10-03,9:31:24.748952231,T,KO,I,30,66.15
2025-10-03,9:31:24.748952231,T,KO,I,8,66.15
2025-10-03,9:31:24.749001395,T,KO,I,77,66.14
2025-10-03,9:31:24.749001395,T,KO,I,75,66.14
2025-10-03,9:31:24.749003448,T,KO,I,49,66.14
2025-10-03,9:31:24.749025081,T,KO,I,1,66.14
2025-10-03,9:31:24.749069590,T,KO,I,22,66.15
2025-10-03,9:31:24.749072963,T,KO,I,22,66.15
2025-10-03,9:31:24.749457488,T,KO,F I,1,66.14
2025-10-03,9:31:24.749460434,T,KO,F,100,66.14
2025-10-03,9:31:24.749463854,T,KO,F,400,66.14
2025-10-03,9:31:24.749463854,T,KO,F,200,66.14
2025-10-03,9:31:24.749508744,T,KO,,100,66.15
2025-10-03,9:31:24.749517633,T,KO,I,21,66.14
2025-10-03,9:31:24.749562819,T,KO,,100,66.14
2025-10-03,9:31:24.749566341,T,KO,,100,66.14
2025-10-03,9:31:24.749566341,T,KO,,354,66.15
2025-10-03,9:31:24.749656605,T,KO,I,46,66.15
2025-10-03,9:31:24.749659772,T,KO,I,32,66.15
2025-10-03,9:31:24.749664993,T,KO,,200,66.15
2025-10-03,9:31:24.749664993,T,KO,I,77,66.15
2025-10-03,9:31:24.749664993,T,KO,,100,66.15
2025-10-03,9:31:24.749944845,T,KO,,100,66.145
2025-10-03,9:31:24.749944845,T,KO,,100,66.15
2025-10-03,9:31:24.749947743,T,KO,,100,66.15
2025-10-03,9:31:24.749950655,T,KO,,100,66.15
2025-10-03,9:31:24.750085982,T,KO,,400,66.16
2025-10-03,9:31:24.750085982,T,KO,,200,66.16
2025-10-03,9:31:24.750258021,T,KO,,100,66.16
2025-10-03,9:31:24.750258021,T,KO,,100,66.16
2025-10-03,9:31:24.750287431,T,KO,,100,66.16
2025-10-03,9:31:24.750317549,T,KO,I,18,66.16
2025-10-03,9:31:24.750339368,T,KO,,100,66.16
2025-10-03,9:31:24.750359613,T,KO,I,1,66.16
2025-10-03,9:31:24.750471704,T,KO,F,100,66.15
2025-10-03,9:31:24.750471704,T,KO,F I,77,66.15
2025-10-03,9:31:24.750477068,T,KO,F,200,66.15
2025-10-03,9:31:24.750477068,T,KO,F,400,66.15
2025-10-03,9:31:24.750480187,T,KO,F,200,66.15
2025-10-03,9:31:24.750480187,T,KO,F,344,66.15
2025-10-03,9:31:24.750482928,T,KO,F,100,66.15
2025-10-03,9:31:24.750556039,T,KO,,100,66.15
2025-10-03,9:31:24.750561133,T,KO,I,67,66.15
2025-10-03,9:31:24.750565852,T,KO,I,81,66.16
2025-10-03,9:31:24.750565852,T,KO,,100,66.16
2025-10-03,9:31:24.750570999,T,KO,,100,66.16
2025-10-03,9:31:24.750570999,T,KO,,100,66.16
2025-10-03,9:31:24.750570999,T,KO,,100,66.16
2025-10-03,9:31:24.750573111,T,KO,,200,66.16
2025-10-03,9:31:24.750576157,T,KO,I,96,66.16
2025-10-03,9:31:24.750580186,T,KO,,200,66.16
2025-10-03,9:31:24.750627939,T,KO,F I,16,66.15
2025-10-03,9:31:24.750627939,T,KO,F,400,66.15
2025-10-03,9:31:24.750630861,T,KO,F I,18,66.15
2025-10-03,9:31:24.750630861,T,KO,F I,10,66.15
2025-10-03,9:31:24.750633427,T,KO,,100,66.16
2025-10-03,9:31:24.750696482,T,KO,,400,66.16
2025-10-03,9:31:24.750781152,T,KO,I,75,66.16
2025-10-03,9:31:24.750840832,T,KO,,200,66.16
2025-10-03,9:31:24.750970049,T,KO,,100,66.16
2025-10-03,9:31:24.750988247,T,KO,F,100,66.16
2025-10-03,9:31:24.750991089,T,KO,F,190,66.15
2025-10-03,9:31:24.750991089,T,KO,F,400,66.15
2025-10-03,9:31:24.750994456,T,KO,F I,31,66.15
2025-10-03,9:31:24.750994456,T,KO,F I,18,66.15
2025-10-03,9:31:24.751015737,T,KO,I,67,66.16
2025-10-03,9:31:24.751055139,T,KO,I,77,66.16
2025-10-03,9:31:24.751055139,T,KO,,100,66.16
2025-10-03,9:31:24.751061050,T,KO,I,33,66.16
2025-10-03,9:31:24.751061050,T,KO,,128,66.16
2025-10-03,9:31:24.751072302,T,KO,I,32,66.16
2025-10-03,9:31:24.751120519,T,KO,F I,47,66.15
2025-10-03,9:31:24.751126570,T,KO,,240,66.16
2025-10-03,9:31:24.751132470,T,KO,,100,66.16
2025-10-03,9:31:24.751132470,T,KO,,100,66.16
2025-10-03,9:31:24.751136205,T,KO,I,51,66.16
2025-10-03,9:31:24.751153948,T,KO,I,1,66.16
2025-10-03,9:31:24.751220072,T,KO,I,66,66.16
2025-10-03,9:31:24.751222731,T,KO,I,47,66.16
2025-10-03,9:31:24.751457234,T,KO,I,1,66.16
2025-10-03,9:31:24.751553994,T,KO,F,100,66.16
2025-10-03,9:31:24.751596026,T,KO,F I,25,66.16
2025-10-03,9:31:24.751599092,T,KO,F,353,66.15
2025-10-03,9:31:24.751601553,T,KO,F,191,66.15
2025-10-03,9:31:24.751613606,T,KO,F I,11,66.16
2025-10-03,9:31:24.751713148,T,KO,,100,66.16
2025-10-03,9:31:24.751717020,T,KO,,202,66.16
2025-10-03,9:31:24.751721833,T,KO,,200,66.16
2025-10-03,9:31:24.751721833,T,KO,,100,66.16
2025-10-03,9:31:24.751724886,T,KO,,100,66.16
2025-10-03,9:31:24.751724886,T,KO,,100,66.16
2025-10-03,9:31:24.751788007,T,KO,F I,9,66.15
2025-10-03,9:31:24.751788007,T,KO,F I,58,66.15
2025-10-03,9:31:24.751821109,T,KO,I,40,66.16
2025-10-03,9:31:24.751839206,T,KO,F,342,66.15
2025-10-03,9:31:24.751842164,T,KO,F I,58,66.15
2025-10-03,9:31:24.751866208,T,KO,F,200,66.15
2025-10-03,9:31:24.752031803,T,KO,I,60,66.16
2025-10-03,9:31:24.752031803,T,KO,,200,66.16
2025-10-03,9:31:24.752035283,T,KO,,400,66.16
2025-10-03,9:31:24.752035283,T,KO,,100,66.16
2025-10-03,9:31:24.752061875,T,KO,F I,25,66.16
2025-10-03,9:31:24.752085892,T,KO,F I,75,66.16
2025-10-03,9:31:24.752088751,T,KO,F,114,66.16
2025-10-03,9:31:24.752206047,T,KO,I,25,66.16
2025-10-03,9:31:24.752209678,T,KO,I,54,66.16
2025-10-03,9:31:24.752209678,T,KO,I,75,66.16
2025-10-03,9:31:24.752211998,T,KO,,353,66.16
2025-10-03,9:31:24.752215071,T,KO,I,48,66.16
2025-10-03,9:31:24.752236115,T,KO,,200,66.16
2025-10-03,9:31:24.752236115,T,KO,I,7,66.16
2025-10-03,9:31:24.752284953,T,KO,,100,66.155
2025-10-03,9:31:24.752284953,T,KO,,100,66.16
2025-10-03,9:31:24.752443885,T,KO,F,100,66.16
2025-10-03,9:31:24.752473628,T,KO,I,33,66.16
2025-10-03,9:31:24.752503948,T,KO,I,67,66.16
2025-10-03,9:31:24.752584952,T,KO,F I,68,66.15
2025-10-03,9:31:24.752783538,T,KO,,193,66.16
2025-10-03,9:31:24.752783538,T,KO,,200,66.16
2025-10-03,9:31:24.752789471,T,KO,I,68,66.16
2025-10-03,9:31:24.752834546,T,KO,F I,6,66.16
2025-10-03,9:31:24.752858644,T,KO,,131,66.16
2025-10-03,9:31:24.752864983,T,KO,F I,44,66.16
2025-10-03,9:31:24.752864983,T,KO,F,400,66.16
2025-10-03,9:31:24.752867649,T,KO,F,184,66.16
2025-10-03,9:31:24.752877583,T,KO,F I,16,66.16
2025-10-03,9:31:24.752882680,T,KO,F,100,66.16
2025-10-03,9:31:24.753066077,T,KO,,100,66.16
2025-10-03,9:31:24.753072322,T,KO,I,18,66.16
2025-10-03,9:31:24.753072322,T,KO,,100,66.16
2025-10-03,9:31:24.753072322,T,KO,,400,66.16
2025-10-03,9:31:24.753075062,T,KO,,200,66.16
2025-10-03,9:31:24.753129602,T,KO,I,58,66.16
2025-10-03,9:31:24.753132352,T,KO,I,16,66.16
2025-10-03,9:31:24.753135574,T,KO,I,18,66.16
2025-10-03,9:31:24.753345714,T,KO,,118,66.16
2025-10-03,9:31:24.753384793,T,KO,F,100,66.16
2025-10-03,9:31:24.753412127,T,KO,F I,42,66.16
2025-10-03,9:31:24.753414897,T,KO,I,58,66.16
2025-10-03,9:31:24.753414897,T,KO,I,38,66.16
2025-10-03,9:31:24.753538169,T,KO,I,4,66.16
2025-10-03,9:31:24.753541207,T,KO,,100,66.16
2025-10-03,9:31:24.753625451,T,KO,F,100,66.16
2025-10-03,9:31:24.753628791,T,KO,F I,36,66.16
2025-10-03,9:31:24.753628791,T,KO,F I,18,66.16
2025-10-03,9:31:24.753631502,T,KO,F,158,66.16
2025-10-03,9:31:24.753634380,T,KO,F I,42,66.16
2025-10-03,9:31:24.756426203,T,KO,F I,77,66.14
2025-10-03,9:31:24.756426203,T,KO,F,100,66.14
2025-10-03,9:31:24.756431271,T,KO,F,400,66.14
2025-10-03,9:31:24.756431271,T,KO,F,200,66.14
2025-10-03,9:31:24.756434724,T,KO,F I,77,66.14
2025-10-03,9:31:24.757006207,T,KO,F,204,66.13
2025-10-03,9:31:24.757023487,T,KO,F,600,66.14
2025-10-03,9:31:24.757122704,T,KO,F,396,66.14
2025-10-03,9:31:24.757183148,T,KO,F,396,66.14
2025-10-03,9:31:24.757243085,T,KO,F,396,66.135
2025-10-03,9:31:24.757288141,T,KO,I,15,66.135
2025-10-03,9:31:24.757312807,T,KO,F,396,66.135
2025-10-03,9:31:24.757384377,T,KO,I,85,66.135
2025-10-03,9:31:24.757387571,T,KO,I,15,66.14
2025-10-03,9:31:24.757387571,T,KO,I,34,66.14
2025-10-03,9:31:24.757391693,T,KO,I,82,66.14
2025-10-03,9:31:24.757393516,T,KO,I,94,66.14
2025-10-03,9:31:24.757396357,T,KO,I,15,66.14
2025-10-03,9:31:24.757408816,T,KO,I,1,66.14
2025-10-03,9:31:24.757438454,T,KO,F,396,66.135
2025-10-03,9:31:24.757591956,T,KO,I,84,66.135
2025-10-03,9:31:24.757847483,T,KO,F,196,66.13
2025-10-03,9:31:24.757850424,T,KO,F,200,66.13
2025-10-03,9:31:24.758262873,T,KO,F,203,66.13
2025-10-03,9:31:24.758307587,T,KO,F,530,66.13
2025-10-03,9:31:24.758361961,T,KO,I,18,66.13
2025-10-03,9:31:24.758412811,T,KO,,100,66.13
2025-10-03,9:31:24.758485390,T,KO,F I,18,66.13
2025-10-03,9:31:24.758485390,T,KO,F I,2,66.13
2025-10-03,9:31:24.758503056,T,KO,F I,16,66.13
2025-10-03,9:31:24.758506013,T,KO,,400,66.14
2025-10-03,9:31:24.770676850,T,KO,F,100,66.15
2025-10-03,9:31:24.770676850,T,KO,F I,77,66.15
2025-10-03,9:31:24.770679550,T,KO,F,373,66.15
2025-10-03,9:31:24.770679550,T,KO,F I,27,66.15
2025-10-03,9:31:24.770682072,T,KO,F,200,66.15
2025-10-03,9:31:24.770682072,T,KO,F I,96,66.15
2025-10-03,9:31:24.771376647,T,KO,F,100,66.16
2025-10-03,9:31:24.771376647,T,KO,F I,85,66.16
2025-10-03,9:31:25.749414192,T,KO,,100,66.155
2025-10-03,9:31:27.728974985,T,KO,,150,66.155
2025-10-03,9:31:32.750638355,T,KO,,150,66.135
2025-10-03,9:31:34.606938483,T,KO,I,50,66.13
2025-10-03,9:31:39.174361002,T,KO,F,100,66.14
2025-10-03,9:31:39.174364066,T,KO,F,100,66.14
2025-10-03,9:31:39.184411007,T,KO,,100,66.14
2025-10-03,9:31:39.186236279,T,KO,,100,66.14
2025-10-03,9:31:39.186290519,T,KO,,100,66.14
2025-10-03,9:31:39.206633909,T,KO,,300,66.14
2025-10-03,9:31:39.208456197,T,KO,,100,66.14
2025-10-03,9:31:40.337164639,T,KO,F I,41,66.15
2025-10-03,9:31:40.337167537,T,KO,F I,34,66.15
2025-10-03,9:31:43.866580777,T,KO,,100,66.16
2025-10-03,9:31:47.538298891,T,KO,I,1,66.17
2025-10-03,9:31:48.231774870,T,KO,F I,53,66.17
2025-10-03,9:31:48.231774870,T,KO,F,208,66.17
2025-10-03,9:31:48.231777553,T,KO,I,60,66.17
2025-10-03,9:32:00.043099056,T,KO,F I,23,66.17
2025-10-03,9:32:00.043715622,T,KO,F I,37,66.17
2025-10-03,9:32:00.043719016,T,KO,F,400,66.17
2025-10-03,9:32:00.620793043,T,KO,I,80,66.18
2025-10-03,9:32:00.620811401,T,KO,I,1,66.18
2025-10-03,9:32:00.621334282,T,KO,F,100,66.19
2025-10-03,9:32:00.621355343,T,KO,F,100,66.19
2025-10-03,9:32:02.446299832,T,KO,I,31,66.2
2025-10-03,9:32:02.446492247,T,KO,F,100,66.21
2025-10-03,9:32:02.664222792,T,KO,,100,66.24
2025-10-03,9:32:04.252148892,T,KO,F,100,66.245
2025-10-03,9:32:04.252148892,T,KO,F I,79,66.24
2025-10-03,9:32:04.252172870,T,KO,F,100,66.24
2025-10-03,9:32:04.252720235,T,KO,,100,66.24
2025-10-03,9:32:04.252741947,T,KO,I,1,66.24
2025-10-03,9:32:04.252906720,T,KO,F,100,66.24
2025-10-03,9:32:04.252906720,T,KO,F I,1,66.24
2025-10-03,9:32:04.459014561,T,KO,,233,66.235
2025-10-03,9:32:04.459041724,T,KO,F I,67,66.235
2025-10-03,9:32:04.459044650,T,KO,F,100,66.23
2025-10-03,9:32:04.459047574,T,KO,F,200,66.23
2025-10-03,9:32:04.459327238,T,KO,,100,66.23
2025-10-03,9:32:04.459357346,T,KO,I,37,66.23
2025-10-03,9:32:04.459510673,T,KO,F I,63,66.23
2025-10-03,9:32:05.244268839,T,KO,F,100,66.22
2025-10-03,9:32:05.244707857,T,KO,I,13,66.21
2025-10-03,9:32:05.244710900,T,KO,I,40,66.21
2025-10-03,9:32:06.028494657,T,KO,,100,66.22
2025-10-03,9:32:13.409132652,T,KO,F I,58,66.22
2025-10-03,9:32:13.409136244,T,KO,F I,58,66.22
2025-10-03,9:32:13.409136244,T,KO,F,100,66.22
2025-10-03,9:32:13.409138415,T,KO,F I,81,66.22
2025-10-03,9:32:13.409165516,T,KO,I,40,66.22
2025-10-03,9:32:13.409454550,T,KO,I,60,66.22
2025-10-03,9:32:13.409457190,T,KO,I,39,66.22
2025-10-03,9:32:13.409457190,T,KO,I,1,66.22
2025-10-03,9:32:13.409511312,T,KO,F I,39,66.22
2025-10-03,9:32:16.992870376,T,KO,I,40,66.23
2025-10-03,9:32:18.393876740,T,KO,F,100,66.24
2025-10-03,9:32:18.393879728,T,KO,F,260,66.24
2025-10-03,9:32:19.513704845,T,KO,F,100,66.27
2025-10-03,9:32:19.513707859,T,KO,F,100,66.27
2025-10-03,9:32:19.514159604,T,KO,,100,66.27
2025-10-03,9:32:19.514159604,T,KO,I,39,66.27
2025-10-03,9:32:19.514222142,T,KO,F,100,66.27
2025-10-03,9:32:19.514243132,T,KO,I,39,66.27
2025-10-03,9:32:19.514429675,T,KO,,100,66.27
2025-10-03,9:32:19.514433805,T,KO,,100,66.27
2025-10-03,9:32:19.514435717,T,KO,,100,66.27
2025-10-03,9:32:19.514438993,T,KO,,100,66.27
2025-10-03,9:32:22.481710933,T,KO,F,146,66.28
2025-10-03,9:32:22.483704627,T,KO,I,8,66.28
2025-10-03,9:32:22.483707659,T,KO,,100,66.28
2025-10-03,9:32:22.787124319,T,KO,F,100,66.27
2025-10-03,9:32:22.787127330,T,KO,F,400,66.27
2025-10-03,9:32:22.787455178,T,KO,,100,66.27
2025-10-03,9:32:24.657738701,T,KO,F,100,66.28
2025-10-03,9:32:24.657741741,T,KO,F I,13,66.28
2025-10-03,9:32:25.320574418,T,KO,,100,66.3
2025-10-03,9:32:25.320574418,T,KO,I,42,66.3
2025-10-03,9:32:25.320619580,T,KO,F I,48,66.3
2025-10-03,9:32:25.320625515,T,KO,F I,52,66.3
2025-10-03,9:32:25.320625515,T,KO,F I,48,66.3
2025-10-03,9:32:25.320655563,T,KO,I,52,66.3
2025-10-03,9:32:25.320983315,T,KO,,100,66.3
2025-10-03,9:32:25.321004480,T,KO,I,1,66.3
2025-10-03,9:32:27.059715619,T,KO,F,400,66.27
2025-10-03,9:32:27.065748016,T,KO,F,100,66.27
2025-10-03,9:32:27.065750976,T,KO,F I,6,66.27
2025-10-03,9:32:27.065754042,T,KO,F,100,66.27
2025-10-03,9:32:27.065754042,T,KO,F I,4,66.27
2025-10-03,9:32:27.065756981,T,KO,F,137,66.27
2025-10-03,9:32:27.065772007,T,KO,,263,66.27
2025-10-03,9:32:27.070063295,T,KO,I,1,66.27
2025-10-03,9:32:27.070066242,T,KO,I,5,66.27
2025-10-03,9:32:27.070144394,T,KO,F I,5,66.27
2025-10-03,9:32:27.070788527,T,KO,F,100,66.27
2025-10-03,9:32:27.070791032,T,KO,F I,35,66.27
2025-10-03,9:32:27.070836058,T,KO,F,100,66.27
2025-10-03,9:32:27.070839067,T,KO,F,100,66.27
2025-10-03,9:32:27.070857184,T,KO,I,1,66.27
2025-10-03,9:32:27.071022556,T,KO,F,100,66.27
2025-10-03,9:32:27.071025585,T,KO,F I,35,66.27
2025-10-03,9:32:28.288962326,T,KO,F,100,66.27
2025-10-03,9:32:28.290100034,T,KO,,100,66.28
2025-10-03,9:32:28.290100034,T,KO,I,36,66.27
2025-10-03,9:32:28.290102094,T,KO,I,77,66.27
2025-10-03,9:32:29.502156911,T,KO,I,75,66.27
2025-10-03,9:32:29.502156911,T,KO,,400,66.27
2025-10-03,9:32:29.502175349,T,KO,I,1,66.27
2025-10-03,9:32:29.502250109,T,KO,,100,66.27
2025-10-03,9:32:37.696719358,T,KO,I,3,66.28
2025-10-03,9:32:37.697522300,T,KO,F,100,66.28
2025-10-03,9:32:37.697522300,T,KO,F I,42,66.28
2025-10-03,9:32:39.256844210,T,KO,F I,5,66.29
2025-10-03,9:32:39.287021117,T,KO,I,49,66.29
2025-10-03,9:32:46.345946657,T,KO,F I,12,66.31
2025-10-03,9:32:47.918773729,T,KO,I,62,66.32
2025-10-03,9:32:47.918794772,T,KO,F I,38,66.32
2025-10-03,9:32:48.066711192,T,KO,F I,57,66.32
2025-10-03,9:32:48.643572210,T,KO,F,300,66.31
2025-10-03,9:32:48.643575251,T,KO,F I,55,66.31
2025-10-03,9:32:49.333261762,T,KO,I,31,66.3
2025-10-03,9:32:49.390782794,T,KO,F,400,66.29
2025-10-03,9:32:50.187184769,T,KO,,100,66.29
2025-10-03,9:32:52.354260045,T,KO,F I,43,66.28
2025-10-03,9:32:52.354299062,T,KO,I,16,66.29
2025-10-03,9:32:52.739715047,T,KO,I,39,66.275
2025-10-03,9:32:59.177003484,T,KO,,100,66.29
2025-10-03,9:32:59.177006101,T,KO,I,36,66.29
2025-10-03,9:32:59.177021151,T,KO,I,1,66.29
2025-10-03,9:33:00.683276061,T,KO,F,400,66.27
2025-10-03,9:33:00.683329962,T,KO,,100,66.28
2025-10-03,9:33:00.683332921,T,KO,I,2,66.28
2025-10-03,9:33:00.683384156,T,KO,F,100,66.27
2025-10-03,9:33:00.684072654,T,KO,I,61,66.26
2025-10-03,9:33:00.684090647,T,KO,I,28,66.26
2025-10-03,9:33:00.684322245,T,KO,I,11,66.26
2025-10-03,9:33:00.684322245,T,KO,I,17,66.26
2025-10-03,9:33:00.687714365,T,KO,I,2,66.26
2025-10-03,9:33:00.691065100,T,KO,F I,41,66.26
2025-10-03,9:33:00.691067645,T,KO,F,100,66.26
2025-10-03,9:33:00.692475023,T,KO,I,1,66.26
2025-10-03,9:33:00.692475023,T,KO,I,6,66.26
2025-10-03,9:33:00.692477693,T,KO,I,2,66.26
2025-10-03,9:33:00.692525806,T,KO,F I,15,66.26
2025-10-03,9:33:00.692534766,T,KO,,100,66.26
2025-10-03,9:33:00.692579894,T,KO,F,200,66.26
2025-10-03,9:33:00.692597919,T,KO,F I,7,66.26
2025-10-03,9:33:00.692941118,T,KO,F I,83,66.27
2025-10-03,9:33:00.692947548,T,KO,F,100,66.27
2025-10-03,9:33:00.692947548,T,KO,F I,84,66.27
2025-10-03,9:33:00.692950147,T,KO,F,316,66.27
2025-10-03,9:33:00.692950147,T,KO,F,200,66.27
2025-10-03,9:33:00.711335540,T,KO,,200,66.26
2025-10-03,9:33:00.711338629,T,KO,I,83,66.26
2025-10-03,9:33:00.711900974,T,KO,F I,28,66.26
2025-10-03,9:33:00.711943708,T,KO,F,100,66.26
2025-10-03,9:33:00.711946049,T,KO,F,100,66.26
2025-10-03,9:33:00.711958092,T,KO,F,200,66.26
2025-10-03,9:33:03.495411443,T,KO,F I,2,66.27
2025-10-03,9:33:03.495414537,T,KO,F I,17,66.27
2025-10-03,9:33:10.872533955,T,KO,F I,10,66.28
2025-10-03,9:33:12.487343990,T,KO,,100,66.31
2025-10-03,9:33:18.625407388,T,KO,,100,66.32
2025-10-03,9:33:19.645493952,T,KO,I,63,66.31
2025-10-03,9:33:26.865303268,T,KO,I,8,66.29
2025-10-03,9:33:26.865305662,T,KO,I,6,66.29
2025-10-03,9:33:26.865320741,T,KO,I,42,66.29
2025-10-03,9:33:26.865657490,T,KO,F,152,66.29
2025-10-03,9:33:26.865660492,T,KO,F,400,66.29
2025-10-03,9:33:26.866150683,T,KO,,100,66.29
2025-10-03,9:33:31.167174619,T,KO,F I,51,66.29
2025-10-03,9:33:31.167177642,T,KO,F,100,66.29
2025-10-03,9:33:31.167229402,T,KO,,100,66.29
2025-10-03,9:33:37.382302556,T,KO,I,64,66.3
2025-10-03,9:33:37.382323768,T,KO,I,1,66.3
2025-10-03,9:33:37.383255921,T,KO,F I,35,66.3
2025-10-03,9:33:39.246767280,T,KO,F,100,66.31
2025-10-03,9:33:39.246770296,T,KO,F,200,66.31
2025-10-03,9:33:40.061515780,T,KO,F,118,66.32
2025-10-03,9:33:43.247008995,T,KO,,100,66.34
2025-10-03,9:33:45.422372087,T,KO,F I,25,66.33
2025-10-03,9:33:45.422973465,T,KO,F,100,66.33
2025-10-03,9:33:45.423039659,T,KO,I,44,66.33
2025-10-03,9:33:45.433116605,T,KO,F I,1,66.33
2025-10-03,9:33:45.448528458,T,KO,I,43,66.33
2025-10-03,9:33:45.448531367,T,KO,I,1,66.33
2025-10-03,9:33:48.134609858,T,KO,,100,66.34
2025-10-03,9:33:48.631230702,T,KO,F,100,66.35
2025-10-03,9:33:48.631252224,T,KO,I,16,66.35
2025-10-03,9:33:48.631266781,T,KO,F I,84,66.35
2025-10-03,9:33:48.968333846,T,KO,F,164,66.34
2025-10-03,9:33:48.968349200,T,KO,I,1,66.34
2025-10-03,9:33:48.968384692,T,KO,,244,66.35
2025-10-03,9:33:58.800509462,T,KO,F,100,66.37
2025-10-03,9:33:58.800509462,T,KO,F,100,66.37
2025-10-03,9:33:58.811113318,T,KO,I,91,66.37
2025-10-03,9:33:58.811115678,T,KO,,244,66.37
2025-10-03,9:33:58.819995965,T,KO,,100,66.37
2025-10-03,9:33:58.819998886,T,KO,I,40,66.37
2025-10-03,9:33:58.820016882,T,KO,I,1,66.37
2025-10-03,9:33:58.820065294,T,KO,I,50,66.37
2025-10-03,9:33:58.820068105,T,KO,,100,66.37
2025-10-03,9:34:01.606450536,T,KO,F,100,66.36
2025-10-03,9:34:01.606453538,T,KO,F,100,66.36
2025-10-03,9:34:01.606456990,T,KO,F I,1,66.36
2025-10-03,9:34:01.765367689,T,KO,F,100,66.35
2025-10-03,9:34:01.765370002,T,KO,F,100,66.35
2025-10-03,9:34:03.650412789,T,KO,,100,66.34
2025-10-03,9:34:03.650448792,T,KO,,100,66.35
2025-10-03,9:34:03.650448792,T,KO,,249,66.35
2025-10-03,9:34:03.875411926,T,KO,F I,66,66.35
2025-10-03,9:34:03.875430711,T,KO,F I,34,66.35
2025-10-03,9:34:03.877330238,T,KO,I,50,66.35
2025-10-03,9:34:03.877333208,T,KO,I,50,66.35
2025-10-03,9:34:05.019498534,T,KO,I,50,66.36
2025-10-03,9:34:11.186088486,T,KO,F I,8,66.37
2025-10-03,9:34:11.186091629,T,KO,F,100,66.37
2025-10-03,9:34:11.186094003,T,KO,,100,66.37
2025-10-03,9:34:11.186094003,T,KO,I,8,66.37
2025-10-03,9:34:11.186097096,T,KO,F I,92,66.37
2025-10-03,9:34:11.186100510,T,KO,F I,16,66.37
2025-10-03,9:34:11.188577930,T,KO,I,84,66.37
2025-10-03,9:34:11.797390098,T,KO,I,1,66.38
2025-10-03,9:34:11.797395907,T,KO,I,84,66.38
2025-10-03,9:34:11.797399214,T,KO,,196,66.38
2025-10-03,9:34:11.797408020,T,KO,I,1,66.38
2025-10-03,9:34:20.052185634,T,KO,,300,66.37
2025-10-03,9:34:20.887268584,T,KO,F I,7,66.36
2025-10-03,9:34:20.887467128,T,KO,F I,57,66.36
2025-10-03,9:34:26.934199903,T,KO,F I,11,66.36
2025-10-03,9:34:26.934223886,T,KO,F,200,66.36
2025-10-03,9:34:26.934223886,T,KO,F,100,66.36
2025-10-03,9:34:26.934879436,T,KO,I,83,66.36
2025-10-03,9:34:26.934909576,T,KO,,100,66.36
2025-10-03,9:34:28.002431122,T,KO,F I,83,66.36
2025-10-03,9:34:28.002437087,T,KO,I,16,66.36
2025-10-03,9:34:28.002897226,T,KO,F I,16,66.36
2025-10-03,9:34:28.003444670,T,KO,I,64,66.36
2025-10-03,9:34:28.003444670,T,KO,,100,66.36
2025-10-03,9:34:28.003451108,T,KO,I,46,66.36
2025-10-03,9:34:33.713865296,T,KO,F I,46,66.36
2025-10-03,9:34:33.713868596,T,KO,F I,17,66.36
2025-10-03,9:34:33.713868596,T,KO,F I,64,66.36
2025-10-03,9:34:33.713871326,T,KO,F I,26,66.36
2025-10-03,9:34:33.713874893,T,KO,F I,35,66.36
2025-10-03,9:34:33.713940448,T,KO,I,37,66.36
2025-10-03,9:34:33.714006621,T,KO,I,37,66.36
2025-10-03,9:34:33.714701320,T,KO,I,1,66.35
2025-10-03,9:34:33.714722456,T,KO,I,61,66.35
2025-10-03,9:34:33.714729310,T,KO,F I,38,66.35
2025-10-03,9:34:33.714731431,T,KO,F I,35,66.35
2025-10-03,9:34:33.719726431,T,KO,,100,66.35
2025-10-03,9:34:38.934278000,T,KO,I,46,66.35
2025-10-03,9:34:43.134763528,T,KO,I,13,66.35
2025-10-03,9:34:43.446705456,T,KO,F,300,66.35
2025-10-03,9:34:44.718347193,T,KO,F,100,66.35
2025-10-03,9:34:47.370439647,T,KO,I,1,66.33
2025-10-03,9:34:47.370441823,T,KO,I,5,66.33
2025-10-03,9:34:47.370462943,T,KO,I,16,66.33
2025-10-03,9:34:47.370462943,T,KO,I,22,66.33
2025-10-03,9:34:47.370992500,T,KO,,400,66.34
2025-10-03,9:34:47.370995185,T,KO,I,74,66.34
2025-10-03,9:34:47.370998131,T,KO,,200,66.34
2025-10-03,9:34:47.370998131,T,KO,,200,66.34
2025-10-03,9:34:47.371016221,T,KO,I,1,66.34
2025-10-03,9:34:47.371019371,T,KO,F I,12,66.34
2025-10-03,9:34:48.246316931,T,KO,I,1,66.34
2025-10-03,9:34:48.246350735,T,KO,F I,73,66.34
2025-10-03,9:34:48.246350735,T,KO,F I,7,66.34
2025-10-03,9:34:48.246380165,T,KO,F I,93,66.34
2025-10-03,9:34:58.731558217,T,KO,I,1,66.34
2025-10-03,9:34:58.731594286,T,KO,I,21,66.34
2025-10-03,9:35:02.130195974,T,KO,F,100,66.36
2025-10-03,9:35:02.130195974,T,KO,F I,24,66.36
2025-10-03,9:35:03.006882946,T,KO,I,1,66.36
2025-10-03,9:35:03.006901480,T,KO,,100,66.36
2025-10-03,9:35:03.678478561,T,KO,F I,7,66.36
2025-10-03,9:35:10.706111618,T,KO,F I,3,66.37
2025-10-03,9:35:10.851393578,T,KO,F,100,66.38
2025-10-03,9:35:12.009067101,T,KO,F,100,66.39
2025-10-03,9:35:12.009069963,T,KO,F,100,66.39
2025-10-03,9:35:12.009072930,T,KO,F I,26,66.39
2025-10-03,9:35:12.009108991,T,KO,,200,66.39
2025-10-03,9:35:12.009108991,T,KO,,229,66.39
2025-10-03,9:35:12.009271426,T,KO,F I,71,66.39
2025-10-03,9:35:14.043767075,T,KO,F I,52,66.4
2025-10-03,9:35:14.043770122,T,KO,F I,12,66.4
2025-10-03,9:35:14.044137007,T,KO,F I,57,66.41
2025-10-03,9:35:14.044137007,T,KO,F I,1,66.41
2025-10-03,9:35:14.047252426,T,KO,I,7,66.405
2025-10-03,9:35:16.018618788,T,KO,,100,66.405
2025-10-03,9:35:16.710224002,T,KO,F,100,66.4
2025-10-03,9:35:16.711306466,T,KO,I,65,66.39
2025-10-03,9:35:17.500930271,T,KO,I,33,66.39
2025-10-03,9:35:17.500951234,T,KO,I,1,66.39
2025-10-03,9:35:17.501218950,T,KO,I,47,66.39
2025-10-03,9:35:17.501760163,T,KO,,100,66.39
2025-10-03,9:35:17.501781414,T,KO,I,1,66.39
2025-10-03,9:35:17.501784263,T,KO,F I,41,66.39
2025-10-03,9:35:17.501820511,T,KO,I,31,66.39
2025-10-03,9:35:17.501820511,T,KO,,100,66.39
2025-10-03,9:35:20.350297780,T,KO,I,42,66.39
2025-10-03,9:35:20.350297780,T,KO,I,5,66.39
2025-10-03,9:35:20.350318783,T,KO,I,1,66.39
2025-10-03,9:35:20.360585241,T,KO,I,24,66.39
2025-10-03,9:35:20.360585241,T,KO,I,1,66.39
2025-10-03,9:35:20.781443585,T,KO,F I,52,66.4
2025-10-03,9:35:33.625135788,T,KO,I,86,66.38
2025-10-03,9:35:33.625138789,T,KO,,226,66.38
2025-10-03,9:35:33.625147740,T,KO,I,74,66.38
2025-10-03,9:35:33.625151057,T,KO,I,9,66.38
2025-10-03,9:35:33.625154438,T,KO,I,1,66.38
2025-10-03,9:35:33.625174841,T,KO,I,12,66.38
2025-10-03,9:35:33.625198919,T,KO,I,25,66.38
2025-10-03,9:35:33.625397368,T,KO,I,25,66.38
2025-10-03,9:35:33.625421432,T,KO,I,1,66.38
2025-10-03,9:35:33.625686027,T,KO,I,27,66.38
2025-10-03,9:35:34.343212995,T,KO,I,5,66.38
2025-10-03,9:35:40.609952965,T,KO,F I,10,66.385
2025-10-03,9:35:40.609955818,T,KO,F,166,66.38
2025-10-03,9:35:40.609958813,T,KO,F,100,66.38
2025-10-03,9:35:40.609961835,T,KO,F I,90,66.38
2025-10-03,9:35:40.609973831,T,KO,I,10,66.38
2025-10-03,9:35:40.611200806,T,KO,,100,66.38
2025-10-03,9:35:40.611205441,T,KO,I,57,66.38
2025-10-03,9:35:40.611210339,T,KO,,100,66.38
2025-10-03,9:35:40.611210339,T,KO,I,80,66.38
2025-10-03,9:35:40.611210339,T,KO,,100,66.38
2025-10-03,9:35:40.611227806,T,KO,F,200,66.38
2025-10-03,9:35:40.611227806,T,KO,F,200,66.38
2025-10-03,9:35:40.611357166,T,KO,I,57,66.38
2025-10-03,9:35:40.611357166,T,KO,I,43,66.38
2025-10-03,9:35:40.612058483,T,KO,I,10,66.39
2025-10-03,9:35:40.612060845,T,KO,,100,66.39
2025-10-03,9:35:40.612063790,T,KO,I,2,66.39
2025-10-03,9:35:40.612487862,T,KO,F,100,66.39
2025-10-03,9:35:42.841179920,T,KO,I,10,66.39
2025-10-03,9:35:42.841249121,T,KO,I,1,66.39
2025-10-03,9:35:42.841252402,T,KO,I,26,66.39
2025-10-03,9:35:45.299806313,T,KO,F I,48,66.4
2025-10-03,9:35:45.299806313,T,KO,F,100,66.4
2025-10-03,9:35:54.821007939,T,KO,,600,66.405
2025-10-03,9:35:54.994575275,T,KO,,100,66.4
2025-10-03,9:35:54.994596340,T,KO,I,1,66.4
2025-10-03,9:35:54.994653519,T,KO,F I,99,66.4
2025-10-03,9:36:01.168120006,T,KO,,100,66.39
2025-10-03,9:36:03.093747466,T,KO,I,8,66.38
2025-10-03,9:36:09.613127797,T,KO,,200,66.385
2025-10-03,9:36:09.613130856,T,KO,,200,66.385
2025-10-03,9:36:11.056106434,T,KO,,100,66.4
2025-10-03,9:36:11.056109429,T,KO,I,5,66.4
2025-10-03,9:36:11.056111878,T,KO,I,9,66.4
2025-10-03,9:36:11.056111878,T,KO,,100,66.4
2025-10-03,9:36:12.602629349,T,KO,,100,66.41
2025-10-03,9:36:12.602629349,T,KO,,100,66.41
2025-10-03,9:36:12.602632143,T,KO,I,2,66.41
2025-10-03,9:36:15.031092983,T,KO,,100,66.415
2025-10-03,9:36:15.218433158,T,KO,F,100,66.41
2025-10-03,9:36:15.221112585,T,KO,I,54,66.41
2025-10-03,9:36:15.221142656,T,KO,I,34,66.41
2025-10-03,9:36:16.265912142,T,KO,F I,7,66.42
2025-10-03,9:36:16.265912142,T,KO,F,282,66.42
2025-10-03,9:36:18.832940080,T,KO,I,12,66.43
2025-10-03,9:36:18.885324838,T,KO,F I,8,66.44
2025-10-03,9:36:18.885324838,T,KO,F I,88,66.44
2025-10-03,9:36:28.029570032,T,KO,F I,3,66.425
2025-10-03,9:36:28.029579065,T,KO,F I,3,66.425
2025-10-03,9:36:28.029585079,T,KO,F I,3,66.425
2025-10-03,9:36:28.029594019,T,KO,F I,3,66.425
2025-10-03,9:36:28.029597030,T,KO,F I,3,66.425
2025-10-03,9:36:28.029597030,T,KO,F I,3,66.425
2025-10-03,9:36:28.029603037,T,KO,F I,3,66.425
2025-10-03,9:36:28.029609066,T,KO,F I,3,66.425
2025-10-03,9:36:28.759468446,T,KO,I,6,66.42
2025-10-03,9:36:29.056326523,T,KO,I,3,66.41
2025-10-03,9:36:29.056329436,T,KO,I,23,66.41
2025-10-03,9:36:29.568437167,T,KO,I,95,66.42
2025-10-03,9:36:29.568482695,T,KO,,100,66.43
2025-10-03,9:36:29.568485398,T,KO,I,1,66.43
2025-10-03,9:36:29.568488601,T,KO,,200,66.43
2025-10-03,9:36:34.853693201,T,KO,,100,66.425
2025-10-03,9:36:35.868174384,T,KO,,100,66.425
2025-10-03,9:36:35.869269317,T,KO,F I,24,66.42
2025-10-03,9:36:35.869269317,T,KO,F I,20,66.42
2025-10-03,9:36:35.869272048,T,KO,F I,77,66.42
2025-10-03,9:36:35.869272048,T,KO,F,100,66.42
2025-10-03,9:36:35.873797785,T,KO,F,100,66.42
2025-10-03,9:36:35.890541674,T,KO,,100,66.41
2025-10-03,9:36:36.480501802,T,KO,F,160,66.41
2025-10-03,9:36:36.809798161,T,KO,F,160,66.41
2025-10-03,9:36:37.274091927,T,KO,,160,66.415
2025-10-03,9:36:40.074929815,T,KO,F I,5,66.42
2025-10-03,9:36:43.864841321,T,KO,,160,66.415
2025-10-03,9:36:47.564998199,T,KO,,200,66.415
2025-10-03,9:36:48.738356880,T,KO,I,5,66.42
2025-10-03,9:36:53.517426264,T,KO,I,10,66.41
2025-10-03,9:36:53.980372947,T,KO,I,1,66.405
2025-10-03,9:36:55.154588560,T,KO,I,4,66.405
2025-10-03,9:36:55.180471151,T,KO,F I,2,66.4
2025-10-03,9:36:55.180474184,T,KO,F I,21,66.4
2025-10-03,9:36:55.888736169,T,KO,I,1,66.405
2025-10-03,9:36:55.888739133,T,KO,I,1,66.405
2025-10-03,9:36:55.992218577,T,KO,,100,66.41
2025-10-03,9:37:00.566737957,T,KO,,100,66.41
2025-10-03,9:37:05.398712444,T,KO,,100,66.405
2025-10-03,9:37:06.014455933,T,KO,F I,1,66.4
2025-10-03,9:37:06.014459001,T,KO,F I,1,66.4
2025-10-03,9:37:08.679334040,T,KO,F I,18,66.39
2025-10-03,9:37:08.680389912,T,KO,I,15,66.38
2025-10-03,9:37:08.680389912,T,KO,I,16,66.38
2025-10-03,9:37:08.680410631,T,KO,I,67,66.38
2025-10-03,9:37:09.178255364,T,KO,F I,24,66.37
2025-10-03,9:37:09.178255364,T,KO,F I,9,66.37
2025-10-03,9:37:12.856498895,T,KO,I,46,66.38
2025-10-03,9:37:12.960381311,T,KO,,100,66.39
2025-10-03,9:37:12.960381311,T,KO,I,27,66.39
2025-10-03,9:37:14.438939913,T,KO,F,100,66.4
2025-10-03,9:37:14.438939913,T,KO,F I,19,66.4
2025-10-03,9:37:20.418973696,T,KO,I,1,66.405
2025-10-03,9:37:21.737509184,T,KO,,100,66.4
2025-10-03,9:37:21.737512754,T,KO,I,32,66.4
2025-10-03,9:37:32.074758845,T,KO,I,13,66.39
2025-10-03,9:37:32.075276097,T,KO,F I,2,66.39
2025-10-03,9:37:32.117135741,T,KO,,200,66.38
2025-10-03,9:37:32.117220295,T,KO,,200,66.38
2025-10-03,9:37:32.117280105,T,KO,F,200,66.38
2025-10-03,9:37:32.117349699,T,KO,F,200,66.38
2025-10-03,9:37:32.117452087,T,KO,F,200,66.38
2025-10-03,9:37:32.117559740,T,KO,F,200,66.38
2025-10-03,9:37:32.117634992,T,KO,I,25,66.38
2025-10-03,9:37:32.117634992,T,KO,I,25,66.38
2025-10-03,9:37:35.377332567,T,KO,I,1,66.38
2025-10-03,9:37:35.964577261,T,KO,I,19,66.37
2025-10-03,9:37:38.758171141,T,KO,F I,24,66.37
2025-10-03,9:37:38.758171141,T,KO,F I,11,66.37
2025-10-03,9:37:38.758173867,T,KO,I,1,66.37
2025-10-03,9:37:41.875768050,T,KO,F I,55,66.37
2025-10-03,9:37:41.875770987,T,KO,F,200,66.37
2025-10-03,9:37:42.642266574,T,KO,F I,4,66.38
2025-10-03,9:37:42.658186450,T,KO,,160,66.385
2025-10-03,9:37:42.658216531,T,KO,,160,66.385
2025-10-03,9:37:44.451240395,T,KO,,100,66.385
2025-10-03,9:37:44.451240395,T,KO,,100,66.38
2025-10-03,9:37:44.451243102,T,KO,,167,66.38
2025-10-03,9:37:44.451258293,T,KO,I,1,66.38
2025-10-03,9:37:44.451258293,T,KO,I,32,66.38
2025-10-03,9:37:44.451261180,T,KO,I,67,66.38
2025-10-03,9:37:47.701116405,T,KO,F I,2,66.38
2025-10-03,9:37:47.742643139,T,KO,F,330,66.385
2025-10-03,9:37:47.742643139,T,KO,F I,25,66.39
2025-10-03,9:37:47.742645261,T,KO,F I,30,66.39
2025-10-03,9:37:55.307610052,T,KO,F I,6,66.39
2025-10-03,9:37:57.333914177,T,KO,,200,66.39
2025-10-03,9:37:57.333938233,T,KO,I,1,66.39
2025-10-03,9:37:58.672188655,T,KO,,200,66.39
2025-10-03,9:37:58.672188655,T,KO,I,1,66.39
2025-10-03,9:38:04.204263593,T,KO,F I,2,66.39
2025-10-03,9:38:04.680246232,T,KO,F I,75,66.39
2025-10-03,9:38:04.680261276,T,KO,F I,25,66.39
2025-10-03,9:38:05.724366246,T,KO,,121,66.39
2025-10-03,9:38:06.244794636,T,KO,I,10,66.4
2025-10-03,9:38:06.245956843,T,KO,F I,62,66.4
2025-10-03,9:38:06.245961958,T,KO,F I,49,66.4
2025-10-03,9:38:06.245961958,T,KO,F I,25,66.4
2025-10-03,9:38:06.245964369,T,KO,F,400,66.4
2025-10-03,9:38:06.245973461,T,KO,F,330,66.4
2025-10-03,9:38:06.245991857,T,KO,I,62,66.4
2025-10-03,9:38:06.245991857,T,KO,I,38,66.4
2025-10-03,9:38:06.246129790,T,KO,F,153,66.39
2025-10-03,9:38:06.246683130,T,KO,F I,8,66.39
2025-10-03,9:38:06.246707176,T,KO,I,1,66.39
2025-10-03,9:38:06.248340596,T,KO,F I,25,66.4
2025-10-03,9:38:06.248340596,T,KO,F I,58,66.4
2025-10-03,9:38:06.248343212,T,KO,F,100,66.4
2025-10-03,9:38:06.248346568,T,KO,F,206,66.4
2025-10-03,9:38:06.248349280,T,KO,F,100,66.4
2025-10-03,9:38:06.248352884,T,KO,F,100,66.4
2025-10-03,9:38:06.248352884,T,KO,F,287,66.4
2025-10-03,9:38:06.248358630,T,KO,F,113,66.4
2025-10-03,9:38:06.248358630,T,KO,F,200,66.4
2025-10-03,9:38:06.248364101,T,KO,F,200,66.4
2025-10-03,9:38:06.250343569,T,KO,F I,65,66.4
2025-10-03,9:38:06.250348874,T,KO,F I,35,66.4
2025-10-03,9:38:06.250352068,T,KO,F I,45,66.4
2025-10-03,9:38:06.250355744,T,KO,F I,62,66.4
2025-10-03,9:38:06.250355744,T,KO,F I,77,66.4
2025-10-03,9:38:06.250358583,T,KO,F,100,66.4
2025-10-03,9:38:06.250360994,T,KO,F,400,66.4
2025-10-03,9:38:06.250360994,T,KO,F,206,66.4
2025-10-03,9:38:06.250363840,T,KO,F I,29,66.4
2025-10-03,9:38:06.262425719,T,KO,F I,62,66.4
2025-10-03,9:38:06.262428950,T,KO,F I,62,66.4
2025-10-03,9:38:06.262428950,T,KO,F,100,66.4
2025-10-03,9:38:06.262432277,T,KO,F I,27,66.4
2025-10-03,9:38:06.262435169,T,KO,F I,15,66.4
2025-10-03,9:38:06.262435169,T,KO,F I,8,66.4
2025-10-03,9:38:06.262438557,T,KO,F I,27,66.4
2025-10-03,9:38:06.262438557,T,KO,F I,15,66.4
2025-10-03,9:38:06.262440782,T,KO,F I,13,66.4
2025-10-03,9:38:06.262443611,T,KO,F I,5,66.4
2025-10-03,9:38:06.264960649,T,KO,,200,66.395
2025-10-03,9:38:08.617325366,T,KO,,200,66.395
2025-10-03,9:38:09.480398993,T,KO,,100,66.395
2025-10-03,9:38:09.480398993,T,KO,I,7,66.395
2025-10-03,9:38:22.143568306,T,KO,F I,54,66.4
2025-10-03,9:38:22.143571304,T,KO,F I,10,66.4
2025-10-03,9:38:22.143574369,T,KO,F I,6,66.4
2025-10-03,9:38:23.033922873,T,KO,I,73,66.41
2025-10-03,9:38:23.033922873,T,KO,I,1,66.41
2025-10-03,9:38:23.033950118,T,KO,F I,42,66.4
2025-10-03,9:38:23.033952971,T,KO,F I,5,66.4
2025-10-03,9:38:23.033974475,T,KO,I,26,66.4
2025-10-03,9:38:27.707654584,T,KO,I,42,66.39
2025-10-03,9:38:29.221357866,T,KO,F I,26,66.39
2025-10-03,9:38:30.601843667,T,KO,,100,66.39
2025-10-03,9:38:35.151734484,T,KO,,100,66.385
2025-10-03,9:38:36.504016155,T,KO,F I,1,66.38
2025-10-03,9:39:00.232243719,T,KO,F I,24,66.38
2025-10-03,9:39:00.382773210,T,KO,,100,66.385
2025-10-03,9:39:03.883687478,T,KO,F I,6,66.385
2025-10-03,9:39:03.883687478,T,KO,,164,66.385
2025-10-03,9:39:03.883696352,T,KO,F I,4,66.38
2025-10-03,9:39:03.883705467,T,KO,F I,1,66.38
2025-10-03,9:39:03.883705467,T,KO,F I,1,66.38
2025-10-03,9:39:03.884342870,T,KO,I,1,66.38
2025-10-03,9:39:03.884386100,T,KO,I,24,66.38
2025-10-03,9:39:03.884386100,T,KO,I,76,66.38
2025-10-03,9:39:03.884388701,T,KO,,100,66.38
2025-10-03,9:39:03.884388701,T,KO,,400,66.38
2025-10-03,9:39:03.895252957,T,KO,F,100,66.38
2025-10-03,9:39:03.895252957,T,KO,F I,76,66.38
2025-10-03,9:39:03.895255905,T,KO,F I,24,66.38
2025-10-03,9:39:03.895262103,T,KO,F I,52,66.38
2025-10-03,9:39:03.896197133,T,KO,I,27,66.38
2025-10-03,9:39:03.896221161,T,KO,I,38,66.38
2025-10-03,9:39:06.147891191,T,KO,,100,66.375
2025-10-03,9:39:06.147903129,T,KO,F I,20,66.37
2025-10-03,9:39:06.147903129,T,KO,F I,25,66.37
2025-10-03,9:39:06.147906181,T,KO,F I,1,66.37
2025-10-03,9:39:06.148742212,T,KO,I,80,66.37
2025-10-03,9:39:06.148748238,T,KO,I,51,66.37
2025-10-03,9:39:06.148748238,T,KO,,101,66.37
2025-10-03,9:39:06.148748238,T,KO,I,50,66.37
2025-10-03,9:39:06.148751248,T,KO,,100,66.375
2025-10-03,9:39:06.591964917,T,KO,F I,51,66.37
2025-10-03,9:39:06.591967887,T,KO,F I,5,66.37
2025-10-03,9:39:06.593095590,T,KO,I,80,66.37
2025-10-03,9:39:06.593098654,T,KO,,100,66.37
2025-10-03,9:39:07.692766853,T,KO,F I,80,66.37
2025-10-03,9:39:07.692766853,T,KO,F I,27,66.37
2025-10-03,9:39:07.694561937,T,KO,,100,66.365
2025-10-03,9:39:15.011706434,T,KO,I,11,66.37
2025-10-03,9:39:18.468493512,T,KO,I,11,66.38
2025-10-03,9:39:24.601074696,T,KO,,100,66.385
2025-10-03,9:39:31.342350755,T,KO,,170,66.395
2025-10-03,9:39:34.865115017,T,KO,,170,66.385
2025-10-03,9:39:43.078938261,T,KO,F I,92,66.39
2025-10-03,9:39:43.078941247,T,KO,F,100,66.39
2025-10-03,9:39:43.078971293,T,KO,I,1,66.39
2025-10-03,9:39:44.825702553,T,KO,F I,5,66.39
2025-10-03,9:39:44.825706357,T,KO,F I,75,66.39
2025-10-03,9:39:44.825708630,T,KO,F I,70,66.39
2025-10-03,9:39:44.825723604,T,KO,I,1,66.39
2025-10-03,9:39:44.825732615,T,KO,F I,4,66.39
2025-10-03,9:39:44.825735713,T,KO,F I,36,66.39
2025-10-03,9:39:44.888167351,T,KO,I,32,66.385
2025-10-03,9:39:47.061305161,T,KO,I,50,66.38
2025-10-03,9:39:47.083946089,T,KO,I,50,66.38
2025-10-03,9:39:48.524476134,T,KO,I,9,66.37
2025-10-03,9:39:48.524495169,T,KO,I,9,66.37
2025-10-03,9:39:48.541229076,T,KO,I,2,66.37
2025-10-03,9:40:02.698410959,T,KO,F I,74,66.38
2025-10-03,9:40:02.698410959,T,KO,F I,16,66.38
2025-10-03,9:40:02.698426400,T,KO,F I,84,66.38
2025-10-03,9:40:02.698432038,T,KO,F,100,66.38
2025-10-03,9:40:02.698435526,T,KO,F,139,66.38
2025-10-03,9:40:02.698447216,T,KO,I,81,66.38
2025-10-03,9:40:03.018827132,T,KO,I,21,66.385
2025-10-03,9:40:03.860883639,T,KO,F I,2,66.38
2025-10-03,9:40:03.860886970,T,KO,F I,2,66.38
2025-10-03,9:40:03.860886970,T,KO,F I,5,66.38
2025-10-03,9:40:04.580329166,T,KO,F I,1,66.37
2025-10-03,9:40:04.580329166,T,KO,F I,6,66.37
2025-10-03,9:40:04.610097102,T,KO,F,100,66.36
2025-10-03,9:40:04.714998932,T,KO,F I,26,66.35
2025-10-03,9:40:04.715001884,T,KO,F I,53,66.35
2025-10-03,9:40:04.715001884,T,KO,F I,2,66.35
2025-10-03,9:40:05.319549778,T,KO,I,64,66.34
2025-10-03,9:40:05.990546946,T,KO,F,100,66.34
2025-10-03,9:40:05.990549979,T,KO,F,200,66.34
2025-10-03,9:40:05.990549979,T,KO,F I,25,66.34
2025-10-03,9:40:07.388077839,T,KO,I,4,66.34
2025-10-03,9:40:07.388095557,T,KO,I,1,66.33
2025-10-03,9:40:17.060985043,T,KO,I,2,66.335
2025-10-03,9:40:21.706346920,T,KO,F I,10,66.34
2025-10-03,9:40:21.706349946,T,KO,F I,25,66.34
2025-10-03,9:40:23.012295251,T,KO,F I,33,66.35
2025-10-03,9:40:23.028280510,T,KO,I,48,66.36
2025-10-03,9:40:30.569933728,T,KO,F,200,66.36
2025-10-03,9:40:30.605331153,T,KO,F I,3,66.35
2025-10-03,9:40:42.882125330,T,KO,I,48,66.38
2025-10-03,9:40:42.882131352,T,KO,,100,66.38
2025-10-03,9:40:42.882131352,T,KO,,100,66.38
2025-10-03,9:40:43.271337056,T,KO,F I,1,66.39
2025-10-03,9:40:43.271339295,T,KO,F,100,66.39
2025-10-03,9:40:44.854971096,T,KO,F,170,66.395
2025-10-03,9:40:44.854974090,T,KO,F,105,66.39
2025-10-03,9:40:44.855202640,T,KO,I,1,66.39
2025-10-03,9:40:44.855545440,T,KO,I,94,66.39
2025-10-03,9:40:44.855551472,T,KO,I,41,66.39
2025-10-03,9:40:44.855876206,T,KO,F I,34,66.39
2025-10-03,9:40:44.884784064,T,KO,I,25,66.4
2025-10-03,9:40:45.559723656,T,KO,F I,50,66.4
2025-10-03,9:40:45.561792512,T,KO,I,50,66.39
2025-10-03,9:40:45.561792512,T,KO,I,11,66.39
2025-10-03,9:40:47.325445078,T,KO,,100,66.395
2025-10-03,9:40:48.770401687,T,KO,F,100,66.4
2025-10-03,9:40:48.770444062,T,KO,I,46,66.4
2025-10-03,9:40:48.770444062,T,KO,,100,66.4
2025-10-03,9:40:48.770446724,T,KO,I,46,66.4
2025-10-03,9:40:53.416563620,T,KO,,100,66.405
2025-10-03,9:40:53.416563620,T,KO,,170,66.405
2025-10-03,9:40:57.096707787,T,KO,,100,66.41
2025-10-03,9:40:57.096726339,T,KO,I,1,66.41
2025-10-03,9:40:57.097074650,T,KO,I,84,66.41
2025-10-03,9:40:57.097074650,T,KO,,100,66.41
2025-10-03,9:40:57.097078133,T,KO,I,16,66.41
2025-10-03,9:40:59.341599548,T,KO,,100,66.42
2025-10-03,9:40:59.341599548,T,KO,I,84,66.42
2025-10-03,9:40:59.341602663,T,KO,,100,66.42
2025-10-03,9:41:00.435758559,T,KO,I,91,66.425
2025-10-03,9:41:01.246745219,T,KO,F I,63,66.42
2025-10-03,9:41:01.246772218,T,KO,I,12,66.42
2025-10-03,9:41:01.246772218,T,KO,I,18,66.42
2025-10-03,9:41:01.246775197,T,KO,I,14,66.42
2025-10-03,9:41:01.246778278,T,KO,I,1,66.42
2025-10-03,9:41:02.688360753,T,KO,F I,1,66.42
2025-10-03,9:41:03.350664131,T,KO,,170,66.425
2025-10-03,9:41:03.350724266,T,KO,,100,66.425
2025-10-03,9:41:03.350844848,T,KO,F I,1,66.42
2025-10-03,9:41:03.350847667,T,KO,F I,4,66.42
2025-10-03,9:41:03.351764777,T,KO,,200,66.42
2025-10-03,9:41:03.356419932,T,KO,I,81,66.42
2025-10-03,9:41:03.356422920,T,KO,,100,66.425
2025-10-03,9:41:03.361730513,T,KO,,100,66.425
2025-10-03,9:41:03.361983099,T,KO,F,110,66.42
2025-10-03,9:41:03.361986153,T,KO,F I,90,66.42
2025-10-03,9:41:03.361989311,T,KO,F I,10,66.42
2025-10-03,9:41:03.362010141,T,KO,F I,15,66.42
2025-10-03,9:41:03.362013587,T,KO,F I,81,66.42
2025-10-03,9:41:03.362016340,T,KO,F I,47,66.42
2025-10-03,9:41:03.362016340,T,KO,I,1,66.42
2025-10-03,9:41:03.362019299,T,KO,F I,27,66.42
2025-10-03,9:41:03.362022217,T,KO,F,171,66.42
2025-10-03,9:41:03.362115758,T,KO,F,229,66.42
2025-10-03,9:41:03.362449246,T,KO,F,400,66.42
2025-10-03,9:41:04.362396847,T,KO,F,100,66.42
2025-10-03,9:41:08.833105955,T,KO,F I,8,66.43
2025-10-03,9:41:09.914054562,T,KO,,100,66.435
2025-10-03,9:41:11.437137177,T,KO,,100,66.435
2025-10-03,9:41:11.437137177,T,KO,,100,66.435
2025-10-03,9:41:15.613252608,T,KO,I,75,66.435
2025-10-03,9:41:17.117979452,T,KO,F,400,66.42
2025-10-03,9:41:17.117982472,T,KO,F,200,66.42
2025-10-03,9:41:17.120141618,T,KO,F I,4,66.41
2025-10-03,9:41:18.913414747,T,KO,I,5,66.415
2025-10-03,9:41:18.913438871,T,KO,F I,15,66.41
2025-10-03,9:41:18.913441824,T,KO,F,100,66.41
2025-10-03,9:41:18.913459805,T,KO,I,33,66.41
2025-10-03,9:41:18.913466166,T,KO,I,1,66.41
2025-10-03,9:41:20.808224708,T,KO,F,110,66.415
2025-10-03,9:41:20.808296876,T,KO,F I,65,66.415
2025-10-03,9:41:20.808757053,T,KO,F,165,66.415
2025-10-03,9:41:20.808760576,T,KO,F,100,66.415
2025-10-03,9:41:20.808760576,T,KO,F,100,66.41
2025-10-03,9:41:20.808762974,T,KO,F I,32,66.41
2025-10-03,9:41:20.809938771,T,KO,I,1,66.41
2025-10-03,9:41:20.817300356,T,KO,F,205,66.41
2025-10-03,9:41:20.817396566,T,KO,F,162,66.41
2025-10-03,9:41:20.829519344,T,KO,,200,66.4
2025-10-03,9:41:20.829519344,T,KO,,400,66.4
2025-10-03,9:41:20.829521494,T,KO,I,25,66.4
2025-10-03,9:41:20.829524427,T,KO,,1100,66.4
2025-10-03,9:41:20.844578353,T,KO,,400,66.4
2025-10-03,9:41:20.857172377,T,KO,,340,66.4
2025-10-03,9:41:20.874292155,T,KO,F,254,66.4
2025-10-03,9:41:20.875069210,T,KO,,100,66.41
2025-10-03,9:41:20.875069210,T,KO,,400,66.41
2025-10-03,9:41:20.875069210,T,KO,,100,66.41
2025-10-03,9:41:20.881809951,T,KO,F I,25,66.41
2025-10-03,9:41:20.891342732,T,KO,F I,50,66.41
2025-10-03,9:41:20.975786817,T,KO,F,100,66.41
2025-10-03,9:41:21.274491306,T,KO,,170,66.425
2025-10-03,9:41:21.275035658,T,KO,F,100,66.43
2025-10-03,9:41:21.280394282,T,KO,F I,18,66.43
2025-10-03,9:41:21.280394282,T,KO,F,182,66.43
2025-10-03,9:41:21.311638750,T,KO,,170,66.435
2025-10-03,9:41:28.357197503,T,KO,,170,66.455
2025-10-03,9:41:32.664452331,T,KO,,100,66.455
2025-10-03,9:41:33.587618780,T,KO,F,100,66.45
2025-10-03,9:41:33.587618780,T,KO,F I,25,66.45
2025-10-03,9:41:33.587621239,T,KO,F,500,66.45
2025-10-03,9:41:33.587624136,T,KO,F,300,66.45
2025-10-03,9:41:33.588704313,T,KO,F,100,66.45
2025-10-03,9:41:33.588707035,T,KO,F,100,66.45
2025-10-03,9:41:33.588707035,T,KO,F I,41,66.45
2025-10-03,9:41:33.588709650,T,KO,F I,1,66.45
2025-10-03,9:41:33.589632923,T,KO,F I,31,66.45
2025-10-03,9:41:33.589720105,T,KO,I,1,66.45
2025-10-03,9:41:33.589741680,T,KO,I,1,66.45
2025-10-03,9:41:34.742996951,T,KO,I,48,66.45
2025-10-03,9:41:34.743015713,T,KO,I,80,66.45
2025-10-03,9:41:37.724129230,T,KO,F I,48,66.45
2025-10-03,9:41:37.724133099,T,KO,F I,24,66.45
2025-10-03,9:41:37.724135352,T,KO,F I,18,66.45
2025-10-03,9:41:37.724135352,T,KO,F I,2,66.45
2025-10-03,9:41:37.724159239,T,KO,F I,3,66.45
2025-10-03,9:41:37.724162617,T,KO,F,100,66.45
2025-10-03,9:41:37.724165609,T,KO,F I,25,66.45
2025-10-03,9:41:37.724165609,T,KO,F I,30,66.45
2025-10-03,9:41:37.724168570,T,KO,F I,33,66.45
2025-10-03,9:41:46.107192624,T,KO,F I,70,66.45
2025-10-03,9:41:46.119314481,T,KO,F I,15,66.44
2025-10-03,9:41:46.119317457,T,KO,F,100,66.44
2025-10-03,9:41:46.119321848,T,KO,F,100,66.44
2025-10-03,9:41:46.119321848,T,KO,F I,25,66.44
2025-10-03,9:41:46.119324633,T,KO,F,400,66.44
2025-10-03,9:41:46.159712689,T,KO,I,96,66.45
2025-10-03,9:41:46.159715693,T,KO,I,25,66.45
2025-10-03,9:41:46.159715693,T,KO,I,50,66.45
2025-10-03,9:41:46.362621004,T,KO,,200,66.455
2025-10-03,9:41:46.372042449,T,KO,,170,66.455
2025-10-03,9:41:46.399876711,T,KO,I,30,66.455
2025-10-03,9:41:52.107467954,T,KO,F I,96,66.45
2025-10-03,9:41:55.525164863,T,KO,I,51,66.44
2025-10-03,9:41:55.525167858,T,KO,I,25,66.44
2025-10-03,9:42:00.246063914,T,KO,,170,66.445
2025-10-03,9:42:01.226663635,T,KO,F,100,66.44
2025-10-03,9:42:01.226666832,T,KO,F I,75,66.44
2025-10-03,9:42:01.226666832,T,KO,F I,25,66.44
2025-10-03,9:42:01.228576717,T,KO,F,400,66.45
2025-10-03,9:42:01.228576717,T,KO,F I,95,66.45
2025-10-03,9:42:01.228582551,T,KO,F,100,66.45
2025-10-03,9:42:01.228585956,T,KO,F,125,66.45
2025-10-03,9:42:01.228585956,T,KO,F,235,66.45
2025-10-03,9:42:01.228591700,T,KO,F,200,66.45
2025-10-03,9:42:01.228591700,T,KO,F I,25,66.45
2025-10-03,9:42:11.824210113,T,KO,F I,47,66.46
2025-10-03,9:42:20.848229062,T,KO,F,100,66.47
2025-10-03,9:42:21.065174985,T,KO,,124,66.47
2025-10-03,9:42:21.065178048,T,KO,,238,66.47
2025-10-03,9:42:21.065180984,T,KO,,243,66.47
2025-10-03,9:42:21.065185144,T,KO,,250,66.47
2025-10-03,9:42:21.065185144,T,KO,,137,66.47
2025-10-03,9:42:21.065185144,T,KO,I,25,66.47
2025-10-03,9:42:21.065189733,T,KO,,400,66.47
2025-10-03,9:42:21.065189733,T,KO,I,2,66.47
2025-10-03,9:42:21.065189733,T,KO,I,3,66.47
2025-10-03,9:42:21.065240865,T,KO,F I,17,66.47
2025-10-03,9:42:21.065258927,T,KO,F I,17,66.47
2025-10-03,9:42:21.065265010,T,KO,I,26,66.47
2025-10-03,9:42:21.065265010,T,KO,F I,8,66.47
2025-10-03,9:42:22.746566370,T,KO,F I,5,66.46
2025-10-03,9:42:24.339875222,T,KO,F,238,66.46
2025-10-03,9:42:29.792810739,T,KO,F,170,66.465
2025-10-03,9:42:29.792813679,T,KO,F,400,66.46
2025-10-03,9:42:29.792813679,T,KO,F,200,66.46
2025-10-03,9:42:29.792828855,T,KO,I,1,66.465
2025-10-03,9:42:29.806370058,T,KO,F I,25,66.46
2025-10-03,9:42:29.806376016,T,KO,F I,25,66.46
2025-10-03,9:42:29.806382049,T,KO,F I,25,66.46
2025-10-03,9:42:29.806406082,T,KO,F I,25,66.46
2025-10-03,9:42:29.806412118,T,KO,I,50,66.46
2025-10-03,9:42:29.806733872,T,KO,F,100,66.47
2025-10-03,9:42:29.806733872,T,KO,F I,99,66.47
2025-10-03,9:42:29.806737309,T,KO,F,164,66.47
2025-10-03,9:42:29.806809006,T,KO,F I,36,66.47
2025-10-03,9:42:29.818970061,T,KO,F,124,66.47
2025-10-03,9:42:29.818973154,T,KO,F,100,66.47
2025-10-03,9:42:29.818973154,T,KO,F I,1,66.47
2025-10-03,9:42:29.826220249,T,KO,F I,58,66.47
2025-10-03,9:42:29.826220249,T,KO,F I,42,66.47
2025-10-03,9:42:36.634429823,T,KO,F I,33,66.47
2025-10-03,9:42:36.960884393,T,KO,I,32,66.465
2025-10-03,9:42:37.805415842,T,KO,,100,66.465
2025-10-03,9:42:40.073471690,T,KO,I,10,66.47
2025-10-03,9:42:40.073514275,T,KO,,200,66.48
2025-10-03,9:42:40.073517577,T,KO,,400,66.48
2025-10-03,9:42:40.073519803,T,KO,,100,66.48
2025-10-03,9:42:40.073523227,T,KO,,100,66.48
2025-10-03,9:42:40.085052284,T,KO,I,97,66.48
2025-10-03,9:42:44.542538945,T,KO,I,97,66.47
2025-10-03,9:42:54.157314959,T,KO,F I,10,66.48
2025-10-03,9:42:56.706880446,T,KO,F,550,66.48
2025-10-03,9:42:57.759149607,T,KO,I,1,66.47
2025-10-03,9:43:00.239622865,T,KO,F I,35,66.48
2025-10-03,9:43:00.239622865,T,KO,F I,10,66.48
2025-10-03,9:43:00.240181870,T,KO,F I,56,66.48
2025-10-03,9:43:06.538707554,T,KO,F I,2,66.49
2025-10-03,9:43:06.538710655,T,KO,F,158,66.49
2025-10-03,9:43:13.980514092,T,KO,I,30,66.495
2025-10-03,9:43:15.444232313,T,KO,I,30,66.495
2025-10-03,9:43:18.681782451,T,KO,F I,18,66.49
2025-10-03,9:43:18.681782451,T,KO,F I,22,66.49
2025-10-03,9:43:24.273176732,T,KO,I,13,66.48
2025-10-03,9:43:28.983806202,T,KO,,100,66.475
2025-10-03,9:43:29.192972326,T,KO,I,1,66.48
2025-10-03,9:43:33.488069596,T,KO,F I,29,66.48
2025-10-03,9:43:33.488108276,T,KO,I,15,66.49
2025-10-03,9:43:33.488108276,T,KO,I,17,66.49
2025-10-03,9:43:45.017400184,T,KO,I,11,66.49
2025-10-03,9:43:51.946073592,T,KO,I,25,66.48
2025-10-03,9:43:51.946077424,T,KO,I,5,66.48
2025-10-03,9:43:51.946077424,T,KO,I,9,66.48
2025-10-03,9:43:51.946082578,T,KO,,100,66.48
2025-10-03,9:43:57.397655985,T,KO,F I,5,66.48
2025-10-03,9:43:58.330782224,T,KO,F I,98,66.47
2025-10-03,9:43:58.330782224,T,KO,F I,2,66.47
2025-10-03,9:43:58.330910676,T,KO,I,47,66.47
2025-10-03,9:43:58.431458236,T,KO,F I,47,66.47
2025-10-03,9:44:02.137316543,T,KO,I,50,66.47
2025-10-03,9:44:02.137340633,T,KO,F,150,66.47
2025-10-03,9:44:04.608181750,T,KO,F I,2,66.47
2025-10-03,9:44:04.608184566,T,KO,F I,1,66.47
2025-10-03,9:44:05.613073030,T,KO,F,400,66.47
2025-10-03,9:44:05.613073030,T,KO,F,100,66.47
2025-10-03,9:44:21.878221380,T,KO,I,1,66.48
2025-10-03,9:44:24.491397256,T,KO,F I,42,66.48
2025-10-03,9:44:24.501747927,T,KO,F I,89,66.485
2025-10-03,9:44:24.501781071,T,KO,I,91,66.485
2025-10-03,9:44:25.342216717,T,KO,F,100,66.49
2025-10-03,9:44:25.585502508,T,KO,F I,6,66.5
2025-10-03,9:44:25.585508265,T,KO,F I,40,66.5
2025-10-03,9:44:25.585508265,T,KO,F I,1,66.5
2025-10-03,9:44:25.585511334,T,KO,F I,17,66.5
2025-10-03,9:44:25.604035314,T,KO,F I,10,66.505
2025-10-03,9:44:25.604750995,T,KO,I,5,66.51
2025-10-03,9:44:25.604750995,T,KO,I,5,66.51
2025-10-03,9:44:25.686922368,T,KO,I,26,66.52
2025-10-03,9:44:25.686924649,T,KO,I,30,66.52
2025-10-03,9:44:25.830095828,T,KO,F I,52,66.53
2025-10-03,9:44:25.830098771,T,KO,F I,3,66.53
2025-10-03,9:44:26.197420618,T,KO,,300,66.55
2025-10-03,9:44:26.197438652,T,KO,I,1,66.55
2025-10-03,9:44:26.197460578,T,KO,I,99,66.55
2025-10-03,9:44:26.197465815,T,KO,,100,66.55
2025-10-03,9:44:26.197465815,T,KO,,100,66.55
2025-10-03,9:44:26.197465815,T,KO,,100,66.55
2025-10-03,9:44:26.197555936,T,KO,,100,66.55
2025-10-03,9:44:26.197580259,T,KO,I,1,66.55
2025-10-03,9:44:26.197580259,T,KO,I,21,66.55
2025-10-03,9:44:26.197769446,T,KO,I,63,66.55
2025-10-03,9:44:26.197784945,T,KO,,100,66.55
2025-10-03,9:44:26.220690899,T,KO,I,85,66.55
2025-10-03,9:44:26.220690899,T,KO,I,41,66.55
2025-10-03,9:44:26.220693283,T,KO,I,74,66.55
2025-10-03,9:44:26.301642837,T,KO,,400,66.55
2025-10-03,9:44:26.473117235,T,KO,I,26,66.55
2025-10-03,9:44:26.617220776,T,KO,,180,66.555
2025-10-03,9:44:26.617223811,T,KO,I,2,66.56
2025-10-03,9:44:26.617223811,T,KO,,218,66.56
2025-10-03,9:44:26.909501577,T,KO,F I,41,66.55
2025-10-03,9:44:26.910169182,T,KO,,100,66.55
2025-10-03,9:44:26.910457884,T,KO,I,15,66.545
2025-10-03,9:44:39.379391941,T,KO,F I,17,66.55
2025-10-03,9:44:39.379394749,T,KO,F I,1,66.55
2025-10-03,9:44:40.172687232,T,KO,F I,24,66.56
2025-10-03,9:44:42.523927177,T,KO,I,15,66.565
2025-10-03,9:44:44.048898657,T,KO,I,20,66.57
2025-10-03,9:44:44.048898657,T,KO,I,1,66.57
2025-10-03,9:44:44.048901471,T,KO,I,1,66.57
2025-10-03,9:44:45.747205186,T,KO,F,100,66.595
2025-10-03,9:44:48.308532112,T,KO,F I,5,66.59
2025-10-03,9:44:48.308532112,T,KO,F I,71,66.59
2025-10-03,9:44:48.308534655,T,KO,F I,55,66.59
2025-10-03,9:44:50.357239087,T,KO,F,100,66.58
2025-10-03,9:44:50.357254184,T,KO,F,600,66.58
2025-10-03,9:44:50.357257483,T,KO,F,500,66.58
2025-10-03,9:44:54.442727652,T,KO,I,1,66.58
2025-10-03,9:44:55.328234777,T,KO,F I,3,66.58
2025-10-03,9:44:55.328237789,T,KO,F I,72,66.58
2025-10-03,9:45:00.129518198,T,KO,I,10,66.59
2025-10-03,9:45:00.216389139,T,KO,,100,66.61
2025-10-03,9:45:00.938526118,T,KO,I,10,66.635
2025-10-03,9:45:01.033808047,T,KO,,100,66.635
2025-10-03,9:45:01.120558639,T,KO,I,10,66.63
2025-10-03,9:45:02.346569617,T,KO,F I,3,66.63
2025-10-03,9:45:04.093872474,T,KO,F I,2,66.61
2025-10-03,9:45:04.093875291,T,KO,F,100,66.61
2025-10-03,9:45:04.999064285,T,KO,F I,32,66.59
2025-10-03,9:45:11.759498778,T,KO,I,1,66.61
2025-10-03,9:45:12.007782064,T,KO,I,1,66.61
2025-10-03,9:45:12.472842803,T,KO,F I,50,66.63
2025-10-03,9:45:12.472939117,T,KO,,300,66.625
2025-10-03,9:45:12.710086913,T,KO,F,100,66.62
2025-10-03,9:45:12.736213085,T,KO,F,100,66.61
2025-10-03,9:45:12.736234404,T,KO,F I,69,66.61
2025-10-03,9:45:12.736240155,T,KO,I,1,66.61
2025-10-03,9:45:12.736240155,T,KO,I,1,66.61
2025-10-03,9:45:12.752743505,T,KO,I,1,66.6
2025-10-03,9:45:15.624631585,T,KO,I,69,66.6
2025-10-03,9:45:15.624649599,T,KO,I,31,66.6
2025-10-03,9:45:17.577136985,T,KO,F I,3,66.6
2025-10-03,9:45:17.577139882,T,KO,F,121,66.6
2025-10-03,9:45:17.577154926,T,KO,I,1,66.6
2025-10-03,9:45:17.577180435,T,KO,,178,66.6
2025-10-03,9:45:17.577182124,T,KO,,300,66.6
2025-10-03,9:45:25.114739525,T,KO,F,200,66.6
2025-10-03,9:45:25.115301940,T,KO,F I,5,66.59
2025-10-03,9:45:25.115305479,T,KO,F,300,66.59
2025-10-03,9:45:25.115305479,T,KO,F I,5,66.59
2025-10-03,9:45:25.115308124,T,KO,F,200,66.59
2025-10-03,9:45:25.115328996,T,KO,I,1,66.59
2025-10-03,9:45:25.115332039,T,KO,F,199,66.59
2025-10-03,9:45:25.115332039,T,KO,F I,1,66.59
2025-10-03,9:45:25.115335612,T,KO,,200,66.59
2025-10-03,9:45:25.115353029,T,KO,F,200,66.59
2025-10-03,9:45:25.115356062,T,KO,,199,66.59
2025-10-03,9:45:25.483937888,T,KO,F I,5,66.58
2025-10-03,9:45:25.483940950,T,KO,F,200,66.58
2025-10-03,9:45:25.999774465,T,KO,F I,1,66.57
2025-10-03,9:45:32.600913802,T,KO,F I,9,66.6
2025-10-03,9:45:32.601449444,T,KO,F I,43,66.6
2025-10-03,9:45:32.601449444,T,KO,F,100,66.6
2025-10-03,9:45:34.306254522,T,KO,,100,66.59
2025-10-03,9:45:34.306272585,T,KO,I,1,66.59
2025-10-03,9:45:34.306290635,T,KO,I,57,66.59
2025-10-03,9:45:34.307105558,T,KO,,100,66.59
2025-10-03,9:45:34.307105558,T,KO,,100,66.59
2025-10-03,9:45:34.357189801,T,KO,,100,66.59
2025-10-03,9:45:34.357192838,T,KO,,100,66.59
2025-10-03,9:45:34.357524629,T,KO,F,100,66.59
2025-10-03,9:45:34.357530061,T,KO,F I,56,66.59
2025-10-03,9:45:34.357530061,T,KO,F,100,66.59
2025-10-03,9:45:34.357532821,T,KO,F,100,66.59
2025-10-03,9:45:34.368427682,T,KO,F I,1,66.58
2025-10-03,9:45:34.368430649,T,KO,F,117,66.58
2025-10-03,9:45:34.574692051,T,KO,,100,66.58
2025-10-03,9:45:34.574692051,T,KO,,300,66.58
2025-10-03,9:45:34.574709932,T,KO,F I,78,66.58
2025-10-03,9:45:34.608128492,T,KO,F I,85,66.59
2025-10-03,9:45:34.608134536,T,KO,I,15,66.59
2025-10-03,9:45:41.508618802,T,KO,F I,15,66.59
2025-10-03,9:45:41.508648907,T,KO,F,100,66.59
2025-10-03,9:45:41.650551138,T,KO,F I,1,66.6
2025-10-03,9:45:41.650554706,T,KO,F I,17,66.6
2025-10-03,9:45:41.650554706,T,KO,F I,4,66.6
2025-10-03,9:45:41.650556786,T,KO,F,400,66.6
2025-10-03,9:45:46.119151817,T,KO,F,550,66.59
2025-10-03,9:45:46.219594145,T,KO,F I,10,66.6
2025-10-03,9:45:46.219631088,T,KO,,400,66.61
2025-10-03,9:45:46.219636162,T,KO,,100,66.61
2025-10-03,9:45:46.219636162,T,KO,,100,66.61
2025-10-03,9:45:46.350345504,T,KO,,100,66.62
2025-10-03,9:45:46.350348538,T,KO,,100,66.62
2025-10-03,9:45:46.351292850,T,KO,,100,66.62
2025-10-03,9:45:46.351298941,T,KO,,100,66.62
2025-10-03,9:45:46.351298941,T,KO,I,50,66.62
2025-10-03,9:45:46.363604361,T,KO,,100,66.62
2025-10-03,9:45:46.363604361,T,KO,,100,66.62
2025-10-03,9:45:46.363607030,T,KO,I,1,66.62
2025-10-03,9:45:46.363610034,T,KO,I,14,66.62
2025-10-03,9:45:46.363922771,T,KO,F I,29,66.62
2025-10-03,9:45:46.363925996,T,KO,F,100,66.62
2025-10-03,9:45:46.363928871,T,KO,F,100,66.62
2025-10-03,9:45:46.363928871,T,KO,F,100,66.62
2025-10-03,9:45:46.867331874,T,KO,,100,66.62
2025-10-03,9:45:46.867331874,T,KO,,141,66.62
2025-10-03,9:45:46.867331874,T,KO,I,64,66.62
2025-10-03,9:45:46.867333920,T,KO,I,95,66.62
2025-10-03,9:45:46.867348953,T,KO,I,1,66.62
2025-10-03,9:45:46.877467919,T,KO,F I,4,66.62
2025-10-03,9:45:46.877699506,T,KO,,100,66.63
2025-10-03,9:45:48.267544256,T,KO,F I,5,66.62
2025-10-03,9:45:48.268064040,T,KO,I,5,66.61
2025-10-03,9:45:48.268067127,T,KO,I,68,66.61
2025-10-03,9:45:48.268067127,T,KO,I,53,66.61
2025-10-03,9:45:48.268088073,T,KO,I,1,66.61
2025-10-03,9:45:48.268109167,T,KO,,170,66.61
2025-10-03,9:45:57.346058464,T,KO,I,1,66.6
2025-10-03,9:45:58.899119514,T,KO,I,1,66.6
2025-10-03,9:45:58.899140582,T,KO,I,1,66.6
2025-10-03,9:46:00.305436937,T,KO,F I,3,66.61
2025-10-03,9:46:01.865092784,T,KO,I,12,66.63
2025-10-03,9:46:02.451988652,T,KO,F I,3,66.63
2025-10-03,9:46:02.451991583,T,KO,F,260,66.63
2025-10-03,9:46:03.404101135,T,KO,I,18,66.62
2025-10-03,9:46:03.404104329,T,KO,I,90,66.62
2025-10-03,9:46:03.404104329,T,KO,I,90,66.62
2025-10-03,9:46:03.404107108,T,KO,,100,66.62
2025-10-03,9:46:03.404119463,T,KO,F,190,66.62
2025-10-03,9:46:03.404122256,T,KO,I,1,66.62
2025-10-03,9:46:03.404146241,T,KO,F,209,66.62
2025-10-03,9:46:11.957898930,T,KO,I,5,66.63
2025-10-03,9:46:11.957898930,T,KO,I,50,66.63
2025-10-03,9:46:17.344827498,T,KO,F I,5,66.62
2025-10-03,9:46:17.344830120,T,KO,F I,75,66.62
2025-10-03,9:46:17.344833195,T,KO,F,100,66.62
2025-10-03,9:46:28.253942732,T,KO,F I,50,66.62
2025-10-03,9:46:30.859489560,T,KO,,180,66.615
2025-10-03,9:46:31.627509727,T,KO,I,36,66.615
2025-10-03,9:46:34.029724174,T,KO,I,41,66.615
2025-10-03,9:46:36.080479460,T,KO,F I,10,66.62
2025-10-03,9:46:36.659334172,T,KO,I,36,66.625
2025-10-03,9:46:40.000935022,T,KO,F I,3,66.62
2025-10-03,9:46:40.000956015,T,KO,F,1033,66.62
2025-10-03,9:46:40.001512864,T,KO,F,100,66.62
2025-10-03,9:46:40.001515393,T,KO,F,100,66.62
2025-10-03,9:46:42.102340287,T,KO,I,1,66.62
2025-10-03,9:46:42.102361298,T,KO,I,79,66.62
2025-10-03,9:46:42.102364570,T,KO,,100,66.62
2025-10-03,9:46:42.102370528,T,KO,,100,66.62
2025-10-03,9:46:42.103025643,T,KO,,180,66.62
2025-10-03,9:46:42.103052729,T,KO,I,76,66.62
2025-10-03,9:46:42.103064789,T,KO,I,24,66.62
2025-10-03,9:46:42.103064789,T,KO,,100,66.62
2025-10-03,9:46:42.383154788,T,KO,I,1,66.62
2025-10-03,9:46:49.207551683,T,KO,F I,10,66.63
2025-10-03,9:46:49.208745746,T,KO,I,83,66.63
2025-10-03,9:46:49.208745746,T,KO,I,45,66.63
2025-10-03,9:46:49.208751738,T,KO,,400,66.63
2025-10-03,9:46:49.208754616,T,KO,I,21,66.63
2025-10-03,9:46:49.208754616,T,KO,I,5,66.63
2025-10-03,9:46:52.812521248,T,KO,F I,4,66.62
2025-10-03,9:46:52.812521248,T,KO,F I,38,66.62
2025-10-03,9:46:52.812525891,T,KO,F,162,66.62
2025-10-03,9:46:52.812525891,T,KO,F,100,66.62
2025-10-03,9:46:52.812528893,T,KO,F,100,66.62
2025-10-03,9:46:52.812544121,T,KO,F,400,66.62
2025-10-03,9:46:52.812562095,T,KO,,362,66.62
2025-10-03,9:46:52.812907799,T,KO,F,362,66.62
2025-10-03,9:46:52.813343805,T,KO,F I,24,66.62
2025-10-03,9:46:53.161128089,T,KO,,106,66.61
2025-10-03,9:46:53.161131157,T,KO,,100,66.61
2025-10-03,9:46:53.161185212,T,KO,I,15,66.61
2025-10-03,9:46:53.161583077,T,KO,F I,63,66.61
2025-10-03,9:46:53.161583077,T,KO,F,100,66.61
2025-10-03,9:46:53.161585349,T,KO,F,106,66.61
2025-10-03,9:46:53.161588513,T,KO,F I,68,66.61
2025-10-03,9:46:58.192669968,T,KO,,370,66.615
2025-10-03,9:46:58.207537304,T,KO,,180,66.615
2025-10-03,9:46:58.244862261,T,KO,,140,66.615
2025-10-03,9:46:58.251835821,T,KO,,100,66.615
2025-10-03,9:46:58.426359568,T,KO,F I,63,66.61
2025-10-03,9:46:58.426359568,T,KO,F,100,66.61
2025-10-03,9:46:58.426362490,T,KO,F I,10,66.61
2025-10-03,9:46:58.426862289,T,KO,F,400,66.6
2025-10-03,9:46:58.426864730,T,KO,F I,5,66.6
2025-10-03,9:47:01.736601731,T,KO,I,1,66.595
2025-10-03,9:47:03.076451819,T,KO,F,156,66.59
2025-10-03,9:47:03.076455498,T,KO,F,100,66.59
2025-10-03,9:47:03.076457823,T,KO,F,100,66.59
2025-10-03,9:47:03.076457823,T,KO,F I,3,66.59
2025-10-03,9:47:05.132650021,T,KO,I,18,66.58
2025-10-03,9:47:05.132653327,T,KO,I,75,66.58
2025-10-03,9:47:05.132653327,T,KO,I,7,66.58
2025-10-03,9:47:05.132668059,T,KO,I,1,66.58
2025-10-03,9:47:09.993306892,T,KO,I,24,66.59
2025-10-03,9:47:10.105410794,T,KO,I,47,66.59
2025-10-03,9:47:10.116095252,T,KO,F I,92,66.58
2025-10-03,9:47:13.387812670,T,KO,F I,47,66.58
2025-10-03,9:47:23.033184078,T,KO,F I,78,66.61
2025-10-03,9:47:26.824051375,T,KO,I,1,66.615
2025-10-03,9:47:28.715351878,T,KO,F I,21,66.61
2025-10-03,9:47:28.715358036,T,KO,F I,48,66.61
2025-10-03,9:47:28.715358036,T,KO,F,200,66.61
2025-10-03,9:47:33.657385604,T,KO,I,1,66.605
2025-10-03,9:47:37.291673831,T,KO,F I,50,66.6
2025-10-03,9:47:37.291673831,T,KO,F I,10,66.6
2025-10-03,9:47:37.291676475,T,KO,F I,50,66.6
2025-10-03,9:47:38.552498433,T,KO,F,158,66.59
2025-10-03,9:47:38.552525514,T,KO,F,242,66.59
2025-10-03,9:47:39.878413352,T,KO,F I,52,66.58
2025-10-03,9:47:42.095600099,T,KO,F I,1,66.57
2025-10-03,9:47:42.096303758,T,KO,,100,66.57
2025-10-03,9:47:42.096348857,T,KO,I,86,66.58
2025-10-03,9:47:42.096348857,T,KO,,100,66.58
2025-10-03,9:47:42.096351904,T,KO,,400,66.58
2025-10-03,9:47:42.096354931,T,KO,,200,66.58
2025-10-03,9:47:42.096370004,T,KO,,100,66.57
2025-10-03,9:47:48.606873216,T,KO,,100,66.56
2025-10-03,9:47:49.174604438,T,KO,F I,14,66.57
2025-10-03,9:47:49.175368277,T,KO,F I,74,66.57
2025-10-03,9:47:49.175371429,T,KO,F I,2,66.57
2025-10-03,9:47:49.175374421,T,KO,F I,88,66.57
2025-10-03,9:47:49.175377499,T,KO,F I,46,66.57
2025-10-03,9:47:49.175377499,T,KO,F,400,66.57
2025-10-03,9:47:49.594922030,T,KO,F I,8,66.57
2025-10-03,9:47:49.594925018,T,KO,F I,16,66.57
2025-10-03,9:47:49.594925018,T,KO,F I,38,66.57
2025-10-03,9:47:49.594928356,T,KO,F I,72,66.57
2025-10-03,9:47:49.594928356,T,KO,F I,88,66.57
2025-10-03,9:47:49.594930860,T,KO,F I,1,66.57
2025-10-03,9:47:49.594933557,T,KO,F I,1,66.57
2025-10-03,9:47:57.766373859,T,KO,I,1,66.57
2025-10-03,9:47:57.766392590,T,KO,I,4,66.57
2025-10-03,9:47:57.766395574,T,KO,,100,66.57
2025-10-03,9:47:57.766397977,T,KO,I,56,66.57
2025-10-03,9:47:57.766400942,T,KO,I,44,66.57
2025-10-03,9:47:57.767086658,T,KO,I,47,66.57
2025-10-03,9:47:57.767086658,T,KO,I,92,66.57
2025-10-03,9:47:57.767104566,T,KO,I,1,66.57
2025-10-03,9:47:57.767204013,T,KO,F I,47,66.57
2025-10-03,9:47:57.767233842,T,KO,F I,47,66.57
2025-10-03,9:47:57.767276843,T,KO,F I,45,66.57
2025-10-03,9:47:57.767363234,T,KO,I,47,66.57
2025-10-03,9:47:57.767363234,T,KO,I,50,66.57
2025-10-03,9:48:00.727938436,T,KO,F I,47,66.57
2025-10-03,9:48:00.727938436,T,KO,F I,16,66.57
2025-10-03,9:48:00.834500277,T,KO,F,200,66.56
2025-10-03,9:48:02.648053524,T,KO,F I,3,66.55
2025-10-03,9:48:05.446284242,T,KO,I,4,66.555
2025-10-03,9:48:05.454448711,T,KO,I,1,66.555
2025-10-03,9:48:06.042369986,T,KO,I,50,66.54
2025-10-03,9:48:06.403250512,T,KO,F I,25,66.55
2025-10-03,9:48:06.403250512,T,KO,F I,25,66.55
2025-10-03,9:48:06.403259727,T,KO,F I,19,66.55
2025-10-03,9:48:06.403262890,T,KO,F I,6,66.55
2025-10-03,9:48:06.403265501,T,KO,F I,25,66.55
2025-10-03,9:48:06.403271549,T,KO,F I,69,66.55
2025-10-03,9:48:06.403277512,T,KO,F I,10,66.55
2025-10-03,9:48:09.744090392,T,KO,F I,83,66.55
2025-10-03,9:48:11.859184780,T,KO,F I,3,66.55
2025-10-03,9:48:11.859187091,T,KO,F I,64,66.55
2025-10-03,9:48:11.870106786,T,KO,I,94,66.55
2025-10-03,9:48:11.870133413,T,KO,F I,1,66.55
2025-10-03,9:48:18.935632284,T,KO,,232,66.54
2025-10-03,9:48:18.935644237,T,KO,I,1,66.54
2025-10-03,9:48:18.935680934,T,KO,F I,8,66.54
2025-10-03,9:48:18.935683319,T,KO,F I,73,66.54
2025-10-03,9:48:18.936005064,T,KO,F I,22,66.54
2025-10-03,9:48:18.936008095,T,KO,F I,40,66.54
2025-10-03,9:48:18.953148955,T,KO,F I,60,66.54
2025-10-03,9:48:18.953151913,T,KO,F I,40,66.54
2025-10-03,9:48:20.854412282,T,KO,F,100,66.55
2025-10-03,9:48:20.854412282,T,KO,F I,10,66.55
2025-10-03,9:48:21.753216923,T,KO,F I,25,66.55
2025-10-03,9:48:27.384648480,T,KO,,200,66.56
2025-10-03,9:48:36.723701021,T,KO,F I,21,66.57
2025-10-03,9:48:36.723701021,T,KO,F I,1,66.57
2025-10-03,9:48:36.723704661,T,KO,F I,19,66.57
2025-10-03,9:48:36.723706582,T,KO,F,100,66.57
2025-10-03,9:48:36.738086848,T,KO,,100,66.565
2025-10-03,9:48:37.229135402,T,KO,F I,9,66.56
2025-10-03,9:48:37.229138455,T,KO,F,100,66.56
2025-10-03,9:48:37.235679044,T,KO,F,200,66.56
2025-10-03,9:48:37.247767845,T,KO,I,88,66.56
2025-10-03,9:48:45.717085398,T,KO,F I,88,66.57
2025-10-03,9:48:50.260095662,T,KO,F I,3,66.57
2025-10-03,9:48:50.260099051,T,KO,F,102,66.57
2025-10-03,9:49:03.264316283,T,KO,I,10,66.56
2025-10-03,9:49:03.264349355,T,KO,,390,66.56
2025-10-03,9:49:03.264352379,T,KO,,100,66.56
2025-10-03,9:49:09.487358855,T,KO,I,15,66.57
2025-10-03,9:49:09.487379989,T,KO,I,1,66.57
2025-10-03,9:49:11.435408566,T,KO,F I,4,66.56
2025-10-03,9:49:11.435414155,T,KO,F I,5,66.56
2025-10-03,9:49:11.435419534,T,KO,F I,5,66.56
2025-10-03,9:49:11.435419534,T,KO,F I,30,66.56
2025-10-03,9:49:11.435422664,T,KO,F,400,66.56
2025-10-03,9:49:11.435425564,T,KO,F I,91,66.56
2025-10-03,9:49:11.435425564,T,KO,F,109,66.56
2025-10-03,9:49:11.435428991,T,KO,F I,11,66.56
2025-10-03,9:49:11.435855558,T,KO,F,100,66.56
2025-10-03,9:49:13.912719759,T,KO,F I,2,66.55
2025-10-03,9:49:13.913811412,T,KO,,100,66.55
2025-10-03,9:49:15.204627112,T,KO,F I,25,66.55
2025-10-03,9:49:15.204627112,T,KO,F I,44,66.55
2025-10-03,9:49:15.204632796,T,KO,F I,1,66.55
2025-10-03,9:49:15.204632796,T,KO,F I,24,66.55
2025-10-03,9:49:15.205526506,T,KO,F I,79,66.55
2025-10-03,9:49:23.347570981,T,KO,F I,11,66.56
2025-10-03,9:49:23.347871742,T,KO,F I,20,66.56
2025-10-03,9:49:28.160095306,T,KO,F I,27,66.57
2025-10-03,9:49:28.160095306,T,KO,F I,13,66.57
2025-10-03,9:49:28.160392826,T,KO,I,19,66.57
2025-10-03,9:49:28.160413937,T,KO,I,1,66.57
2025-10-03,9:49:28.166978493,T,KO,I,17,66.57
2025-10-03,9:49:28.169833050,T,KO,F,100,66.57
2025-10-03,9:49:28.169836272,T,KO,F I,74,66.57
2025-10-03,9:49:28.169838342,T,KO,F,100,66.57
2025-10-03,9:49:28.169841502,T,KO,F,100,66.57
2025-10-03,9:49:28.169841502,T,KO,F I,46,66.57
2025-10-03,9:49:28.169844329,T,KO,F I,79,66.57
2025-10-03,9:49:28.169844329,T,KO,F I,50,66.57
2025-10-03,9:49:28.169847393,T,KO,F I,16,66.57
2025-10-03,9:49:28.382059823,T,KO,I,25,66.56
2025-10-03,9:49:29.719308820,T,KO,I,25,66.57
2025-10-03,9:49:29.719314762,T,KO,,100,66.57
2025-10-03,9:49:29.719314762,T,KO,I,46,66.57
2025-10-03,9:49:29.719318699,T,KO,I,74,66.57
2025-10-03,9:49:29.719318699,T,KO,I,16,66.57
2025-10-03,9:49:31.310423020,T,KO,F I,41,66.58
2025-10-03,9:49:31.310425393,T,KO,F I,5,66.58
2025-10-03,9:49:31.342896794,T,KO,F I,25,66.59
2025-10-03,9:49:37.667355969,T,KO,,200,66.58
2025-10-03,9:49:39.094440968,T,KO,I,4,66.58
2025-10-03,9:49:57.036515235,T,KO,I,10,66.58
2025-10-03,9:50:07.606789770,T,KO,F I,51,66.57
2025-10-03,9:50:07.606807701,T,KO,F I,15,66.57
2025-10-03,9:50:07.606823318,T,KO,I,34,66.57
2025-10-03,9:50:07.606825832,T,KO,I,2,66.57
2025-10-03,9:50:10.357711703,T,KO,F I,1,66.55
2025-10-03,9:50:19.464622891,T,KO,F I,84,66.53
2025-10-03,9:50:19.464640792,T,KO,I,16,66.53
2025-10-03,9:50:19.464935486,T,KO,F I,2,66.53
2025-10-03,9:50:19.472534629,T,KO,F,100,66.52
2025-10-03,9:50:21.003838822,T,KO,,100,66.515
2025-10-03,9:50:30.114710395,T,KO,F I,56,66.54
2025-10-03,9:50:30.114728347,T,KO,F I,44,66.54
2025-10-03,9:50:30.712233462,T,KO,I,43,66.53
2025-10-03,9:50:30.712254483,T,KO,I,1,66.53
2025-10-03,9:50:36.533197539,T,KO,I,70,66.53
2025-10-03,9:50:46.446755899,T,KO,F I,10,66.53
2025-10-03,9:50:46.446755899,T,KO,F I,95,66.53
2025-10-03,9:50:46.447041664,T,KO,F I,36,66.53
2025-10-03,9:50:47.877594117,T,KO,F I,8,66.53
2025-10-03,9:50:47.877618492,T,KO,F I,92,66.53
2025-10-03,9:50:47.877620923,T,KO,F I,20,66.53
2025-10-03,9:50:50.315423104,T,KO,F,100,66.52
2025-10-03,9:50:50.315425207,T,KO,F,300,66.52
2025-10-03,9:50:54.899522275,T,KO,I,15,66.51
2025-10-03,9:50:54.900827314,T,KO,F I,2,66.51
2025-10-03,9:50:54.900833796,T,KO,F I,82,66.51
2025-10-03,9:50:54.900836271,T,KO,F,100,66.51
2025-10-03,9:50:54.900839340,T,KO,F I,43,66.51
2025-10-03,9:50:56.211309567,T,KO,,190,66.515
2025-10-03,9:50:56.952677269,T,KO,,190,66.515
2025-10-03,9:51:00.313475764,T,KO,F I,14,66.52
2025-10-03,9:51:06.854898656,T,KO,F I,43,66.53
2025-10-03,9:51:06.855187330,T,KO,F I,35,66.53
2025-10-03,9:51:11.934633278,T,KO,F,100,66.53
2025-10-03,9:51:11.934636442,T,KO,F I,84,66.53
2025-10-03,9:51:11.934636442,T,KO,F I,4,66.53
2025-10-03,9:51:11.934639248,T,KO,F I,20,66.53
2025-10-03,9:51:11.940367865,T,KO,F I,25,66.52
2025-10-03,9:51:11.940370963,T,KO,F,175,66.52
2025-10-03,9:51:11.954922547,T,KO,F,200,66.51
2025-10-03,9:51:11.955478957,T,KO,F I,84,66.51
2025-10-03,9:51:11.955482410,T,KO,F,100,66.51
2025-10-03,9:51:11.955482410,T,KO,F,100,66.51
2025-10-03,9:51:11.955493940,T,KO,F I,84,66.51
2025-10-03,9:51:11.955502989,T,KO,I,16,66.51
2025-10-03,9:51:11.966370879,T,KO,,380,66.515
2025-10-03,9:51:12.470846405,T,KO,,380,66.515
2025-10-03,9:51:12.471372691,T,KO,I,84,66.52
2025-10-03,9:51:12.471375668,T,KO,,100,66.52
2025-10-03,9:51:12.471375668,T,KO,,100,66.52
2025-10-03,9:51:12.471911440,T,KO,F I,84,66.52
2025-10-03,9:51:12.471913857,T,KO,F,100,66.52
2025-10-03,9:51:12.471931994,T,KO,F I,25,66.52
2025-10-03,9:51:13.017948353,T,KO,F I,84,66.52
2025-10-03,9:51:13.017951373,T,KO,F I,21,66.52
2025-10-03,9:51:13.017972765,T,KO,F I,51,66.52
2025-10-03,9:51:13.021487781,T,KO,F I,3,66.52
2025-10-03,9:51:14.892198609,T,KO,F I,18,66.52
2025-10-03,9:51:14.892201578,T,KO,F I,58,66.52
2025-10-03,9:51:16.345881742,T,KO,F,100,66.51
2025-10-03,9:51:16.345885316,T,KO,F,100,66.51
2025-10-03,9:51:16.346185434,T,KO,F I,23,66.51
2025-10-03,9:51:17.734625508,T,KO,I,15,66.51
2025-10-03,9:51:17.734628233,T,KO,,190,66.515
2025-10-03,9:51:22.543122876,T,KO,,100,66.525
2025-10-03,9:51:28.564321767,T,KO,,100,66.525
2025-10-03,9:51:30.481360620,T,KO,F I,6,66.53
2025-10-03,9:51:30.482214625,T,KO,F I,39,66.53
2025-10-03,9:51:43.423588492,T,KO,F I,2,66.54
2025-10-03,9:51:43.423591496,T,KO,F I,3,66.54
2025-10-03,9:51:43.434907420,T,KO,F I,1,66.55
2025-10-03,9:51:43.434931533,T,KO,F I,1,66.55
2025-10-03,9:51:43.636330211,T,KO,F I,50,66.55
2025-10-03,9:51:45.301173393,T,KO,I,50,66.55
2025-10-03,9:51:50.279665896,T,KO,F I,1,66.54
2025-10-03,9:51:56.381041707,T,KO,,100,66.55
2025-10-03,9:51:59.349609996,T,KO,F I,95,66.55
2025-10-03,9:51:59.349778420,T,KO,F I,5,66.55
2025-10-03,9:51:59.349781411,T,KO,F I,82,66.55
2025-10-03,9:51:59.353486248,T,KO,I,73,66.55
2025-10-03,9:52:04.124081568,T,KO,,100,66.55
2025-10-03,9:52:04.124084627,T,KO,I,73,66.55
2025-10-03,9:52:04.124084627,T,KO,I,3,66.55
2025-10-03,9:52:04.124088264,T,KO,I,37,66.55
2025-10-03,9:52:13.263058095,T,KO,F I,1,66.54
2025-10-03,9:52:13.263061277,T,KO,F,100,66.54
2025-10-03,9:52:13.263065426,T,KO,F,100,66.54
2025-10-03,9:52:25.312311994,T,KO,I,6,66.53
2025-10-03,9:52:25.322410129,T,KO,I,72,66.53
2025-10-03,9:52:34.117818796,T,KO,F,100,66.53
2025-10-03,9:52:34.117818796,T,KO,F,100,66.53
2025-10-03,9:52:34.117821612,T,KO,F I,72,66.53
2025-10-03,9:52:34.117824511,T,KO,F,100,66.53
2025-10-03,9:52:43.570478220,T,KO,F I,1,66.52
2025-10-03,9:52:43.570481214,T,KO,F,100,66.52
2025-10-03,9:52:44.192115770,T,KO,,100,66.51
2025-10-03,9:52:44.193150267,T,KO,F I,24,66.51
2025-10-03,9:52:44.193465954,T,KO,I,73,66.51
2025-10-03,9:52:46.789040897,T,KO,F I,12,66.52
2025-10-03,9:52:55.494835810,T,KO,I,1,66.52
2025-10-03,9:52:55.494971139,T,KO,I,99,66.52
2025-10-03,9:52:55.494974147,T,KO,I,73,66.52
2025-10-03,9:52:55.680464980,T,KO,I,10,66.51
2025-10-03,9:53:03.871596067,T,KO,I,50,66.505
2025-10-03,9:53:04.623515889,T,KO,I,5,66.505
2025-10-03,9:53:15.049110421,T,KO,F I,20,66.5
2025-10-03,9:53:15.049113303,T,KO,F I,2,66.5
2025-10-03,9:53:15.049115991,T,KO,F,100,66.5
2025-10-03,9:53:15.049118910,T,KO,F I,3,66.5
2025-10-03,9:53:15.049118910,T,KO,F I,50,66.5
2025-10-03,9:53:15.049121956,T,KO,F,100,66.5
2025-10-03,9:53:15.718501306,T,KO,F I,1,66.49
2025-10-03,9:53:15.718504125,T,KO,F I,1,66.49
2025-10-03,9:53:15.718507102,T,KO,F I,94,66.49
2025-10-03,9:53:15.811004427,T,KO,F I,59,66.49
2025-10-03,9:53:15.811007502,T,KO,F I,25,66.49
2025-10-03,9:53:15.811007502,T,KO,F,200,66.49
2025-10-03,9:53:15.819003490,T,KO,I,25,66.5
2025-10-03,9:53:19.895804824,T,KO,F I,59,66.49
2025-10-03,9:53:19.895807355,T,KO,F I,41,66.49
2025-10-03,9:53:19.895825373,T,KO,F I,37,66.49
2025-10-03,9:53:20.746100570,T,KO,,100,66.48
2025-10-03,9:53:36.466582575,T,KO,I,1,66.47
2025-10-03,9:53:43.266321282,T,KO,F I,1,66.48
2025-10-03,9:53:43.266321282,T,KO,F I,15,66.48
2025-10-03,9:53:43.266324061,T,KO,F I,3,66.48
2025-10-03,9:53:43.274319803,T,KO,F,100,66.49
2025-10-03,9:53:43.274340921,T,KO,,100,66.49
2025-10-03,9:53:43.274614496,T,KO,F I,58,66.49
2025-10-03,9:53:43.274620708,T,KO,F,100,66.49
2025-10-03,9:53:43.274624078,T,KO,F,100,66.49
2025-10-03,9:53:43.274627439,T,KO,F I,25,66.49
2025-10-03,9:53:43.274627439,T,KO,F I,13,66.49
2025-10-03,9:53:43.274629549,T,KO,F I,25,66.49
2025-10-03,9:53:43.274641580,T,KO,F,200,66.49
2025-10-03,9:53:43.274644848,T,KO,F I,63,66.49
2025-10-03,9:53:43.274648504,T,KO,I,1,66.49
2025-10-03,9:53:43.274650688,T,KO,F I,11,66.49
2025-10-03,9:53:50.573213748,T,KO,F I,25,66.49
2025-10-03,9:53:50.573213748,T,KO,F I,63,66.49
2025-10-03,9:53:50.573216871,T,KO,F I,1,66.49
2025-10-03,9:53:50.573219774,T,KO,F I,11,66.49
2025-10-03,9:53:50.573237747,T,KO,I,1,66.49
2025-10-03,9:53:50.573259448,T,KO,I,57,66.49
2025-10-03,9:53:50.573261835,T,KO,I,45,66.49
2025-10-03,9:53:50.907634263,T,KO,F I,5,66.5
2025-10-03,9:53:58.675865042,T,KO,F I,90,66.51
2025-10-03,9:53:58.675886477,T,KO,I,1,66.51
2025-10-03,9:54:07.945891450,T,KO,F I,1,66.515
2025-10-03,9:54:07.945891450,T,KO,F I,99,66.52
2025-10-03,9:54:07.945893813,T,KO,F I,1,66.52
2025-10-03,9:54:09.491428656,T,KO,I,25,66.52
2025-10-03,9:54:09.491431239,T,KO,I,3,66.52
2025-10-03,9:54:09.491434371,T,KO,I,31,66.52
2025-10-03,9:54:09.491434371,T,KO,I,25,66.52
2025-10-03,9:54:09.491436969,T,KO,I,20,66.52
2025-10-03,9:54:09.588042091,T,KO,I,50,66.52
2025-10-03,9:54:09.599237707,T,KO,I,4,66.525
2025-10-03,9:54:13.229904951,T,KO,F I,3,66.53
2025-10-03,9:54:21.010266720,T,KO,F I,12,66.54
2025-10-03,9:54:23.444275948,T,KO,I,1,66.55
2025-10-03,9:54:31.473796053,T,KO,F I,25,66.57
2025-10-03,9:54:31.473805097,T,KO,F I,25,66.57
2025-10-03,9:54:31.473808201,T,KO,F I,25,66.57
2025-10-03,9:54:33.332535666,T,KO,F I,74,66.56
2025-10-03,9:54:33.332541781,T,KO,F,100,66.56
2025-10-03,9:54:33.332541781,T,KO,F,200,66.56
2025-10-03,9:54:45.779877189,T,KO,F I,12,66.56
2025-10-03,9:54:45.779922396,T,KO,I,25,66.57
2025-10-03,9:54:45.779925357,T,KO,,400,66.57
2025-10-03,9:54:45.779925357,T,KO,,200,66.57
2025-10-03,9:55:03.160622786,T,KO,F I,50,66.57
2025-10-03,9:55:07.764437892,T,KO,F I,3,66.57
2025-10-03,9:55:07.774403672,T,KO,F I,47,66.57
2025-10-03,9:55:07.774409630,T,KO,F I,65,66.57
2025-10-03,9:55:07.776153762,T,KO,F,100,66.57
2025-10-03,9:55:07.776153762,T,KO,F,100,66.57
2025-10-03,9:55:07.776156763,T,KO,F,100,66.57
2025-10-03,9:55:07.776159808,T,KO,F,100,66.57
2025-10-03,9:55:09.919908858,T,KO,F I,25,66.57
2025-10-03,9:55:09.919911767,T,KO,F I,16,66.57
2025-10-03,9:55:09.919911767,T,KO,F I,31,66.57
2025-10-03,9:55:09.919914641,T,KO,F I,1,66.57
2025-10-03,9:55:16.031415535,T,KO,F I,60,66.56
2025-10-03,9:55:16.031424609,T,KO,F I,40,66.56
2025-10-03,9:55:16.031424609,T,KO,F I,1,66.56
2025-10-03,9:55:16.031427582,T,KO,F I,24,66.56
2025-10-03,9:55:16.031430870,T,KO,F I,34,66.56
2025-10-03,9:55:16.031430870,T,KO,F I,50,66.56
2025-10-03,9:55:18.323450606,T,KO,F I,1,66.55
2025-10-03,9:55:18.323868664,T,KO,,100,66.54
2025-10-03,9:55:18.324542204,T,KO,I,53,66.54
2025-10-03,9:55:18.324545255,T,KO,,100,66.54
2025-10-03,9:55:18.324545255,T,KO,I,25,66.54
2025-10-03,9:55:22.540782122,T,KO,F I,53,66.54
2025-10-03,9:55:22.540785192,T,KO,F,100,66.54
2025-10-03,9:55:30.799183535,T,KO,F I,1,66.55
2025-10-03,9:55:30.799186560,T,KO,F,100,66.55
2025-10-03,9:55:30.800016453,T,KO,I,1,66.55
2025-10-03,9:55:33.331602089,T,KO,F I,5,66.57
2025-10-03,9:55:33.331887692,T,KO,F I,25,66.57
2025-10-03,9:55:36.099343139,T,KO,F,100,66.57
2025-10-03,9:55:36.099355171,T,KO,F,100,66.57
2025-10-03,9:55:36.099400302,T,KO,F I,39,66.57
2025-10-03,9:55:45.379512062,T,KO,F I,3,66.57
2025-10-03,9:56:02.662341247,T,KO,I,69,66.565
2025-10-03,9:56:12.689390059,T,KO,I,4,66.56
2025-10-03,9:56:12.689393225,T,KO,I,10,66.56
2025-10-03,9:56:12.689393225,T,KO,I,3,66.56
2025-10-03,9:56:12.689399199,T,KO,F I,17,66.56
2025-10-03,9:56:12.689408502,T,KO,F I,17,66.56
2025-10-03,9:56:12.689411250,T,KO,F I,17,66.56
2025-10-03,9:56:12.689411250,T,KO,I,13,66.56
2025-10-03,9:56:12.689435435,T,KO,F I,17,66.56
2025-10-03,9:56:12.689435435,T,KO,F I,17,66.56
2025-10-03,9:56:12.689438292,T,KO,F I,17,66.56
2025-10-03,9:56:12.689531537,T,KO,F,185,66.56
2025-10-03,9:56:12.690075857,T,KO,F I,1,66.55
2025-10-03,9:56:12.690119023,T,KO,,100,66.55
2025-10-03,9:56:12.690437293,T,KO,F I,63,66.56
2025-10-03,9:56:12.690437293,T,KO,F,100,66.56
2025-10-03,9:56:12.690439569,T,KO,F,400,66.56
2025-10-03,9:56:15.782560265,T,KO,F,157,66.56
2025-10-03,9:56:15.782564043,T,KO,F,100,66.56
2025-10-03,9:56:15.782564043,T,KO,F I,63,66.56
2025-10-03,9:56:15.798519291,T,KO,I,12,66.555
2025-10-03,9:56:31.672222174,T,KO,,200,66.545
2025-10-03,9:56:32.003852038,T,KO,F,111,66.54
2025-10-03,9:56:45.364794520,T,KO,F,200,66.54
2025-10-03,9:56:45.364794520,T,KO,F I,12,66.54
2025-10-03,9:56:53.136601079,T,KO,I,2,66.545
2025-10-03,9:56:53.497860743,T,KO,I,2,66.545
2025-10-03,9:56:53.986885318,T,KO,F I,25,66.54
2025-10-03,9:57:00.165981297,T,KO,F I,14,66.54
2025-10-03,9:57:02.414653512,T,KO,F,200,66.54
2025-10-03,9:57:02.414653512,T,KO,F,100,66.54
2025-10-03,9:57:02.414656128,T,KO,F I,25,66.54
2025-10-03,9:57:02.414656128,T,KO,F I,3,66.54
2025-10-03,9:57:11.348625613,T,KO,F I,10,66.54
2025-10-03,9:57:15.593136090,T,KO,F I,15,66.56
2025-10-03,9:57:15.593472872,T,KO,I,2,66.56
2025-10-03,9:57:15.593520892,T,KO,F I,2,66.56
2025-10-03,9:57:16.162578346,T,KO,I,49,66.55
2025-10-03,9:57:16.162581249,T,KO,,200,66.55
2025-10-03,9:57:19.311047156,T,KO,F I,32,66.55
2025-10-03,9:57:29.532809934,T,KO,F I,25,66.56
2025-10-03,9:57:29.532809934,T,KO,F I,22,66.56
2025-10-03,9:57:29.533994573,T,KO,I,62,66.56
2025-10-03,9:57:29.534004400,T,KO,,100,66.56
2025-10-03,9:57:29.534004400,T,KO,,100,66.56
2025-10-03,9:57:29.534004400,T,KO,I,72,66.56
2025-10-03,9:57:29.534006609,T,KO,I,52,66.56
2025-10-03,9:57:29.534009813,T,KO,I,21,66.56
2025-10-03,9:57:37.473188712,T,KO,,100,66.545
2025-10-03,9:57:39.996676260,T,KO,F I,62,66.54
2025-10-03,9:57:39.996691628,T,KO,F I,82,66.54
2025-10-03,9:57:39.996694831,T,KO,F I,25,66.54
2025-10-03,9:57:39.996718905,T,KO,I,25,66.55
2025-10-03,9:57:39.996718905,T,KO,,400,66.55
2025-10-03,9:57:39.996721156,T,KO,,200,66.55
2025-10-03,9:57:39.999568975,T,KO,I,4,66.55
2025-10-03,9:57:40.016688767,T,KO,F I,66,66.55
2025-10-03,9:57:46.558088221,T,KO,F I,25,66.55
2025-10-03,9:57:46.558095550,T,KO,F,100,66.55
2025-10-03,9:57:46.558095550,T,KO,F I,66,66.55
2025-10-03,9:57:46.558099728,T,KO,F I,10,66.55
2025-10-03,9:57:46.558099728,T,KO,F I,18,66.55
2025-10-03,9:57:46.558129752,T,KO,I,1,66.55
2025-10-03,9:57:46.558136295,T,KO,,200,66.55
2025-10-03,9:57:46.565265755,T,KO,I,65,66.55
2025-10-03,9:57:54.094610937,T,KO,F I,1,66.555
2025-10-03,9:57:54.094614123,T,KO,F I,87,66.56
2025-10-03,9:57:54.094614123,T,KO,F I,9,66.56
2025-10-03,9:57:54.094631955,T,KO,I,1,66.56
2025-10-03,9:58:04.543964992,T,KO,F I,92,66.56
2025-10-03,9:58:04.638810842,T,KO,I,1,66.57
2025-10-03,9:58:04.638810842,T,KO,I,14,66.57
2025-10-03,9:58:04.638813658,T,KO,I,85,66.57
2025-10-03,9:58:04.638834668,T,KO,I,2,66.57
2025-10-03,9:58:04.638834668,T,KO,I,2,66.57
2025-10-03,9:58:17.763516355,T,KO,F I,4,66.58
2025-10-03,9:58:17.763516355,T,KO,F I,10,66.58
2025-10-03,9:58:17.763537462,T,KO,F I,5,66.58
2025-10-03,9:58:17.763540386,T,KO,F I,10,66.58
2025-10-03,9:58:18.322265152,T,KO,F I,25,66.58
2025-10-03,9:58:18.322268136,T,KO,F I,12,66.58
2025-10-03,9:58:23.631692965,T,KO,F I,90,66.59
2025-10-03,9:58:30.301828490,T,KO,F I,10,66.59
2025-10-03,9:58:30.301831378,T,KO,F I,90,66.59
2025-10-03,9:58:30.301846926,T,KO,I,10,66.59
2025-10-03,9:58:30.301849640,T,KO,I,10,66.59
2025-10-03,9:58:30.301849640,T,KO,I,76,66.59
2025-10-03,9:58:32.144247654,T,KO,I,24,66.59
2025-10-03,9:58:32.144250608,T,KO,,100,66.59
2025-10-03,9:58:32.144269041,T,KO,,100,66.59
2025-10-03,9:58:32.144274661,T,KO,I,1,66.59
2025-10-03,9:58:32.144337814,T,KO,I,99,66.59
2025-10-03,9:58:32.146292490,T,KO,F I,1,66.59
2025-10-03,9:58:32.146298970,T,KO,F I,60,66.59
2025-10-03,9:58:32.146298970,T,KO,F,100,66.59
2025-10-03,9:58:32.146301486,T,KO,F I,53,66.59
2025-10-03,9:58:32.146307516,T,KO,F I,4,66.59
2025-10-03,9:58:32.146310511,T,KO,F I,1,66.59
2025-10-03,9:58:32.146322969,T,KO,F I,15,66.59
2025-10-03,9:58:32.147059855,T,KO,F I,25,66.59
2025-10-03,9:58:32.147063055,T,KO,F I,71,66.59
2025-10-03,9:58:32.147068300,T,KO,F I,63,66.59
2025-10-03,9:58:32.147071872,T,KO,F I,53,66.59
2025-10-03,9:58:32.147077373,T,KO,F I,8,66.59
2025-10-03,9:58:32.147077373,T,KO,F,200,66.59
2025-10-03,9:58:32.147077373,T,KO,F,400,66.59
2025-10-03,9:58:35.068529961,T,KO,F,100,66.59
2025-10-03,9:58:35.068529961,T,KO,F I,38,66.59
2025-10-03,9:58:35.068535799,T,KO,F,100,66.59
2025-10-03,9:58:35.068535799,T,KO,F I,39,66.59
2025-10-03,9:58:35.068752107,T,KO,F I,45,66.59
2025-10-03,9:58:35.068755431,T,KO,F,100,66.59
2025-10-03,9:58:35.068761182,T,KO,F I,70,66.59
2025-10-03,9:58:35.068761182,T,KO,F I,63,66.59
2025-10-03,9:58:35.068764203,T,KO,F I,28,66.59
2025-10-03,9:58:35.068764203,T,KO,F I,11,66.59
2025-10-03,9:58:35.068767142,T,KO,F,100,66.59
2025-10-03,9:58:37.708950345,T,KO,,200,66.595
2025-10-03,9:58:50.002729212,T,KO,I,10,66.595
2025-10-03,9:58:55.563967741,T,KO,I,31,66.59
2025-10-03,9:58:55.563967741,T,KO,I,28,66.59
2025-10-03,9:58:55.563971052,T,KO,I,58,66.59
2025-10-03,9:58:55.563973801,T,KO,,100,66.59
2025-10-03,9:59:01.822582348,T,KO,F I,10,66.59
2025-10-03,9:59:04.676553879,T,KO,F I,26,66.59
2025-10-03,9:59:04.676553879,T,KO,F I,74,66.59
2025-10-03,9:59:04.676557244,T,KO,F I,3,66.59
2025-10-03,9:59:04.676557244,T,KO,F I,4,66.59
2025-10-03,9:59:04.676562917,T,KO,F I,54,66.59
2025-10-03,9:59:23.179043218,T,KO,I,10,66.59
2025-10-03,9:59:23.179079847,T,KO,I,10,66.6
2025-10-03,9:59:23.179082395,T,KO,I,10,66.6
2025-10-03,9:59:23.179362077,T,KO,I,15,66.6
2025-10-03,9:59:42.565314540,T,KO,F I,15,66.6
2025-10-03,9:59:42.565314540,T,KO,F I,10,66.6
2025-10-03,9:59:42.565319693,T,KO,F I,10,66.6
2025-10-03,9:59:53.036722717,T,KO,F I,1,66.61
2025-10-03,9:59:53.036725823,T,KO,F I,5,66.61
2025-10-03,9:59:53.036725823,T,KO,F I,95,66.61
2025-10-03,10:00:00.044044776,T,KO,F I,10,66.61
2025-10-03,10:00:00.049478791,T,KO,I,1,66.62
2025-10-03,10:00:00.178714607,T,KO,I,1,66.62
2025-10-03,10:00:00.192785020,T,KO,F I,4,66.62
2025-10-03,10:00:00.192788085,T,KO,F I,10,66.62
2025-10-03,10:00:01.070675216,T,KO,I,77,66.62
2025-10-03,10:00:01.070675216,T,KO,I,70,66.62
2025-10-03,10:00:01.117842494,T,KO,F I,72,66.62
2025-10-03,10:00:01.117848883,T,KO,F,100,66.62
2025-10-03,10:00:01.192020066,T,KO,I,72,66.62
2025-10-03,10:00:01.708927249,T,KO,F,147,66.61
2025-10-03,10:00:01.708927249,T,KO,F I,3,66.61
2025-10-03,10:00:01.834816168,T,KO,F,200,66.61
2025-10-03,10:00:01.834816168,T,KO,F,100,66.61
2025-10-03,10:00:03.189404218,T,KO,,100,66.62
2025-10-03,10:00:03.189404218,T,KO,,110,66.62
2025-10-03,10:00:03.212589477,T,KO,I,90,66.62
2025-10-03,10:00:05.706904330,T,KO,I,1,66.62
2025-10-03,10:00:09.352664617,T,KO,F I,3,66.63
2025-10-03,10:00:09.352667990,T,KO,F I,31,66.63
2025-10-03,10:00:09.352667990,T,KO,F I,1,66.63
2025-10-03,10:00:09.353750219,T,KO,I,5,66.64
2025-10-03,10:00:09.353750219,T,KO,I,21,66.64
2025-10-03,10:00:09.362299621,T,KO,F I,74,66.64
2025-10-03,10:00:09.362302619,T,KO,F,280,66.63
2025-10-03,10:00:09.613857770,T,KO,F,120,66.63
2025-10-03,10:00:09.613857770,T,KO,F,155,66.63
2025-10-03,10:00:09.613918460,T,KO,I,93,66.63
2025-10-03,10:00:09.613942258,T,KO,,307,66.63
2025-10-03,10:00:09.614910231,T,KO,F I,64,66.63
2025-10-03,10:00:09.614949703,T,KO,I,10,66.63
2025-10-03,10:00:09.614952411,T,KO,,100,66.63
2025-10-03,10:00:09.614952411,T,KO,I,10,66.63
2025-10-03,10:00:09.614955393,T,KO,,205,66.63
2025-10-03,10:00:09.632712667,T,KO,I,92,66.64
2025-10-03,10:00:09.691698220,T,KO,F I,18,66.64
2025-10-03,10:00:09.691698220,T,KO,F,400,66.64
2025-10-03,10:00:09.692634025,T,KO,I,74,66.64
2025-10-03,10:00:09.692636703,T,KO,,200,66.64
2025-10-03,10:00:09.692639470,T,KO,,100,66.64
2025-10-03,10:00:09.692639470,T,KO,I,69,66.64
2025-10-03,10:00:09.692663409,T,KO,I,1,66.64
2025-10-03,10:00:09.692667318,T,KO,I,4,66.64
2025-10-03,10:00:09.692667318,T,KO,I,96,66.64
2025-10-03,10:00:09.920910021,T,KO,I,99,66.64
2025-10-03,10:00:09.920910021,T,KO,I,1,66.64
2025-10-03,10:00:10.024055738,T,KO,I,29,66.64
2025-10-03,10:00:13.830166850,T,KO,F I,74,66.63
2025-10-03,10:00:13.830170491,T,KO,F I,18,66.63
2025-10-03,10:00:13.830173121,T,KO,F I,2,66.63
2025-10-03,10:00:13.830173121,T,KO,F I,7,66.63
2025-10-03,10:00:13.830178927,T,KO,F I,6,66.63
2025-10-03,10:00:13.830266267,T,KO,F I,67,66.63
2025-10-03,10:00:13.830329291,T,KO,F I,61,66.63
2025-10-03,10:00:15.116495616,T,KO,,200,66.63
2025-10-03,10:00:15.116495616,T,KO,,150,66.63
2025-10-03,10:00:15.144011108,T,KO,,119,66.63
2025-10-03,10:00:23.541984048,T,KO,F I,11,66.635
2025-10-03,10:00:24.122925692,T,KO,F I,11,66.64
2025-10-03,10:00:26.472505879,T,KO,F,202,66.645
2025-10-03,10:00:29.989364218,T,KO,F,137,66.64
2025-10-03,10:00:29.989364218,T,KO,F,100,66.64
2025-10-03,10:00:31.587015374,T,KO,F I,4,66.64
2025-10-03,10:00:31.588320480,T,KO,,100,66.64
2025-10-03,10:00:31.588323676,T,KO,I,68,66.64
2025-10-03,10:00:31.588323676,T,KO,I,76,66.64
2025-10-03,10:00:31.868795576,T,KO,F I,68,66.64
2025-10-03,10:00:31.868798509,T,KO,F,100,66.64
2025-10-03,10:00:31.869328262,T,KO,F,100,66.64
2025-10-03,10:00:31.869330755,T,KO,F I,4,66.64
2025-10-03,10:00:31.869340494,T,KO,F,100,66.64
2025-10-03,10:00:32.680125200,T,KO,F I,70,66.63
2025-10-03,10:00:32.680128494,T,KO,F I,8,66.63
2025-10-03,10:00:32.680130973,T,KO,F,100,66.63
2025-10-03,10:00:32.680133944,T,KO,F,200,66.63
2025-10-03,10:00:32.680133944,T,KO,F,200,66.63
2025-10-03,10:00:32.701283337,T,KO,,210,66.625
2025-10-03,10:00:34.212217015,T,KO,,100,66.63
2025-10-03,10:00:34.212217015,T,KO,I,4,66.63
2025-10-03,10:00:34.212220625,T,KO,,100,66.63
2025-10-03,10:00:34.212222971,T,KO,I,18,66.63
2025-10-03,10:00:44.176795636,T,KO,I,38,66.65
2025-10-03,10:00:44.176813209,T,KO,,123,66.65
2025-10-03,10:00:44.176819751,T,KO,F,119,66.65
2025-10-03,10:00:44.176822243,T,KO,F,780,66.65
2025-10-03,10:00:44.176825906,T,KO,,1380,66.65
2025-10-03,10:00:44.176828299,T,KO,I,5,66.65
2025-10-03,10:00:44.179360620,T,KO,F I,50,66.66
2025-10-03,10:00:44.179360620,T,KO,F I,12,66.66
2025-10-03,10:00:47.140351763,T,KO,I,1,66.66
2025-10-03,10:00:52.642014232,T,KO,I,99,66.66
2025-10-03,10:00:52.642017255,T,KO,,100,66.66
2025-10-03,10:00:52.642017255,T,KO,,100,66.66
2025-10-03,10:00:52.642032285,T,KO,I,1,66.66
2025-10-03,10:00:52.642032285,T,KO,I,99,66.66
2025-10-03,10:00:52.642035452,T,KO,I,88,66.66
2025-10-03,10:00:52.642042310,T,KO,I,12,66.66
2025-10-03,10:00:52.642042310,T,KO,,100,66.66
2025-10-03,10:00:52.645887570,T,KO,F I,50,66.65
2025-10-03,10:00:52.645887570,T,KO,F,400,66.65
2025-10-03,10:00:52.647676741,T,KO,I,1,66.65
2025-10-03,10:00:53.783533186,T,KO,,100,66.655
2025-10-03,10:01:06.118392690,T,KO,F,100,66.65
2025-10-03,10:01:06.118392690,T,KO,F I,15,66.65
2025-10-03,10:01:06.118395739,T,KO,F,100,66.65
2025-10-03,10:01:06.118395739,T,KO,F I,4,66.65
2025-10-03,10:01:06.118449838,T,KO,F,100,66.65
2025-10-03,10:01:06.168775255,T,KO,I,10,66.64
2025-10-03,10:01:06.168778144,T,KO,,140,66.64
2025-10-03,10:01:06.168778144,T,KO,,100,66.64
2025-10-03,10:01:08.336054676,T,KO,,100,66.645
2025-10-03,10:01:17.540452277,T,KO,,300,66.645
2025-10-03,10:01:17.545173542,T,KO,I,25,66.64
2025-10-03,10:01:17.547269494,T,KO,,100,66.635
2025-10-03,10:01:21.036744651,T,KO,I,1,66.65
2025-10-03,10:01:21.036783741,T,KO,I,9,66.65
2025-10-03,10:01:23.329059286,T,KO,F I,10,66.65
2025-10-03,10:01:23.329456281,T,KO,I,2,66.65
2025-10-03,10:01:23.329456281,T,KO,I,2,66.65
2025-10-03,10:01:27.743531494,T,KO,F,200,66.65
2025-10-03,10:01:29.651089259,T,KO,F I,4,66.65
2025-10-03,10:01:30.278843446,T,KO,F I,88,66.65
2025-10-03,10:01:30.278845960,T,KO,F,400,66.65
2025-10-03,10:01:30.278845960,T,KO,F I,8,66.65
2025-10-03,10:01:30.278849011,T,KO,F,112,66.65
2025-10-03,10:01:34.245371296,T,KO,I,88,66.65
2025-10-03,10:01:34.245374301,T,KO,I,11,66.65
2025-10-03,10:01:35.650979562,T,KO,F,100,66.65
2025-10-03,10:01:35.676894889,T,KO,,100,66.65
2025-10-03,10:01:35.677547344,T,KO,F,100,66.65
2025-10-03,10:01:35.677550383,T,KO,F,100,66.65
2025-10-03,10:01:35.677553363,T,KO,F,100,66.65
2025-10-03,10:01:37.395647487,T,KO,F I,40,66.66
2025-10-03,10:01:37.395650478,T,KO,F,194,66.66
2025-10-03,10:01:39.351860632,T,KO,F I,10,66.67
2025-10-03,10:01:40.067814893,T,KO,F,100,66.67
2025-10-03,10:01:40.067818504,T,KO,F,100,66.67
2025-10-03,10:01:40.067818504,T,KO,F I,9,66.67
2025-10-03,10:01:40.067821337,T,KO,F I,86,66.67
2025-10-03,10:01:40.067821337,T,KO,F I,33,66.67
2025-10-03,10:01:48.094445279,T,KO,F,100,66.68
2025-10-03,10:01:49.494937942,T,KO,F,400,66.68
2025-10-03,10:01:49.494937942,T,KO,F I,6,66.68
2025-10-03,10:01:49.495946067,T,KO,F,100,66.68
2025-10-03,10:01:49.495946067,T,KO,F,100,66.68
2025-10-03,10:01:49.495952026,T,KO,F,100,66.68
2025-10-03,10:01:49.495952026,T,KO,F I,89,66.68
2025-10-03,10:01:49.495954574,T,KO,F I,68,66.68
2025-10-03,10:01:49.495958317,T,KO,F,100,66.68
2025-10-03,10:01:49.495958317,T,KO,F I,78,66.68
2025-10-03,10:01:49.495988489,T,KO,I,15,66.68
2025-10-03,10:01:49.496351366,T,KO,F,100,66.68
2025-10-03,10:01:52.842318890,T,KO,F,100,66.67
2025-10-03,10:01:53.453110013,T,KO,F I,60,66.67
2025-10-03,10:01:53.453110013,T,KO,F I,2,66.67
2025-10-03,10:01:53.453112784,T,KO,F I,3,66.67
2025-10-03,10:01:53.453112784,T,KO,F I,25,66.67
2025-10-03,10:01:56.479379157,T,KO,F I,10,66.67
2025-10-03,10:01:56.479382510,T,KO,F I,7,66.67
2025-10-03,10:01:58.686916111,T,KO,F,100,66.67
2025-10-03,10:01:58.686916111,T,KO,F I,7,66.67
2025-10-03,10:01:59.000963409,T,KO,,200,66.66
2025-10-03,10:01:59.000963409,T,KO,I,1,66.66
2025-10-03,10:01:59.507931407,T,KO,I,1,66.66
2025-10-03,10:01:59.928161285,T,KO,F I,45,66.66
2025-10-03,10:02:00.125653744,T,KO,,200,66.65
2025-10-03,10:02:00.125653744,T,KO,,100,66.65
2025-10-03,10:02:04.901674004,T,KO,F I,3,66.65
2025-10-03,10:02:04.901677050,T,KO,F,100,66.65
2025-10-03,10:02:08.874941358,T,KO,F I,1,66.64
2025-10-03,10:02:08.874944714,T,KO,F I,52,66.64
2025-10-03,10:02:08.874944714,T,KO,F I,24,66.64
2025-10-03,10:02:08.874947879,T,KO,F,100,66.64
2025-10-03,10:02:08.988224132,T,KO,I,21,66.635
2025-10-03,10:02:09.344738327,T,KO,I,53,66.635
2025-10-03,10:02:23.477369796,T,KO,F I,1,66.63
2025-10-03,10:02:23.477373829,T,KO,F I,52,66.63
2025-10-03,10:02:23.477376293,T,KO,F,100,66.63
2025-10-03,10:02:23.477376293,T,KO,F I,18,66.63
2025-10-03,10:02:23.477438903,T,KO,F I,5,66.63
2025-10-03,10:02:23.480416004,T,KO,I,10,66.62
2025-10-03,10:02:23.480419183,T,KO,I,61,66.62
2025-10-03,10:02:24.305064088,T,KO,F I,51,66.62
2025-10-03,10:02:25.581499852,T,KO,I,4,66.62
2025-10-03,10:02:25.581502343,T,KO,,115,66.62
2025-10-03,10:02:26.555705647,T,KO,I,23,66.615
2025-10-03,10:02:26.558658590,T,KO,I,20,66.615
2025-10-03,10:02:32.728935512,T,KO,F I,3,66.61
2025-10-03,10:02:37.255008712,T,KO,F I,1,66.6
2025-10-03,10:02:38.112443982,T,KO,I,1,66.595
2025-10-03,10:02:38.361836978,T,KO,,100,66.595
2025-10-03,10:02:40.875259317,T,KO,,100,66.6
2025-10-03,10:02:40.883089980,T,KO,I,45,66.605
2025-10-03,10:02:42.090143788,T,KO,F I,14,66.61
2025-10-03,10:02:42.090176928,T,KO,I,88,66.615
2025-10-03,10:02:46.379493994,T,KO,F I,18,66.61
2025-10-03,10:02:49.040622080,T,KO,,220,66.605
2025-10-03,10:02:56.331493143,T,KO,F I,94,66.605
2025-10-03,10:02:56.331496283,T,KO,,336,66.605
2025-10-03,10:02:56.331592329,T,KO,F I,20,66.6
2025-10-03,10:02:56.331592329,T,KO,F I,67,66.6
2025-10-03,10:02:56.331616446,T,KO,I,20,66.6
2025-10-03,10:03:02.454024475,T,KO,F I,66,66.6
2025-10-03,10:03:02.454027595,T,KO,F I,4,66.6
2025-10-03,10:03:04.975620296,T,KO,,200,66.585
2025-10-03,10:03:10.160124440,T,KO,I,2,66.585
2025-10-03,10:03:10.849576589,T,KO,I,6,66.58
2025-10-03,10:03:10.849579508,T,KO,I,17,66.58
2025-10-03,10:03:10.851149256,T,KO,I,2,66.575
2025-10-03,10:03:15.865017969,T,KO,F I,19,66.57
2025-10-03,10:03:15.879214804,T,KO,I,20,66.56
2025-10-03,10:03:15.879253879,T,KO,F I,2,66.56
2025-10-03,10:03:15.879256939,T,KO,F,100,66.56
2025-10-03,10:03:16.009966280,T,KO,I,55,66.555
2025-10-03,10:03:16.089776327,T,KO,I,12,66.555
2025-10-03,10:03:17.684065514,T,KO,,100,66.555
2025-10-03,10:03:22.859340763,T,KO,I,43,66.55
2025-10-03,10:03:22.859343730,T,KO,I,24,66.55
2025-10-03,10:03:22.859346726,T,KO,,400,66.55
2025-10-03,10:03:22.859350153,T,KO,,200,66.55
2025-10-03,10:03:22.859350153,T,KO,,100,66.55
2025-10-03,10:03:22.859362387,T,KO,I,1,66.55
2025-10-03,10:03:22.859418934,T,KO,F I,8,66.55
2025-10-03,10:03:22.859418934,T,KO,F,100,66.55
2025-10-03,10:03:22.861370729,T,KO,I,85,66.55
2025-10-03,10:03:22.861373629,T,KO,I,45,66.55
2025-10-03,10:03:22.861397796,T,KO,F I,55,66.55
2025-10-03,10:03:22.861412730,T,KO,,400,66.56
2025-10-03,10:03:22.862266691,T,KO,F I,8,66.56
2025-10-03,10:03:22.862634667,T,KO,F,100,66.56
2025-10-03,10:03:26.574933441,T,KO,F I,18,66.57
2025-10-03,10:03:26.580674074,T,KO,,150,66.58
2025-10-03,10:03:26.580695166,T,KO,,100,66.58
2025-10-03,10:03:26.580719908,T,KO,F,482,66.58
2025-10-03,10:03:26.580722216,T,KO,F I,83,66.58
2025-10-03,10:03:26.580722216,T,KO,F I,5,66.58
2025-10-03,10:03:26.585007370,T,KO,,340,66.585
2025-10-03,10:03:26.910776272,T,KO,,100,66.585
2025-10-03,10:03:28.037443050,T,KO,,200,66.585
2025-10-03,10:03:31.516098154,T,KO,F I,25,66.58
