DATE,TIME_M,EX,SYM_ROOT,TR_SCOND,SIZE,PRICE
2025-11-05,9:30:00.548410754,T,KO,I,2,68.8
2025-11-05,9:30:00.548416773,T,KO,Q,2,68.8
2025-11-05,9:30:01.139471558,T,KO,,100,68.72
2025-11-05,9:30:01.139775169,T,KO,F,100,68.7
2025-11-05,9:30:01.179950893,T,KO,,100,68.7
2025-11-05,9:30:01.179950893,T,KO,I,7,68.7
2025-11-05,9:30:01.179974999,T,KO,I,18,68.7
2025-11-05,9:30:01.180275701,T,KO,I,2,68.71
2025-11-05,9:30:01.180275701,T,KO,I,98,68.71
2025-11-05,9:30:01.180305753,T,KO,I,1,68.71
2025-11-05,9:30:01.180308800,T,KO,I,1,68.71
2025-11-05,9:30:01.180453099,T,KO,I,25,68.69
2025-11-05,9:30:01.180456083,T,KO,,200,68.69
2025-11-05,9:30:01.180543306,T,KO,,100,68.69
2025-11-05,9:30:01.180964348,T,KO,,100,68.68
2025-11-05,9:30:01.181015402,T,KO,F,404,68.68
2025-11-05,9:30:01.186656956,T,KO,I,77,68.68
2025-11-05,9:30:01.186726696,T,KO,F I,23,68.68
2025-11-05,9:30:01.186726696,T,KO,F I,35,68.68
2025-11-05,9:30:01.187035818,T,KO,I,17,68.68
2025-11-05,9:30:01.187363539,T,KO,,175,68.68
2025-11-05,9:30:01.187366651,T,KO,I,25,68.67
2025-11-05,9:30:01.187366651,T,KO,,100,68.67
2025-11-05,9:30:01.232452980,T,KO,,100,68.68
2025-11-05,9:30:01.232452980,T,KO,I,25,68.68
2025-11-05,9:30:01.247660151,T,KO,F,100,68.69
2025-11-05,9:30:01.314322977,T,KO,,100,68.7
2025-11-05,9:30:01.314349961,T,KO,,109,68.7
2025-11-05,9:30:01.314629667,T,KO,F,100,68.71
2025-11-05,9:30:01.314629667,T,KO,F I,25,68.71
2025-11-05,9:30:01.563336955,T,KO,I,39,68.7
2025-11-05,9:30:01.622157055,T,KO,I,50,68.69
2025-11-05,9:30:02.380737812,T,KO,F I,25,68.72
2025-11-05,9:30:02.381047548,T,KO,F,100,68.73
2025-11-05,9:30:02.381050533,T,KO,F I,25,68.73
2025-11-05,9:30:02.406969243,T,KO,I,1,68.74
2025-11-05,9:30:02.406972219,T,KO,,100,68.74
2025-11-05,9:30:02.406975307,T,KO,,117,68.74
2025-11-05,9:30:02.787002435,T,KO,I,32,68.75
2025-11-05,9:30:02.787811524,T,KO,I,50,68.75
2025-11-05,9:30:02.787913547,T,KO,,100,68.755
2025-11-05,9:30:02.787916589,T,KO,I,25,68.74
2025-11-05,9:30:02.787916589,T,KO,,100,68.74
2025-11-05,9:30:02.787964617,T,KO,,100,68.74
2025-11-05,9:30:02.788024854,T,KO,I,50,68.74
2025-11-05,9:30:02.821359146,T,KO,F I,25,68.74
2025-11-05,9:30:02.821386305,T,KO,I,25,68.74
2025-11-05,9:30:02.821389288,T,KO,I,25,68.74
2025-11-05,9:30:02.821660025,T,KO,I,50,68.74
2025-11-05,9:30:02.821662906,T,KO,I,25,68.74
2025-11-05,9:30:02.862996358,T,KO,F I,1,68.74
2025-11-05,9:30:02.949843187,T,KO,F I,24,68.74
2025-11-05,9:30:03.427488845,T,KO,F,100,68.77
2025-11-05,9:30:03.427488845,T,KO,F I,3,68.77
2025-11-05,9:30:03.428024149,T,KO,I,50,68.77
2025-11-05,9:30:03.428231727,T,KO,I,25,68.76
2025-11-05,9:30:03.428231727,T,KO,I,50,68.76
2025-11-05,9:30:03.428234618,T,KO,,100,68.76
2025-11-05,9:30:03.428237673,T,KO,,100,68.76
2025-11-05,9:30:03.428252611,T,KO,I,1,68.76
2025-11-05,9:30:03.428514219,T,KO,F I,25,68.76
2025-11-05,9:30:03.428896182,T,KO,F I,2,68.76
2025-11-05,9:30:03.428899179,T,KO,F I,2,68.76
2025-11-05,9:30:03.583422253,T,KO,,100,68.76
2025-11-05,9:30:03.864188944,T,KO,I,1,68.78
2025-11-05,9:30:04.448071639,T,KO,F,100,68.79
2025-11-05,9:30:04.448071639,T,KO,F I,26,68.79
2025-11-05,9:30:04.448074893,T,KO,F I,72,68.79
2025-11-05,9:30:04.448074893,T,KO,F I,2,68.78
2025-11-05,9:30:04.448119761,T,KO,F I,98,68.78
2025-11-05,9:30:04.615462242,T,KO,I,50,68.77
2025-11-05,9:30:04.635511012,T,KO,I,5,68.76
2025-11-05,9:30:04.635511012,T,KO,I,9,68.76
2025-11-05,9:30:05.662029882,T,KO,F I,2,68.78
2025-11-05,9:30:05.662032827,T,KO,F,240,68.78
2025-11-05,9:30:06.766590498,T,KO,I,50,68.78
2025-11-05,9:30:07.413467876,T,KO,I,1,68.79
2025-11-05,9:30:07.413470369,T,KO,I,25,68.79
2025-11-05,9:30:07.413473181,T,KO,,286,68.79
2025-11-05,9:30:07.413476229,T,KO,,100,68.79
2025-11-05,9:30:07.448344289,T,KO,I,6,68.8
2025-11-05,9:30:07.514105174,T,KO,I,1,68.81
2025-11-05,9:30:07.514108718,T,KO,I,25,68.81
2025-11-05,9:30:07.515121281,T,KO,,100,68.83
2025-11-05,9:30:07.517848850,T,KO,F I,3,68.84
2025-11-05,9:30:07.558030437,T,KO,I,50,68.83
2025-11-05,9:30:07.558033501,T,KO,I,25,68.83
2025-11-05,9:30:09.003176375,T,KO,F,100,68.8
2025-11-05,9:30:09.003195086,T,KO,I,25,68.8
2025-11-05,9:30:09.003197361,T,KO,I,3,68.8
2025-11-05,9:30:09.022674789,T,KO,,100,68.79
2025-11-05,9:30:09.028388505,T,KO,F,100,68.78
2025-11-05,9:30:10.056239355,T,KO,F I,9,68.76
2025-11-05,9:30:10.058149583,T,KO,I,20,68.76
2025-11-05,9:30:10.058182073,T,KO,,100,68.74
2025-11-05,9:30:10.058807568,T,KO,F,100,68.73
2025-11-05,9:30:10.058810744,T,KO,F I,25,68.73
2025-11-05,9:30:10.058828513,T,KO,I,25,68.75
2025-11-05,9:30:10.058850036,T,KO,F I,3,68.74
2025-11-05,9:30:10.058852574,T,KO,F I,94,68.73
2025-11-05,9:30:10.058858608,T,KO,F I,28,68.75
2025-11-05,9:30:10.058879700,T,KO,F I,72,68.75
2025-11-05,9:30:10.058897704,T,KO,I,25,68.76
2025-11-05,9:30:10.059005985,T,KO,F,100,68.75
2025-11-05,9:30:10.059081213,T,KO,F,100,68.75
2025-11-05,9:30:10.059114208,T,KO,F,200,68.75
2025-11-05,9:30:10.059123309,T,KO,I,6,68.74
2025-11-05,9:30:10.059213621,T,KO,I,9,68.75
2025-11-05,9:30:10.059216452,T,KO,I,5,68.75
2025-11-05,9:30:10.059252521,T,KO,I,18,68.75
2025-11-05,9:30:10.063444550,T,KO,F I,94,68.76
2025-11-05,9:30:10.063447511,T,KO,F I,7,68.75
2025-11-05,9:30:10.064370743,T,KO,F I,25,68.75
2025-11-05,9:30:10.064445975,T,KO,,100,68.75
2025-11-05,9:30:10.064608370,T,KO,I,7,68.75
2025-11-05,9:30:10.064687048,T,KO,F I,5,68.75
2025-11-05,9:30:10.064767679,T,KO,F,100,68.75
2025-11-05,9:30:10.065071409,T,KO,F,100,68.75
2025-11-05,9:30:10.065179662,T,KO,I,25,68.75
2025-11-05,9:30:10.065263967,T,KO,F I,94,68.74
2025-11-05,9:30:10.065266846,T,KO,F,100,68.74
2025-11-05,9:30:10.065266846,T,KO,F I,25,68.74
2025-11-05,9:30:10.065384221,T,KO,I,7,68.75
2025-11-05,9:30:10.065384221,T,KO,I,25,68.75
2025-11-05,9:30:10.065387135,T,KO,,100,68.75
2025-11-05,9:30:10.065444390,T,KO,F I,25,68.75
2025-11-05,9:30:10.065624790,T,KO,F I,2,68.75
2025-11-05,9:30:10.065745083,T,KO,F I,2,68.74
2025-11-05,9:30:10.065745083,T,KO,F I,25,68.74
2025-11-05,9:30:10.065751775,T,KO,,100,68.75
2025-11-05,9:30:10.065751775,T,KO,I,25,68.75
2025-11-05,9:30:10.065970541,T,KO,F I,1,68.74
2025-11-05,9:30:10.066042745,T,KO,I,25,68.75
2025-11-05,9:30:10.066157026,T,KO,F I,25,68.74
2025-11-05,9:30:10.066779466,T,KO,F I,25,68.74
2025-11-05,9:30:10.490455529,T,KO,I,50,68.73
2025-11-05,9:30:11.022302274,T,KO,F,100,68.71
2025-11-05,9:30:11.022777421,T,KO,,100,68.71
2025-11-05,9:30:11.023069060,T,KO,I,94,68.71
2025-11-05,9:30:11.062844764,T,KO,F,344,68.71
2025-11-05,9:30:11.063617681,T,KO,I,25,68.71
2025-11-05,9:30:11.063669562,T,KO,F I,25,68.71
2025-11-05,9:30:11.199475639,T,KO,F I,25,68.7
2025-11-05,9:30:11.199478217,T,KO,F I,75,68.7
2025-11-05,9:30:11.199496261,T,KO,I,1,68.7
2025-11-05,9:30:11.199517377,T,KO,I,24,68.7
2025-11-05,9:30:11.199550446,T,KO,F I,7,68.7
2025-11-05,9:30:11.199562954,T,KO,F I,93,68.7
2025-11-05,9:30:11.199562954,T,KO,F I,7,68.71
2025-11-05,9:30:11.199565612,T,KO,F I,25,68.71
2025-11-05,9:30:11.199917243,T,KO,F I,5,68.7
2025-11-05,9:30:11.199947374,T,KO,I,20,68.7
2025-11-05,9:30:11.200007590,T,KO,I,25,68.7
2025-11-05,9:30:11.200109736,T,KO,I,25,68.71
2025-11-05,9:30:11.200179244,T,KO,F I,25,68.71
2025-11-05,9:30:11.200223979,T,KO,F,100,68.72
2025-11-05,9:30:11.200230016,T,KO,F,100,68.72
2025-11-05,9:30:11.200230016,T,KO,F I,79,68.72
2025-11-05,9:30:11.200232974,T,KO,F I,25,68.72
2025-11-05,9:30:11.200672124,T,KO,F,100,68.72
2025-11-05,9:30:11.200780297,T,KO,F I,25,68.72
2025-11-05,9:30:11.204930860,T,KO,F I,25,68.71
2025-11-05,9:30:11.204996409,T,KO,I,25,68.71
2025-11-05,9:30:11.362914430,T,KO,,100,68.7
2025-11-05,9:30:11.362918003,T,KO,I,25,68.7
2025-11-05,9:30:12.174514431,T,KO,I,25,68.68
2025-11-05,9:30:12.174577641,T,KO,I,7,68.67
2025-11-05,9:30:12.174580675,T,KO,,300,68.67
2025-11-05,9:30:12.174854323,T,KO,I,25,68.68
2025-11-05,9:30:12.294295683,T,KO,F,100,68.67
2025-11-05,9:30:12.294316835,T,KO,I,25,68.67
2025-11-05,9:30:12.294316835,T,KO,I,58,68.67
2025-11-05,9:30:12.294416063,T,KO,F I,42,68.68
2025-11-05,9:30:12.294620524,T,KO,F I,25,68.68
2025-11-05,9:30:12.294633321,T,KO,F,100,68.67
2025-11-05,9:30:12.294633321,T,KO,F I,20,68.67
2025-11-05,9:30:12.294641660,T,KO,I,9,68.68
2025-11-05,9:30:12.294641660,T,KO,I,3,68.68
2025-11-05,9:30:12.294701793,T,KO,F I,12,68.68
2025-11-05,9:30:12.294716721,T,KO,I,13,68.68
2025-11-05,9:30:12.295276114,T,KO,F I,7,68.67
2025-11-05,9:30:12.295279043,T,KO,F,100,68.67
2025-11-05,9:30:12.295522702,T,KO,I,83,68.67
2025-11-05,9:30:12.295534735,T,KO,F I,7,68.67
2025-11-05,9:30:12.295760197,T,KO,F,100,68.68
2025-11-05,9:30:12.295760197,T,KO,F I,25,68.68
2025-11-05,9:30:12.296027813,T,KO,F I,25,68.69
2025-11-05,9:30:12.665584120,T,KO,F,100,68.67
2025-11-05,9:30:12.666910155,T,KO,F I,25,68.67
2025-11-05,9:30:12.667517602,T,KO,F I,25,68.69
2025-11-05,9:30:12.667520693,T,KO,F,100,68.69
2025-11-05,9:30:12.668119142,T,KO,F I,25,68.69
2025-11-05,9:30:12.668158725,T,KO,,100,68.68
2025-11-05,9:30:12.668158725,T,KO,I,25,68.68
2025-11-05,9:30:13.018279074,T,KO,I,7,68.685
2025-11-05,9:30:13.018492513,T,KO,I,7,68.69
2025-11-05,9:30:15.222050723,T,KO,F I,7,68.69
2025-11-05,9:30:16.946213175,T,KO,F,100,68.72
2025-11-05,9:30:16.946213175,T,KO,F I,25,68.72
2025-11-05,9:30:16.947157414,T,KO,F I,36,68.74
2025-11-05,9:30:16.949106077,T,KO,F,100,68.73
2025-11-05,9:30:16.950143445,T,KO,I,41,68.73
2025-11-05,9:30:16.950143445,T,KO,I,41,68.73
2025-11-05,9:30:17.007887560,T,KO,I,39,68.73
2025-11-05,9:30:17.007890443,T,KO,I,2,68.73
2025-11-05,9:30:17.007893444,T,KO,I,25,68.73
2025-11-05,9:30:17.007893444,T,KO,I,2,68.73
2025-11-05,9:30:17.007896058,T,KO,I,2,68.73
2025-11-05,9:30:17.008479728,T,KO,F,100,68.72
2025-11-05,9:30:17.008479728,T,KO,F I,25,68.72
2025-11-05,9:30:17.008482466,T,KO,F,100,68.72
2025-11-05,9:30:17.662708615,T,KO,I,25,68.7
2025-11-05,9:30:17.662708615,T,KO,I,75,68.7
2025-11-05,9:30:17.662726600,T,KO,I,1,68.7
2025-11-05,9:30:17.662726600,T,KO,I,24,68.7
2025-11-05,9:30:17.662729626,T,KO,I,1,68.7
2025-11-05,9:30:19.168487963,T,KO,F I,18,68.7
2025-11-05,9:30:21.900584959,T,KO,I,10,68.71
2025-11-05,9:30:22.490355971,T,KO,F I,18,68.72
2025-11-05,9:30:22.490355971,T,KO,F I,18,68.72
2025-11-05,9:30:22.490355971,T,KO,F I,10,68.72
2025-11-05,9:30:22.490358773,T,KO,F I,18,68.72
2025-11-05,9:30:22.490358773,T,KO,F I,10,68.72
2025-11-05,9:30:24.754793897,T,KO,F I,57,68.75
2025-11-05,9:30:24.755049486,T,KO,F I,25,68.76
2025-11-05,9:30:25.663729894,T,KO,F I,1,68.75
2025-11-05,9:30:25.663733053,T,KO,F,100,68.75
2025-11-05,9:30:25.663733053,T,KO,F I,25,68.75
2025-11-05,9:30:28.681696696,T,KO,F,100,68.72
2025-11-05,9:30:28.682150773,T,KO,,100,68.71
2025-11-05,9:30:29.972364905,T,KO,I,25,68.69
2025-11-05,9:30:29.972367676,T,KO,,100,68.69
2025-11-05,9:30:30.761597303,T,KO,I,68,68.66
2025-11-05,9:30:30.761636494,T,KO,F I,32,68.66
2025-11-05,9:30:30.762613758,T,KO,,100,68.65
2025-11-05,9:30:30.762613758,T,KO,,400,68.65
2025-11-05,9:30:30.762616754,T,KO,I,2,68.65
2025-11-05,9:30:30.762746379,T,KO,,100,68.65
2025-11-05,9:30:30.763639240,T,KO,,100,68.65
2025-11-05,9:30:30.782244575,T,KO,F I,70,68.64
2025-11-05,9:30:30.782274643,T,KO,I,30,68.64
2025-11-05,9:30:30.848053266,T,KO,F,250,68.64
2025-11-05,9:30:30.848053266,T,KO,F,150,68.63
2025-11-05,9:30:30.848068324,T,KO,I,1,68.63
2025-11-05,9:30:30.848263777,T,KO,F,100,68.64
2025-11-05,9:30:30.848338887,T,KO,I,25,68.65
2025-11-05,9:30:30.848718237,T,KO,F I,25,68.66
2025-11-05,9:30:30.849000532,T,KO,,100,68.65
2025-11-05,9:30:32.060922981,T,KO,I,20,68.66
2025-11-05,9:30:33.952142216,T,KO,,280,68.66
2025-11-05,9:30:34.034039276,T,KO,,300,68.66
2025-11-05,9:30:35.331611733,T,KO,I,18,68.66
2025-11-05,9:30:35.332032826,T,KO,F I,82,68.66
2025-11-05,9:30:35.332035781,T,KO,F,100,68.66
2025-11-05,9:30:35.332285400,T,KO,I,18,68.67
2025-11-05,9:30:35.332336500,T,KO,F,100,68.66
2025-11-05,9:30:35.332348845,T,KO,F I,16,68.66
2025-11-05,9:30:35.332357642,T,KO,F,100,68.66
2025-11-05,9:30:35.332363692,T,KO,I,25,68.67
2025-11-05,9:30:35.332429777,T,KO,,100,68.67
2025-11-05,9:30:35.332447750,T,KO,I,1,68.67
2025-11-05,9:30:35.332775513,T,KO,F,100,68.67
2025-11-05,9:30:35.333043552,T,KO,F I,25,68.67
2025-11-05,9:30:35.333142379,T,KO,F I,4,68.67
2025-11-05,9:30:35.333178549,T,KO,,100,68.68
2025-11-05,9:30:35.333185133,T,KO,F,100,68.68
2025-11-05,9:30:35.335746665,T,KO,F I,21,68.67
2025-11-05,9:30:35.335746665,T,KO,F,100,68.67
2025-11-05,9:30:35.335750209,T,KO,F I,52,68.67
2025-11-05,9:30:35.335791751,T,KO,,100,68.67
2025-11-05,9:30:35.335900001,T,KO,F,100,68.67
2025-11-05,9:30:35.335945048,T,KO,,100,68.67
2025-11-05,9:30:35.335975166,T,KO,,100,68.67
2025-11-05,9:30:36.280615037,T,KO,F I,5,68.65
2025-11-05,9:30:41.620483975,T,KO,F I,3,68.61
2025-11-05,9:30:41.637636724,T,KO,I,13,68.6
2025-11-05,9:30:41.641613021,T,KO,I,47,68.6
2025-11-05,9:30:41.641616125,T,KO,I,30,68.59
2025-11-05,9:30:41.641616125,T,KO,I,86,68.59
2025-11-05,9:30:41.641630496,T,KO,F,314,68.59
2025-11-05,9:30:41.641633265,T,KO,F,100,68.59
2025-11-05,9:30:41.641648316,T,KO,F,190,68.59
2025-11-05,9:30:41.653655935,T,KO,I,20,68.595
2025-11-05,9:30:41.710659645,T,KO,F,100,68.61
2025-11-05,9:30:41.765293786,T,KO,I,20,68.62
2025-11-05,9:30:43.013371425,T,KO,F I,25,68.65
2025-11-05,9:30:48.294257902,T,KO,F I,3,68.63
2025-11-05,9:30:48.318215885,T,KO,F I,18,68.615
2025-11-05,9:30:48.334135885,T,KO,F I,18,68.615
2025-11-05,9:30:48.348401875,T,KO,F I,18,68.615
2025-11-05,9:30:48.348425854,T,KO,F I,76,68.62
2025-11-05,9:30:48.348446948,T,KO,F I,15,68.62
2025-11-05,9:30:48.374519034,T,KO,F,100,68.625
2025-11-05,9:30:48.374531016,T,KO,F I,2,68.62
2025-11-05,9:30:48.388556451,T,KO,F,100,68.62
2025-11-05,9:30:48.388580498,T,KO,I,1,68.62
2025-11-05,9:30:48.402241995,T,KO,F I,75,68.62
2025-11-05,9:30:50.287669544,T,KO,F I,29,68.62
2025-11-05,9:30:51.469024168,T,KO,F,300,68.62
2025-11-05,9:30:54.810760341,T,KO,F I,30,68.62
2025-11-05,9:30:55.395656182,T,KO,I,11,68.64
2025-11-05,9:30:55.395761517,T,KO,F I,25,68.65
2025-11-05,9:30:55.395764492,T,KO,F I,11,68.65
2025-11-05,9:30:55.396002378,T,KO,,250,68.65
2025-11-05,9:30:55.396002378,T,KO,,100,68.64
2025-11-05,9:30:55.396368855,T,KO,,100,68.63
2025-11-05,9:30:55.396368855,T,KO,I,25,68.63
2025-11-05,9:30:55.436953553,T,KO,F I,5,68.62
2025-11-05,9:30:55.627063459,T,KO,I,6,68.59
2025-11-05,9:30:55.627066698,T,KO,,100,68.59
2025-11-05,9:30:55.627084442,T,KO,I,1,68.59
2025-11-05,9:30:55.627258847,T,KO,F I,2,68.6
2025-11-05,9:30:55.637865081,T,KO,,127,68.59
2025-11-05,9:30:57.356539405,T,KO,I,10,68.6
2025-11-05,9:31:04.135518777,T,KO,F,100,68.6
2025-11-05,9:31:05.385063764,T,KO,I,7,68.62
2025-11-05,9:31:06.785883998,T,KO,I,10,68.62
2025-11-05,9:31:09.487984507,T,KO,F I,15,68.63
2025-11-05,9:31:09.489292871,T,KO,I,21,68.62
2025-11-05,9:31:09.489292871,T,KO,I,2,68.62
2025-11-05,9:31:09.489298867,T,KO,,100,68.62
2025-11-05,9:31:09.489298867,T,KO,I,25,68.62
2025-11-05,9:31:09.489301647,T,KO,,280,68.62
2025-11-05,9:31:12.095587839,T,KO,I,5,68.6
2025-11-05,9:31:12.095591554,T,KO,,100,68.6
2025-11-05,9:31:12.095591554,T,KO,,295,68.6
2025-11-05,9:31:12.095987854,T,KO,F I,2,68.59
2025-11-05,9:31:12.095990812,T,KO,F I,3,68.59
2025-11-05,9:31:12.095990812,T,KO,F,100,68.59
2025-11-05,9:31:12.096014881,T,KO,F,400,68.59
2025-11-05,9:31:12.106068486,T,KO,F I,34,68.56
2025-11-05,9:31:12.106070887,T,KO,F I,25,68.56
2025-11-05,9:31:12.106073815,T,KO,F,100,68.56
2025-11-05,9:31:12.106073815,T,KO,F,400,68.56
2025-11-05,9:31:15.639546385,T,KO,I,5,68.545
2025-11-05,9:31:16.697523068,T,KO,,300,68.56
2025-11-05,9:31:16.697538107,T,KO,F I,25,68.56
2025-11-05,9:31:16.697538107,T,KO,F I,5,68.56
2025-11-05,9:31:24.841775208,T,KO,I,19,68.56
2025-11-05,9:31:25.081809917,T,KO,F,400,68.58
2025-11-05,9:31:25.081812857,T,KO,F,100,68.58
2025-11-05,9:31:25.082373181,T,KO,F I,8,68.58
2025-11-05,9:31:25.082373181,T,KO,F I,8,68.58
2025-11-05,9:31:25.082375275,T,KO,F I,8,68.58
2025-11-05,9:31:25.082381246,T,KO,F I,8,68.58
2025-11-05,9:31:25.082381246,T,KO,,176,68.58
2025-11-05,9:31:25.082384243,T,KO,,100,68.58
2025-11-05,9:31:25.082946503,T,KO,I,27,68.6
2025-11-05,9:31:25.084823619,T,KO,F I,27,68.61
2025-11-05,9:31:25.084826049,T,KO,F,178,68.61
2025-11-05,9:31:25.085069623,T,KO,F,100,68.61
2025-11-05,9:31:26.777738162,T,KO,F I,25,68.64
2025-11-05,9:31:26.777741085,T,KO,F,100,68.64
2025-11-05,9:31:27.581113442,T,KO,F I,29,68.65
2025-11-05,9:31:29.067060471,T,KO,,100,68.655
2025-11-05,9:31:37.218713241,T,KO,F,100,68.71
2025-11-05,9:31:37.218719825,T,KO,F,100,68.71
2025-11-05,9:31:37.218719825,T,KO,F I,58,68.71
2025-11-05,9:31:37.219004952,T,KO,,100,68.72
2025-11-05,9:31:37.219004952,T,KO,,100,68.72
2025-11-05,9:31:37.219007867,T,KO,I,88,68.72
2025-11-05,9:31:37.658107708,T,KO,I,4,68.73
2025-11-05,9:31:37.969357972,T,KO,I,4,68.72
2025-11-05,9:31:42.061801921,T,KO,F I,1,68.72
2025-11-05,9:31:42.061811178,T,KO,I,1,68.72
2025-11-05,9:31:42.061813908,T,KO,F I,1,68.72
2025-11-05,9:31:43.963817292,T,KO,F I,15,68.71
2025-11-05,9:31:43.963817292,T,KO,F I,77,68.71
2025-11-05,9:31:43.963819918,T,KO,F I,51,68.71
2025-11-05,9:31:43.964667996,T,KO,,190,68.71
2025-11-05,9:31:48.337102684,T,KO,F I,36,68.7
2025-11-05,9:31:48.354390832,T,KO,,100,68.69
2025-11-05,9:31:48.355299004,T,KO,I,90,68.69
2025-11-05,9:31:48.360994586,T,KO,,375,68.69
2025-11-05,9:31:48.361018651,T,KO,I,1,68.69
2025-11-05,9:31:48.361087760,T,KO,,100,68.7
2025-11-05,9:31:48.361090783,T,KO,I,29,68.7
2025-11-05,9:31:48.361463771,T,KO,F I,25,68.69
2025-11-05,9:31:48.363415341,T,KO,F,100,68.69
2025-11-05,9:31:58.237877175,T,KO,I,5,68.7
2025-11-05,9:32:04.028101715,T,KO,I,21,68.69
2025-11-05,9:32:06.011899487,T,KO,F,100,68.69
2025-11-05,9:32:06.011899487,T,KO,F I,1,68.68
2025-11-05,9:32:06.011926590,T,KO,F I,99,68.68
2025-11-05,9:32:06.011926590,T,KO,F I,1,68.68
2025-11-05,9:32:06.011950671,T,KO,I,1,68.68
2025-11-05,9:32:06.012022806,T,KO,F I,44,68.68
2025-11-05,9:32:06.025714703,T,KO,F I,30,68.69
2025-11-05,9:32:06.025714703,T,KO,F I,25,68.69
2025-11-05,9:32:06.025717449,T,KO,F,100,68.69
2025-11-05,9:32:06.025720464,T,KO,F I,63,68.69
2025-11-05,9:32:06.025723401,T,KO,F I,31,68.69
2025-11-05,9:32:06.025840861,T,KO,F I,43,68.7
2025-11-05,9:32:06.025843882,T,KO,F I,25,68.7
2025-11-05,9:32:06.025846778,T,KO,F,100,68.7
2025-11-05,9:32:06.688372732,T,KO,I,14,68.71
2025-11-05,9:32:10.207119258,T,KO,F I,10,68.72
2025-11-05,9:32:11.284122383,T,KO,F,100,68.72
2025-11-05,9:32:12.245872952,T,KO,F,100,68.72
2025-11-05,9:32:19.010745783,T,KO,I,6,68.72
2025-11-05,9:32:19.634431080,T,KO,F I,14,68.72
2025-11-05,9:32:20.816411232,T,KO,F,100,68.73
2025-11-05,9:32:21.168646087,T,KO,F I,52,68.72
2025-11-05,9:32:21.168649056,T,KO,F I,25,68.72
2025-11-05,9:32:21.168652497,T,KO,F,100,68.72
2025-11-05,9:32:21.168652497,T,KO,F I,50,68.72
2025-11-05,9:32:21.168655189,T,KO,F I,49,68.72
2025-11-05,9:32:21.168655189,T,KO,F I,24,68.72
2025-11-05,9:32:21.168664160,T,KO,I,1,68.72
2025-11-05,9:32:21.170041455,T,KO,F,458,68.71
2025-11-05,9:32:21.204118634,T,KO,F I,25,68.69
2025-11-05,9:32:21.204118634,T,KO,F I,13,68.69
2025-11-05,9:32:21.204124573,T,KO,F I,50,68.69
2025-11-05,9:32:25.275759045,T,KO,I,7,68.675
2025-11-05,9:32:26.490177483,T,KO,I,4,68.71
2025-11-05,9:32:26.490177483,T,KO,I,7,68.71
2025-11-05,9:32:29.327885864,T,KO,F I,50,68.73
2025-11-05,9:32:34.190948041,T,KO,I,50,68.72
2025-11-05,9:32:34.191369487,T,KO,F I,25,68.71
2025-11-05,9:32:34.191372144,T,KO,F,100,68.71
2025-11-05,9:32:34.215369221,T,KO,F I,11,68.705
2025-11-05,9:32:34.215393361,T,KO,F I,11,68.705
2025-11-05,9:32:34.454625113,T,KO,F I,11,68.705
2025-11-05,9:32:34.454661268,T,KO,,267,68.705
2025-11-05,9:32:34.454778491,T,KO,F I,11,68.7
2025-11-05,9:32:34.640296254,T,KO,I,2,68.7
2025-11-05,9:32:34.914224719,T,KO,F I,1,68.67
2025-11-05,9:32:34.940940490,T,KO,I,7,68.67
2025-11-05,9:32:34.940943415,T,KO,,100,68.67
2025-11-05,9:32:34.940943415,T,KO,I,34,68.67
2025-11-05,9:32:34.941629179,T,KO,,382,68.68
2025-11-05,9:32:41.362500419,T,KO,F I,1,68.7
2025-11-05,9:32:41.362500419,T,KO,F I,99,68.71
2025-11-05,9:32:41.362506428,T,KO,F I,1,68.71
2025-11-05,9:32:41.372691676,T,KO,F,100,68.7
2025-11-05,9:32:41.372694969,T,KO,F I,25,68.7
2025-11-05,9:32:41.372694969,T,KO,F I,7,68.7
2025-11-05,9:32:50.793760787,T,KO,F I,7,68.71
2025-11-05,9:32:50.793760787,T,KO,F I,16,68.71
2025-11-05,9:32:51.634028025,T,KO,F I,38,68.69
2025-11-05,9:32:51.634154323,T,KO,,128,68.7
2025-11-05,9:32:51.634172373,T,KO,I,1,68.7
2025-11-05,9:32:51.634196393,T,KO,,154,68.7
2025-11-05,9:32:55.543005321,T,KO,F I,6,68.71
2025-11-05,9:32:55.543005321,T,KO,F I,6,68.71
2025-11-05,9:32:56.047991655,T,KO,F,100,68.71
2025-11-05,9:32:56.603483705,T,KO,F I,30,68.72
2025-11-05,9:32:56.603486678,T,KO,F,100,68.72
2025-11-05,9:32:56.603508038,T,KO,I,1,68.72
2025-11-05,9:32:56.603511496,T,KO,F I,99,68.72
2025-11-05,9:32:57.399220799,T,KO,,200,68.73
2025-11-05,9:32:58.864827434,T,KO,I,2,68.74
2025-11-05,9:33:02.131035479,T,KO,F I,8,68.74
2025-11-05,9:33:02.131038567,T,KO,F I,10,68.74
2025-11-05,9:33:02.322931563,T,KO,I,96,68.74
2025-11-05,9:33:02.322946606,T,KO,I,1,68.74
2025-11-05,9:33:02.323409691,T,KO,I,60,68.745
2025-11-05,9:33:02.418580441,T,KO,I,94,68.74
2025-11-05,9:33:02.418580441,T,KO,I,14,68.74
2025-11-05,9:33:02.418598399,T,KO,F I,28,68.74
2025-11-05,9:33:02.418601379,T,KO,F,100,68.74
2025-11-05,9:33:04.155944176,T,KO,F I,97,68.74
2025-11-05,9:33:04.155947294,T,KO,F I,3,68.74
2025-11-05,9:33:04.155965810,T,KO,I,1,68.74
2025-11-05,9:33:05.718724449,T,KO,F,100,68.73
2025-11-05,9:33:05.718724449,T,KO,F I,5,68.73
2025-11-05,9:33:05.718742383,T,KO,I,1,68.73
2025-11-05,9:33:05.718754394,T,KO,F I,99,68.73
2025-11-05,9:33:05.720381253,T,KO,I,6,68.72
2025-11-05,9:33:05.981977302,T,KO,F,100,68.75
2025-11-05,9:33:05.982056025,T,KO,F,100,68.76
2025-11-05,9:33:06.160912453,T,KO,I,89,68.76
2025-11-05,9:33:06.160933504,T,KO,F I,11,68.76
2025-11-05,9:33:06.160936558,T,KO,F,100,68.76
2025-11-05,9:33:06.161540923,T,KO,,100,68.765
2025-11-05,9:33:06.161544197,T,KO,,100,68.76
2025-11-05,9:33:06.161546947,T,KO,,300,68.76
2025-11-05,9:33:06.161568009,T,KO,F,100,68.76
2025-11-05,9:33:06.165531915,T,KO,F I,6,68.75
2025-11-05,9:33:09.400784222,T,KO,F I,8,68.755
2025-11-05,9:33:09.400787119,T,KO,F I,14,68.76
2025-11-05,9:33:09.400789832,T,KO,F,178,68.76
2025-11-05,9:33:09.400832197,T,KO,,190,68.76
2025-11-05,9:33:09.400877119,T,KO,F,223,68.76
2025-11-05,9:33:09.401833291,T,KO,F,100,68.76
2025-11-05,9:33:09.401836310,T,KO,F,100,68.76
2025-11-05,9:33:09.401881456,T,KO,F,100,68.76
2025-11-05,9:33:09.402320474,T,KO,F,100,68.76
2025-11-05,9:33:09.402323487,T,KO,F,100,68.76
2025-11-05,9:33:09.402627147,T,KO,F I,9,68.76
2025-11-05,9:33:09.402702334,T,KO,I,50,68.75
2025-11-05,9:33:09.402894948,T,KO,F,100,68.75
2025-11-05,9:33:09.402897905,T,KO,F I,25,68.75
2025-11-05,9:33:09.402897905,T,KO,F,100,68.76
2025-11-05,9:33:09.402901089,T,KO,F,100,68.76
2025-11-05,9:33:09.402901089,T,KO,F I,6,68.76
2025-11-05,9:33:09.403159420,T,KO,F,100,68.75
2025-11-05,9:33:09.403159420,T,KO,F,100,68.75
2025-11-05,9:33:09.633532187,T,KO,,100,68.745
2025-11-05,9:33:10.128541047,T,KO,,100,68.75
2025-11-05,9:33:10.128556285,T,KO,I,1,68.75
2025-11-05,9:33:10.372311053,T,KO,I,10,68.76
2025-11-05,9:33:10.378186650,T,KO,I,11,68.75
2025-11-05,9:33:12.377116486,T,KO,F I,50,68.76
2025-11-05,9:33:12.480776512,T,KO,I,10,68.76
2025-11-05,9:33:14.764261884,T,KO,F I,12,68.75
2025-11-05,9:33:15.421143749,T,KO,F I,2,68.74
2025-11-05,9:33:23.415145711,T,KO,F I,99,68.75
2025-11-05,9:33:25.647993588,T,KO,F I,64,68.77
2025-11-05,9:33:25.648017796,T,KO,I,36,68.77
2025-11-05,9:33:25.648020616,T,KO,I,36,68.77
2025-11-05,9:33:25.648027003,T,KO,F I,64,68.77
2025-11-05,9:33:25.648027003,T,KO,F I,36,68.77
2025-11-05,9:33:25.648098865,T,KO,I,64,68.77
2025-11-05,9:33:29.362407197,T,KO,I,7,68.76
2025-11-05,9:33:29.362428336,T,KO,F I,2,68.76
2025-11-05,9:33:38.241110415,T,KO,F,178,68.75
2025-11-05,9:33:38.242069680,T,KO,F,100,68.74
2025-11-05,9:33:38.242069680,T,KO,F,458,68.74
2025-11-05,9:33:38.279728691,T,KO,F I,25,68.72
2025-11-05,9:33:38.280408041,T,KO,,100,68.72
2025-11-05,9:33:38.280693751,T,KO,F I,50,68.73
2025-11-05,9:33:38.281102652,T,KO,I,35,68.73
2025-11-05,9:33:38.281180925,T,KO,F I,16,68.73
2025-11-05,9:33:38.286320623,T,KO,F,100,68.73
2025-11-05,9:33:38.286323453,T,KO,F,200,68.73
2025-11-05,9:33:38.286326168,T,KO,F I,25,68.73
2025-11-05,9:33:38.286326168,T,KO,F I,75,68.73
2025-11-05,9:33:38.286342164,T,KO,I,1,68.73
2025-11-05,9:33:40.483887959,T,KO,I,24,68.73
2025-11-05,9:33:40.483894070,T,KO,I,51,68.73
2025-11-05,9:33:40.483894070,T,KO,I,5,68.73
2025-11-05,9:33:40.484176713,T,KO,F I,11,68.73
2025-11-05,9:33:40.548316487,T,KO,I,6,68.735
2025-11-05,9:33:40.574950852,T,KO,I,10,68.735
2025-11-05,9:33:47.385812196,T,KO,F I,13,68.74
2025-11-05,9:34:00.859943214,T,KO,F I,5,68.73
2025-11-05,9:34:00.859943214,T,KO,F I,29,68.73
2025-11-05,9:34:04.175011688,T,KO,F I,3,68.74
2025-11-05,9:34:07.028974288,T,KO,F I,32,68.75
2025-11-05,9:34:07.028977506,T,KO,F,100,68.75
2025-11-05,9:34:07.028979894,T,KO,F I,45,68.75
2025-11-05,9:34:07.162663610,T,KO,I,14,68.75
2025-11-05,9:34:07.274454527,T,KO,F I,20,68.76
2025-11-05,9:34:20.276509955,T,KO,F,100,68.75
2025-11-05,9:34:20.276512268,T,KO,F,481,68.75
2025-11-05,9:34:20.276515390,T,KO,F,400,68.75
2025-11-05,9:34:20.276599537,T,KO,F I,1,68.74
2025-11-05,9:34:21.983079799,T,KO,I,40,68.75
2025-11-05,9:34:31.586253653,T,KO,F I,50,68.75
2025-11-05,9:34:31.586689693,T,KO,,100,68.75
2025-11-05,9:34:31.586689693,T,KO,,100,68.75
2025-11-05,9:34:34.225564575,T,KO,I,2,68.75
2025-11-05,9:34:34.225564575,T,KO,I,6,68.75
2025-11-05,9:34:34.225567545,T,KO,I,8,68.75
2025-11-05,9:34:38.256229390,T,KO,F I,36,68.75
2025-11-05,9:34:38.256232404,T,KO,F,100,68.75
2025-11-05,9:34:38.257462313,T,KO,F I,6,68.74
2025-11-05,9:34:38.257474446,T,KO,F I,44,68.74
2025-11-05,9:34:39.277482643,T,KO,I,22,68.74
2025-11-05,9:34:39.277515686,T,KO,F I,78,68.74
2025-11-05,9:34:39.277518836,T,KO,F I,22,68.74
2025-11-05,9:34:39.277536822,T,KO,I,1,68.74
2025-11-05,9:34:39.277573023,T,KO,F I,30,68.74
2025-11-05,9:34:40.027742720,T,KO,F I,35,68.76
2025-11-05,9:34:40.027745518,T,KO,F,100,68.76
2025-11-05,9:34:40.516364333,T,KO,,100,68.78
2025-11-05,9:34:40.516607863,T,KO,I,25,68.78
2025-11-05,9:34:40.516610938,T,KO,I,50,68.78
2025-11-05,9:34:41.756111962,T,KO,I,28,68.79
2025-11-05,9:34:41.756638161,T,KO,F I,72,68.79
2025-11-05,9:34:41.756641205,T,KO,F I,28,68.79
2025-11-05,9:34:41.756659265,T,KO,I,1,68.79
2025-11-05,9:34:43.974850302,T,KO,I,10,68.785
2025-11-05,9:34:43.974850302,T,KO,I,8,68.785
2025-11-05,9:34:44.277317256,T,KO,I,2,68.785
2025-11-05,9:34:44.277319693,T,KO,I,11,68.79
2025-11-05,9:34:44.611986805,T,KO,F I,60,68.79
2025-11-05,9:34:44.611989784,T,KO,F,100,68.79
2025-11-05,9:34:58.747976599,T,KO,F,100,68.8
2025-11-05,9:34:58.747979334,T,KO,F I,48,68.8
2025-11-05,9:35:01.775854780,T,KO,I,8,68.79
2025-11-05,9:35:01.800194700,T,KO,F I,51,68.785
2025-11-05,9:35:02.904659214,T,KO,I,10,68.785
2025-11-05,9:35:04.154583411,T,KO,F I,1,68.78
2025-11-05,9:35:04.154583411,T,KO,F I,50,68.78
2025-11-05,9:35:04.154869097,T,KO,F I,50,68.78
2025-11-05,9:35:04.158411191,T,KO,F I,50,68.77
2025-11-05,9:35:04.158693948,T,KO,I,50,68.77
2025-11-05,9:35:04.654707413,T,KO,I,10,68.765
2025-11-05,9:35:04.880770779,T,KO,I,50,68.76
2025-11-05,9:35:09.413342713,T,KO,F,100,68.75
2025-11-05,9:35:09.413342713,T,KO,F I,25,68.75
2025-11-05,9:35:09.413347038,T,KO,F I,52,68.75
2025-11-05,9:35:09.413351786,T,KO,F,177,68.75
2025-11-05,9:35:09.413357777,T,KO,F I,13,68.75
2025-11-05,9:35:10.245773370,T,KO,I,20,68.745
2025-11-05,9:35:10.676895349,T,KO,,500,68.74
2025-11-05,9:35:10.676895349,T,KO,,215,68.74
2025-11-05,9:35:10.681472421,T,KO,F,100,68.73
2025-11-05,9:35:10.681887008,T,KO,,100,68.73
2025-11-05,9:35:10.681887008,T,KO,I,40,68.73
2025-11-05,9:35:10.681935738,T,KO,I,40,68.73
2025-11-05,9:35:10.681938101,T,KO,I,50,68.73
2025-11-05,9:35:10.713336382,T,KO,F I,40,68.73
2025-11-05,9:35:10.713338923,T,KO,F I,50,68.73
2025-11-05,9:35:12.909304670,T,KO,F I,54,68.75
2025-11-05,9:35:13.340708615,T,KO,I,40,68.76
2025-11-05,9:35:14.045837114,T,KO,,100,68.75
2025-11-05,9:35:14.045840491,T,KO,I,8,68.75
2025-11-05,9:35:14.045854926,T,KO,F I,6,68.75
2025-11-05,9:35:14.045858396,T,KO,,113,68.75
2025-11-05,9:35:14.045861001,T,KO,I,1,68.75
2025-11-05,9:35:14.059531525,T,KO,I,20,68.74
2025-11-05,9:35:17.970087187,T,KO,F I,50,68.75
2025-11-05,9:35:23.342147767,T,KO,I,2,68.75
2025-11-05,9:35:25.294106704,T,KO,F,110,68.75
2025-11-05,9:35:25.294108724,T,KO,F I,31,68.74
2025-11-05,9:35:25.294126690,T,KO,F I,3,68.74
2025-11-05,9:35:25.680150065,T,KO,I,13,68.73
2025-11-05,9:35:25.744022227,T,KO,F I,36,68.72
2025-11-05,9:35:34.244509142,T,KO,I,20,68.7
2025-11-05,9:35:34.244512115,T,KO,I,21,68.7
2025-11-05,9:35:34.246069359,T,KO,F I,17,68.69
2025-11-05,9:35:34.246072294,T,KO,F I,31,68.69
2025-11-05,9:35:34.760564708,T,KO,F I,51,68.68
2025-11-05,9:35:35.358024662,T,KO,F I,24,68.67
2025-11-05,9:35:35.377441941,T,KO,F I,40,68.67
2025-11-05,9:35:35.377441941,T,KO,F I,50,68.67
2025-11-05,9:35:38.524945280,T,KO,F I,40,68.67
2025-11-05,9:35:38.524948242,T,KO,F,280,68.67
2025-11-05,9:35:38.938168397,T,KO,F I,50,68.67
2025-11-05,9:35:38.938189484,T,KO,F I,50,68.67
2025-11-05,9:35:39.419407570,T,KO,I,16,68.675
2025-11-05,9:35:39.422721513,T,KO,I,10,68.675
2025-11-05,9:35:39.635511285,T,KO,I,42,68.675
2025-11-05,9:35:39.739974097,T,KO,I,24,68.675
2025-11-05,9:35:40.715813165,T,KO,I,14,68.675
2025-11-05,9:35:40.716844711,T,KO,F I,80,68.68
2025-11-05,9:35:40.716848337,T,KO,F I,50,68.68
2025-11-05,9:35:40.716850630,T,KO,F I,12,68.68
2025-11-05,9:35:42.191758435,T,KO,I,10,68.69
2025-11-05,9:35:45.210504911,T,KO,F I,10,68.66
2025-11-05,9:35:47.682950761,T,KO,F I,10,68.66
2025-11-05,9:35:49.818821382,T,KO,I,7,68.67
2025-11-05,9:35:49.818823720,T,KO,I,2,68.67
2025-11-05,9:35:50.163215945,T,KO,I,7,68.66
2025-11-05,9:35:50.163219007,T,KO,,233,68.67
2025-11-05,9:35:50.631686670,T,KO,I,10,68.66
2025-11-05,9:35:50.936441519,T,KO,I,10,68.66
2025-11-05,9:35:55.348865538,T,KO,I,10,68.66
2025-11-05,9:35:57.367525299,T,KO,I,10,68.66
2025-11-05,9:35:57.367528365,T,KO,I,40,68.66
2025-11-05,9:36:01.511716502,T,KO,F I,10,68.66
2025-11-05,9:36:01.511716502,T,KO,F,130,68.66
2025-11-05,9:36:01.513343317,T,KO,I,45,68.67
2025-11-05,9:36:01.533428188,T,KO,F I,10,68.67
2025-11-05,9:36:01.754827454,T,KO,I,10,68.67
2025-11-05,9:36:05.192278508,T,KO,F I,17,68.68
2025-11-05,9:36:05.192281315,T,KO,F I,14,68.68
2025-11-05,9:36:05.224046043,T,KO,,100,68.69
2025-11-05,9:36:05.821413299,T,KO,I,13,68.69
2025-11-05,9:36:05.821415763,T,KO,I,57,68.69
2025-11-05,9:36:05.995163567,T,KO,I,10,68.69
2025-11-05,9:36:05.997707640,T,KO,,100,68.69
2025-11-05,9:36:06.203716259,T,KO,I,10,68.69
2025-11-05,9:36:06.692945505,T,KO,I,30,68.69
2025-11-05,9:36:07.119502382,T,KO,I,2,68.69
2025-11-05,9:36:07.991371977,T,KO,I,30,68.69
2025-11-05,9:36:09.690162885,T,KO,F I,12,68.7
2025-11-05,9:36:09.690162885,T,KO,F I,12,68.7
2025-11-05,9:36:09.930675721,T,KO,I,30,68.7
2025-11-05,9:36:18.211071154,T,KO,I,10,68.72
2025-11-05,9:36:22.778418103,T,KO,F I,2,68.74
2025-11-05,9:36:22.802899514,T,KO,F,100,68.75
2025-11-05,9:36:26.261671221,T,KO,I,5,68.75
2025-11-05,9:36:29.893441865,T,KO,F,448,68.74
2025-11-05,9:36:29.893460009,T,KO,F I,68,68.74
2025-11-05,9:36:29.895035667,T,KO,I,20,68.73
2025-11-05,9:36:38.290908926,T,KO,I,20,68.72
2025-11-05,9:36:49.829780795,T,KO,F I,9,68.74
2025-11-05,9:36:49.829804851,T,KO,F I,1,68.74
2025-11-05,9:36:49.829804851,T,KO,F I,10,68.74
2025-11-05,9:36:49.830788220,T,KO,F I,46,68.75
2025-11-05,9:36:49.831125663,T,KO,,100,68.75
2025-11-05,9:36:49.831125663,T,KO,I,45,68.75
2025-11-05,9:36:49.831822917,T,KO,F I,45,68.75
2025-11-05,9:36:49.831825584,T,KO,F I,45,68.75
2025-11-05,9:36:51.016900189,T,KO,I,49,68.76
2025-11-05,9:36:51.016903136,T,KO,I,51,68.76
2025-11-05,9:36:54.391684696,T,KO,I,45,68.765
2025-11-05,9:36:54.391955401,T,KO,F I,45,68.76
2025-11-05,9:36:57.160303537,T,KO,I,10,68.75
2025-11-05,9:36:57.160306584,T,KO,I,8,68.75
2025-11-05,9:36:57.160354638,T,KO,I,2,68.75
2025-11-05,9:37:02.746570133,T,KO,F I,29,68.74
2025-11-05,9:37:02.746570133,T,KO,F I,18,68.74
2025-11-05,9:37:02.746594087,T,KO,F I,26,68.74
2025-11-05,9:37:02.746615213,T,KO,F I,74,68.74
2025-11-05,9:37:03.451845881,T,KO,I,23,68.73
2025-11-05,9:37:08.263263056,T,KO,F,215,68.71
2025-11-05,9:37:08.263647981,T,KO,F I,25,68.7
2025-11-05,9:37:11.957203978,T,KO,F,122,68.7
2025-11-05,9:37:11.957203978,T,KO,F,400,68.7
2025-11-05,9:37:20.529044892,T,KO,I,63,68.69
2025-11-05,9:37:20.529543689,T,KO,F I,21,68.69
2025-11-05,9:37:21.064189945,T,KO,I,91,68.69
2025-11-05,9:37:21.341309011,T,KO,F I,20,68.7
2025-11-05,9:37:21.341312056,T,KO,F I,67,68.7
2025-11-05,9:37:21.341312056,T,KO,F I,10,68.7
2025-11-05,9:37:22.366198140,T,KO,F,100,68.71
2025-11-05,9:37:35.315693783,T,KO,F,110,68.69
2025-11-05,9:37:38.028250333,T,KO,I,8,68.68
2025-11-05,9:37:46.008542768,T,KO,F I,17,68.65
2025-11-05,9:37:46.048396694,T,KO,F I,25,68.66
2025-11-05,9:37:46.048396694,T,KO,F I,48,68.66
2025-11-05,9:37:46.233791207,T,KO,I,48,68.66
2025-11-05,9:37:49.965959114,T,KO,,100,68.65
2025-11-05,9:37:50.137755298,T,KO,F I,1,68.64
2025-11-05,9:37:50.137755298,T,KO,F I,99,68.64
2025-11-05,9:37:50.137773194,T,KO,I,1,68.64
2025-11-05,9:37:50.137779284,T,KO,I,1,68.64
2025-11-05,9:37:50.137779284,T,KO,,100,68.64
2025-11-05,9:37:50.137782823,T,KO,,100,68.64
2025-11-05,9:37:50.137818726,T,KO,F,100,68.64
2025-11-05,9:37:50.137840049,T,KO,F I,46,68.64
2025-11-05,9:37:50.137840049,T,KO,I,1,68.64
2025-11-05,9:37:50.137842463,T,KO,F I,24,68.64
2025-11-05,9:37:50.138095868,T,KO,I,3,68.645
2025-11-05,9:37:50.138287521,T,KO,F I,46,68.65
2025-11-05,9:37:50.138290452,T,KO,F I,15,68.65
2025-11-05,9:37:50.138294799,T,KO,F I,8,68.65
2025-11-05,9:37:50.138294799,T,KO,F I,37,68.65
2025-11-05,9:37:50.138299495,T,KO,F I,64,68.65
2025-11-05,9:37:50.138299495,T,KO,F,100,68.65
2025-11-05,9:37:50.219815042,T,KO,I,9,68.66
2025-11-05,9:37:50.219815042,T,KO,I,50,68.66
2025-11-05,9:37:50.478418599,T,KO,F,100,68.65
2025-11-05,9:37:50.478436559,T,KO,I,57,68.65
2025-11-05,9:38:02.420662120,T,KO,F,100,68.66
2025-11-05,9:38:02.420665288,T,KO,F,100,68.66
2025-11-05,9:38:02.420665288,T,KO,F,100,68.66
2025-11-05,9:38:02.420668150,T,KO,F I,50,68.66
2025-11-05,9:38:04.586865359,T,KO,F,100,68.66
2025-11-05,9:38:04.586878143,T,KO,I,1,68.66
2025-11-05,9:38:04.586880442,T,KO,F I,34,68.66
2025-11-05,9:38:04.606111304,T,KO,F I,30,68.66
2025-11-05,9:38:06.014702057,T,KO,F I,1,68.68
2025-11-05,9:38:06.014702057,T,KO,F I,1,68.68
2025-11-05,9:38:08.005494458,T,KO,I,2,68.68
2025-11-05,9:38:08.217595705,T,KO,I,3,68.68
2025-11-05,9:38:10.613759615,T,KO,F I,10,68.68
2025-11-05,9:38:11.013140985,T,KO,I,45,68.69
2025-11-05,9:38:11.013140985,T,KO,I,9,68.69
2025-11-05,9:38:11.042665805,T,KO,F I,45,68.7
2025-11-05,9:38:11.042668074,T,KO,F I,18,68.7
2025-11-05,9:38:12.709778657,T,KO,F I,70,68.71
2025-11-05,9:38:12.709796712,T,KO,F I,10,68.71
2025-11-05,9:38:12.709823724,T,KO,I,44,68.71
2025-11-05,9:38:16.954610465,T,KO,F,100,68.71
2025-11-05,9:38:16.958631017,T,KO,I,9,68.71
2025-11-05,9:38:21.089671708,T,KO,F I,10,68.705
2025-11-05,9:38:21.089680745,T,KO,F I,39,68.71
2025-11-05,9:38:21.089683813,T,KO,I,5,68.71
2025-11-05,9:38:31.417285722,T,KO,F I,10,68.69
2025-11-05,9:38:33.673787919,T,KO,F I,40,68.7
2025-11-05,9:38:36.639811862,T,KO,I,3,68.69
2025-11-05,9:38:37.249508013,T,KO,F,100,68.68
2025-11-05,9:38:41.453715963,T,KO,I,10,68.68
2025-11-05,9:38:41.453719519,T,KO,I,40,68.68
2025-11-05,9:38:41.453722277,T,KO,I,45,68.69
2025-11-05,9:38:41.453722277,T,KO,I,10,68.69
2025-11-05,9:38:41.453725112,T,KO,I,52,68.69
2025-11-05,9:38:41.453734005,T,KO,I,1,68.69
2025-11-05,9:38:42.251621306,T,KO,I,4,68.69
2025-11-05,9:38:42.251645417,T,KO,I,29,68.69
2025-11-05,9:38:42.277940001,T,KO,F I,1,68.69
2025-11-05,9:38:43.936501182,T,KO,I,25,68.68
2025-11-05,9:38:44.793776941,T,KO,I,1,68.67
2025-11-05,9:38:44.796684956,T,KO,F I,1,68.66
2025-11-05,9:38:44.796700593,T,KO,F I,1,68.66
2025-11-05,9:38:44.796700593,T,KO,F I,1,68.66
2025-11-05,9:38:44.796754083,T,KO,F I,1,68.66
2025-11-05,9:38:44.796799148,T,KO,F I,1,68.66
2025-11-05,9:38:45.767863263,T,KO,I,10,68.665
2025-11-05,9:38:50.009934125,T,KO,I,21,68.68
2025-11-05,9:38:50.485619078,T,KO,I,10,68.68
2025-11-05,9:38:50.694343114,T,KO,I,10,68.68
2025-11-05,9:38:50.895290833,T,KO,I,20,68.68
2025-11-05,9:38:50.897744568,T,KO,I,10,68.68
2025-11-05,9:38:50.915023744,T,KO,I,12,68.68
2025-11-05,9:38:51.266678322,T,KO,I,10,68.68
2025-11-05,9:38:52.259634271,T,KO,,110,68.68
2025-11-05,9:38:53.045336519,T,KO,I,3,68.68
2025-11-05,9:38:53.512748766,T,KO,I,40,68.69
2025-11-05,9:38:53.675568538,T,KO,,100,68.7
2025-11-05,9:38:53.676531258,T,KO,I,43,68.7
2025-11-05,9:38:53.676531258,T,KO,I,37,68.7
2025-11-05,9:38:53.693768399,T,KO,,100,68.69
2025-11-05,9:38:53.693770938,T,KO,I,3,68.69
2025-11-05,9:38:53.693788942,T,KO,I,1,68.69
2025-11-05,9:38:54.860240088,T,KO,I,43,68.69
2025-11-05,9:38:57.598956111,T,KO,F I,2,68.69
2025-11-05,9:38:57.598956111,T,KO,F I,2,68.69
2025-11-05,9:38:57.599010397,T,KO,I,4,68.69
2025-11-05,9:39:08.869128951,T,KO,F I,32,68.69
2025-11-05,9:39:12.041246012,T,KO,I,5,68.69
2025-11-05,9:39:12.041249021,T,KO,I,5,68.69
2025-11-05,9:39:19.987058625,T,KO,I,6,68.695
2025-11-05,9:39:19.987058625,T,KO,I,6,68.695
2025-11-05,9:39:19.987133773,T,KO,F I,3,68.7
2025-11-05,9:39:20.014513959,T,KO,I,73,68.7
2025-11-05,9:39:23.757799365,T,KO,F I,24,68.7
2025-11-05,9:39:23.757802371,T,KO,F I,2,68.7
2025-11-05,9:39:23.757805474,T,KO,F I,10,68.7
2025-11-05,9:39:23.759579604,T,KO,I,4,68.71
2025-11-05,9:39:23.759934488,T,KO,I,9,68.71
2025-11-05,9:39:25.574639619,T,KO,F I,4,68.72
2025-11-05,9:39:26.764567680,T,KO,I,84,68.72
2025-11-05,9:39:28.549964857,T,KO,I,40,68.72
2025-11-05,9:39:28.671902339,T,KO,F,280,68.72
2025-11-05,9:39:37.098837033,T,KO,F I,35,68.71
2025-11-05,9:39:37.099693715,T,KO,I,21,68.7
2025-11-05,9:39:37.111686276,T,KO,,100,68.69
2025-11-05,9:39:37.159734808,T,KO,I,1,68.68
2025-11-05,9:39:38.110867014,T,KO,F I,29,68.66
2025-11-05,9:39:40.296382239,T,KO,I,1,68.655
2025-11-05,9:39:40.430435553,T,KO,I,6,68.66
2025-11-05,9:39:40.430570877,T,KO,I,44,68.66
2025-11-05,9:39:40.430576824,T,KO,I,18,68.66
2025-11-05,9:39:40.430576824,T,KO,I,58,68.66
2025-11-05,9:39:40.430579844,T,KO,,100,68.66
2025-11-05,9:39:40.430646081,T,KO,I,1,68.66
2025-11-05,9:39:41.885721639,T,KO,,100,68.665
2025-11-05,9:39:45.198107646,T,KO,I,3,68.665
2025-11-05,9:39:45.935878750,T,KO,,110,68.665
2025-11-05,9:39:45.956261312,T,KO,I,3,68.665
2025-11-05,9:39:50.004920983,T,KO,I,1,68.665
2025-11-05,9:39:50.005239707,T,KO,I,19,68.665
2025-11-05,9:39:50.005239707,T,KO,I,25,68.665
2025-11-05,9:39:58.461587150,T,KO,I,13,68.66
2025-11-05,9:39:58.461602187,T,KO,F I,22,68.66
2025-11-05,9:39:59.698793686,T,KO,F I,5,68.66
2025-11-05,9:39:59.698797087,T,KO,F I,9,68.66
2025-11-05,9:39:59.698797087,T,KO,F I,50,68.66
2025-11-05,9:39:59.698802794,T,KO,F,100,68.66
2025-11-05,9:39:59.698802794,T,KO,F I,50,68.66
2025-11-05,9:40:00.063908602,T,KO,I,1,68.67
2025-11-05,9:40:00.063908602,T,KO,I,63,68.67
2025-11-05,9:40:00.063911375,T,KO,I,10,68.67
2025-11-05,9:40:01.260692813,T,KO,I,17,68.67
2025-11-05,9:40:03.542485238,T,KO,I,7,68.66
2025-11-05,9:40:03.780772898,T,KO,I,26,68.66
2025-11-05,9:40:07.862372918,T,KO,F I,1,68.65
2025-11-05,9:40:07.862372918,T,KO,F I,1,68.65
2025-11-05,9:40:07.864114232,T,KO,F I,1,68.64
2025-11-05,9:40:10.112454944,T,KO,I,71,68.645
2025-11-05,9:40:10.112457891,T,KO,I,30,68.65
2025-11-05,9:40:10.112476402,T,KO,F I,20,68.65
2025-11-05,9:40:10.112476402,T,KO,F I,26,68.65
2025-11-05,9:40:10.112481987,T,KO,F I,52,68.65
2025-11-05,9:40:10.113302908,T,KO,F I,2,68.65
2025-11-05,9:40:10.113305900,T,KO,F I,1,68.65
2025-11-05,9:40:10.113348175,T,KO,F I,32,68.65
2025-11-05,9:40:10.113351047,T,KO,F,100,68.65
2025-11-05,9:40:10.113441254,T,KO,F,100,68.65
2025-11-05,9:40:14.450165942,T,KO,F I,33,68.65
2025-11-05,9:40:15.161461910,T,KO,I,30,68.66
2025-11-05,9:40:17.757674323,T,KO,F,100,68.65
2025-11-05,9:40:19.607010515,T,KO,F,100,68.64
2025-11-05,9:40:20.322648248,T,KO,,110,68.62
2025-11-05,9:40:20.354031012,T,KO,I,90,68.62
2025-11-05,9:40:20.433630660,T,KO,F,110,68.62
2025-11-05,9:40:21.163450820,T,KO,I,30,68.62
2025-11-05,9:40:22.488637991,T,KO,I,35,68.615
2025-11-05,9:40:22.640280098,T,KO,F I,10,68.62
2025-11-05,9:40:26.198877566,T,KO,I,5,68.62
2025-11-05,9:40:27.880344512,T,KO,I,26,68.62
2025-11-05,9:40:28.132753490,T,KO,I,2,68.62
2025-11-05,9:40:28.132753490,T,KO,I,1,68.62
2025-11-05,9:40:28.796046270,T,KO,F I,8,68.62
2025-11-05,9:40:28.796049954,T,KO,F,110,68.62
2025-11-05,9:40:28.796052177,T,KO,F I,5,68.62
2025-11-05,9:40:28.796596473,T,KO,,110,68.62
2025-11-05,9:40:28.997805658,T,KO,,110,68.61
2025-11-05,9:40:30.575471241,T,KO,,110,68.61
2025-11-05,9:40:30.589797430,T,KO,I,10,68.61
2025-11-05,9:40:32.867415930,T,KO,I,5,68.61
2025-11-05,9:40:33.071133149,T,KO,F I,5,68.62
2025-11-05,9:40:38.006463574,T,KO,F I,2,68.6
2025-11-05,9:40:38.006948576,T,KO,I,15,68.6
2025-11-05,9:40:38.006948576,T,KO,I,11,68.6
2025-11-05,9:40:38.006951344,T,KO,,125,68.6
2025-11-05,9:40:38.022396120,T,KO,F I,33,68.6
2025-11-05,9:40:38.022396120,T,KO,F I,76,68.6
2025-11-05,9:40:38.022399213,T,KO,F,100,68.6
2025-11-05,9:40:38.022399213,T,KO,I,7,68.6
2025-11-05,9:40:38.022432196,T,KO,I,5,68.61
2025-11-05,9:40:38.022434631,T,KO,I,11,68.61
2025-11-05,9:40:38.023613565,T,KO,I,6,68.61
2025-11-05,9:40:38.023613565,T,KO,I,33,68.61
2025-11-05,9:40:38.023616909,T,KO,,100,68.61
2025-11-05,9:40:39.551772066,T,KO,,100,68.6
2025-11-05,9:40:41.622233298,T,KO,F I,2,68.61
2025-11-05,9:40:41.622236567,T,KO,F I,22,68.61
2025-11-05,9:40:41.622240130,T,KO,F I,82,68.61
2025-11-05,9:40:41.622240130,T,KO,F,110,68.61
2025-11-05,9:40:41.622242216,T,KO,F I,3,68.61
2025-11-05,9:40:41.623210560,T,KO,,100,68.61
2025-11-05,9:40:41.623213538,T,KO,,100,68.61
2025-11-05,9:40:41.686219643,T,KO,F I,34,68.61
2025-11-05,9:40:44.777889040,T,KO,I,14,68.61
2025-11-05,9:40:44.777913118,T,KO,I,20,68.61
2025-11-05,9:40:44.777967221,T,KO,I,33,68.61
2025-11-05,9:40:45.536466702,T,KO,I,20,68.61
2025-11-05,9:40:45.536872701,T,KO,F I,13,68.61
2025-11-05,9:40:45.733547204,T,KO,I,10,68.61
2025-11-05,9:40:46.437166007,T,KO,I,3,68.61
2025-11-05,9:40:48.979156215,T,KO,I,1,68.61
2025-11-05,9:40:49.681214285,T,KO,I,42,68.61
2025-11-05,9:40:57.063373380,T,KO,I,41,68.61
2025-11-05,9:40:58.147816272,T,KO,I,4,68.605
2025-11-05,9:40:59.728239382,T,KO,,100,68.6
2025-11-05,9:41:00.376264681,T,KO,F I,3,68.59
2025-11-05,9:41:00.376324826,T,KO,I,34,68.59
2025-11-05,9:41:00.376327922,T,KO,,100,68.59
2025-11-05,9:41:00.376366997,T,KO,I,34,68.59
2025-11-05,9:41:00.376370037,T,KO,I,34,68.59
2025-11-05,9:41:00.391989526,T,KO,I,34,68.58
2025-11-05,9:41:00.391992144,T,KO,I,10,68.58
2025-11-05,9:41:00.392665745,T,KO,F I,34,68.58
2025-11-05,9:41:00.431530382,T,KO,I,20,68.58
2025-11-05,9:41:00.915181267,T,KO,,100,68.57
2025-11-05,9:41:01.337440902,T,KO,I,10,68.57
2025-11-05,9:41:01.555294780,T,KO,,110,68.575
2025-11-05,9:41:02.224298195,T,KO,I,40,68.575
2025-11-05,9:41:05.827588059,T,KO,F I,14,68.58
2025-11-05,9:41:05.827591090,T,KO,F I,5,68.58
2025-11-05,9:41:06.391199470,T,KO,F I,4,68.59
2025-11-05,9:41:06.391199470,T,KO,F I,49,68.59
2025-11-05,9:41:06.607390341,T,KO,I,10,68.59
2025-11-05,9:41:24.419807980,T,KO,,100,68.56
2025-11-05,9:41:24.483469403,T,KO,F I,25,68.57
2025-11-05,9:41:24.483469403,T,KO,F I,4,68.57
2025-11-05,9:41:24.483471988,T,KO,F I,28,68.57
2025-11-05,9:41:28.545047436,T,KO,I,6,68.59
2025-11-05,9:41:30.083063374,T,KO,,100,68.58
2025-11-05,9:41:32.220993338,T,KO,F I,63,68.59
2025-11-05,9:41:33.061074188,T,KO,,100,68.58
2025-11-05,9:41:39.960340116,T,KO,F,100,68.57
2025-11-05,9:41:40.081531733,T,KO,,100,68.575
2025-11-05,9:41:40.343353339,T,KO,I,26,68.575
2025-11-05,9:41:40.343380384,T,KO,I,8,68.575
2025-11-05,9:41:41.842724371,T,KO,F I,70,68.58
2025-11-05,9:41:44.647053742,T,KO,F I,2,68.6
2025-11-05,9:41:44.647053742,T,KO,F I,3,68.6
2025-11-05,9:41:44.647056537,T,KO,F,100,68.6
2025-11-05,9:41:44.647059423,T,KO,F I,1,68.6
2025-11-05,9:41:57.208661344,T,KO,I,8,68.575
2025-11-05,9:41:57.209722876,T,KO,I,5,68.575
2025-11-05,9:41:57.209722876,T,KO,I,3,68.575
2025-11-05,9:42:01.155297327,T,KO,I,5,68.575
2025-11-05,9:42:01.155297327,T,KO,I,6,68.575
2025-11-05,9:42:01.155300025,T,KO,I,89,68.575
2025-11-05,9:42:01.160764044,T,KO,I,5,68.575
2025-11-05,9:42:01.167836850,T,KO,I,6,68.575
2025-11-05,9:42:02.850680837,T,KO,I,10,68.575
2025-11-05,9:42:02.850720722,T,KO,F I,1,68.58
2025-11-05,9:42:04.829540873,T,KO,I,2,68.605
2025-11-05,9:42:06.191860524,T,KO,F I,8,68.605
2025-11-05,9:42:06.191863536,T,KO,F I,2,68.61
2025-11-05,9:42:06.996547244,T,KO,I,25,68.61
2025-11-05,9:42:07.006028692,T,KO,I,10,68.605
2025-11-05,9:42:07.391579943,T,KO,F I,17,68.6
2025-11-05,9:42:09.850708076,T,KO,F I,8,68.6
2025-11-05,9:42:09.850708076,T,KO,F I,6,68.6
2025-11-05,9:42:09.850710778,T,KO,F I,17,68.6
2025-11-05,9:42:09.854992960,T,KO,I,5,68.61
2025-11-05,9:42:11.520663387,T,KO,F I,7,68.6
2025-11-05,9:42:22.181131036,T,KO,F,100,68.62
2025-11-05,9:42:22.181131036,T,KO,F,100,68.62
2025-11-05,9:42:25.250186532,T,KO,I,5,68.625
2025-11-05,9:42:25.250189447,T,KO,I,16,68.63
2025-11-05,9:42:29.953550419,T,KO,I,1,68.615
2025-11-05,9:42:30.025256219,T,KO,I,99,68.615
2025-11-05,9:42:30.182055615,T,KO,,100,68.615
2025-11-05,9:42:31.974549824,T,KO,F I,1,68.62
2025-11-05,9:42:35.863877904,T,KO,F I,84,68.63
2025-11-05,9:42:35.863880991,T,KO,F,100,68.63
2025-11-05,9:42:35.863880991,T,KO,F I,30,68.63
2025-11-05,9:42:35.863899013,T,KO,I,1,68.63
2025-11-05,9:42:35.863932182,T,KO,I,2,68.63
2025-11-05,9:42:35.863953106,T,KO,F I,46,68.63
2025-11-05,9:42:35.863965211,T,KO,F I,21,68.63
2025-11-05,9:42:36.903225389,T,KO,F I,4,68.64
2025-11-05,9:42:39.332284599,T,KO,F I,15,68.64
2025-11-05,9:42:39.332287519,T,KO,F,100,68.64
2025-11-05,9:42:40.989775126,T,KO,F I,28,68.63
2025-11-05,9:42:45.570696415,T,KO,I,71,68.63
2025-11-05,9:42:47.570528843,T,KO,F,100,68.63
2025-11-05,9:42:47.570531753,T,KO,F,100,68.63
2025-11-05,9:42:47.570535025,T,KO,F I,25,68.63
2025-11-05,9:42:47.574103954,T,KO,I,16,68.625
2025-11-05,9:42:48.435637936,T,KO,I,13,68.625
2025-11-05,9:42:48.437030102,T,KO,F I,10,68.63
2025-11-05,9:42:53.265203313,T,KO,,120,68.645
2025-11-05,9:42:56.431441344,T,KO,I,18,68.645
2025-11-05,9:42:56.658422022,T,KO,F I,1,68.64
2025-11-05,9:42:56.658425031,T,KO,F I,14,68.64
2025-11-05,9:42:58.977578508,T,KO,I,63,68.64
2025-11-05,9:43:01.662718661,T,KO,I,27,68.635
2025-11-05,9:43:01.899003436,T,KO,F I,20,68.63
2025-11-05,9:43:01.902678261,T,KO,I,15,68.625
2025-11-05,9:43:04.695998027,T,KO,F,100,68.62
2025-11-05,9:43:04.695998027,T,KO,F I,15,68.62
2025-11-05,9:43:04.699360086,T,KO,I,18,68.615
2025-11-05,9:43:04.700626830,T,KO,I,4,68.61
2025-11-05,9:43:04.700626830,T,KO,I,6,68.61
2025-11-05,9:43:04.700629109,T,KO,I,9,68.61
2025-11-05,9:43:04.702532617,T,KO,,100,68.6
2025-11-05,9:43:04.726529777,T,KO,,100,68.595
2025-11-05,9:43:04.726589931,T,KO,,100,68.595
2025-11-05,9:43:04.750436761,T,KO,I,39,68.6
2025-11-05,9:43:04.751723756,T,KO,I,39,68.62
2025-11-05,9:43:05.735616091,T,KO,F I,25,68.61
2025-11-05,9:43:06.088885490,T,KO,I,2,68.61
2025-11-05,9:43:06.258696892,T,KO,F I,9,68.61
2025-11-05,9:43:06.576578029,T,KO,I,35,68.615
2025-11-05,9:43:10.381395938,T,KO,I,10,68.625
2025-11-05,9:43:14.740837065,T,KO,I,10,68.615
2025-11-05,9:43:14.740839675,T,KO,I,8,68.615
2025-11-05,9:43:14.740842766,T,KO,I,8,68.615
2025-11-05,9:43:18.701924836,T,KO,I,1,68.6
2025-11-05,9:43:21.293518179,T,KO,I,29,68.585
2025-11-05,9:43:21.293521226,T,KO,I,11,68.585
2025-11-05,9:43:21.293524186,T,KO,I,11,68.585
2025-11-05,9:43:21.293524186,T,KO,I,45,68.59
2025-11-05,9:43:21.720165222,T,KO,I,7,68.58
2025-11-05,9:43:21.721471007,T,KO,,100,68.57
2025-11-05,9:43:21.721473447,T,KO,I,23,68.57
2025-11-05,9:43:21.722164996,T,KO,I,4,68.57
2025-11-05,9:43:21.722164996,T,KO,I,11,68.57
2025-11-05,9:43:21.760506402,T,KO,F I,71,68.57
2025-11-05,9:43:24.958500219,T,KO,F I,33,68.575
2025-11-05,9:43:24.958503099,T,KO,F I,10,68.575
2025-11-05,9:43:24.958505968,T,KO,F I,10,68.575
2025-11-05,9:43:24.958505968,T,KO,F I,8,68.575
2025-11-05,9:43:24.958509448,T,KO,F I,70,68.58
2025-11-05,9:43:24.958509448,T,KO,F I,92,68.58
2025-11-05,9:43:24.958729090,T,KO,I,8,68.58
2025-11-05,9:43:24.958732075,T,KO,I,10,68.58
2025-11-05,9:43:24.958755672,T,KO,I,1,68.58
2025-11-05,9:43:25.238316478,T,KO,F I,12,68.57
2025-11-05,9:43:26.131957780,T,KO,I,1,68.565
2025-11-05,9:43:30.376326689,T,KO,I,1,68.57
2025-11-05,9:43:30.376329620,T,KO,I,7,68.57
2025-11-05,9:43:30.376332577,T,KO,I,8,68.57
2025-11-05,9:43:30.377709819,T,KO,F I,10,68.57
2025-11-05,9:43:30.388328877,T,KO,,100,68.56
2025-11-05,9:43:30.388331378,T,KO,I,25,68.56
2025-11-05,9:43:30.388379980,T,KO,,100,68.56
2025-11-05,9:43:30.388383280,T,KO,I,47,68.57
2025-11-05,9:43:30.388385361,T,KO,I,38,68.57
2025-11-05,9:43:30.388388356,T,KO,I,49,68.57
2025-11-05,9:43:30.388388356,T,KO,,100,68.57
2025-11-05,9:43:30.388391415,T,KO,I,37,68.57
2025-11-05,9:43:30.388394290,T,KO,I,25,68.57
2025-11-05,9:43:30.388394290,T,KO,,100,68.57
2025-11-05,9:43:30.388935852,T,KO,I,5,68.57
2025-11-05,9:43:30.388935852,T,KO,I,45,68.57
2025-11-05,9:43:30.388939489,T,KO,I,2,68.57
2025-11-05,9:43:30.388939489,T,KO,I,38,68.57
2025-11-05,9:43:30.388943116,T,KO,,100,68.57
2025-11-05,9:43:30.388943116,T,KO,,100,68.57
2025-11-05,9:43:30.388948065,T,KO,I,25,68.57
2025-11-05,9:43:30.388950703,T,KO,,100,68.56
2025-11-05,9:43:30.388950703,T,KO,I,38,68.56
2025-11-05,9:43:30.388954454,T,KO,,100,68.56
2025-11-05,9:43:30.388954454,T,KO,,100,68.56
2025-11-05,9:43:30.388957010,T,KO,,100,68.56
2025-11-05,9:43:30.388957010,T,KO,I,7,68.56
2025-11-05,9:43:30.417085781,T,KO,,100,68.56
2025-11-05,9:43:30.462541931,T,KO,,100,68.56
2025-11-05,9:43:30.463856033,T,KO,,100,68.555
2025-11-05,9:43:30.463910534,T,KO,I,38,68.56
2025-11-05,9:43:30.463910534,T,KO,,100,68.56
2025-11-05,9:43:30.463913124,T,KO,I,33,68.56
2025-11-05,9:43:30.463919164,T,KO,I,1,68.56
2025-11-05,9:43:31.584216442,T,KO,F I,13,68.56
2025-11-05,9:43:31.584219930,T,KO,F I,5,68.56
2025-11-05,9:43:31.584219930,T,KO,F I,32,68.56
2025-11-05,9:43:31.584222569,T,KO,F I,33,68.56
2025-11-05,9:43:31.584225391,T,KO,F I,1,68.56
2025-11-05,9:43:36.771384660,T,KO,I,55,68.555
2025-11-05,9:43:36.986862856,T,KO,I,50,68.555
2025-11-05,9:43:36.986868918,T,KO,F I,50,68.555
2025-11-05,9:43:36.986872697,T,KO,F I,19,68.56
2025-11-05,9:43:36.986872697,T,KO,F I,71,68.56
2025-11-05,9:43:36.986874929,T,KO,I,29,68.56
2025-11-05,9:43:36.989118328,T,KO,I,40,68.56
2025-11-05,9:43:36.989118328,T,KO,,100,68.56
2025-11-05,9:43:36.989689728,T,KO,I,60,68.55
2025-11-05,9:43:36.989692547,T,KO,I,27,68.55
2025-11-05,9:43:36.989695708,T,KO,,100,68.55
2025-11-05,9:43:36.989695708,T,KO,I,25,68.55
2025-11-05,9:43:36.990770039,T,KO,I,40,68.55
2025-11-05,9:43:36.990770039,T,KO,I,17,68.55
2025-11-05,9:43:36.990772155,T,KO,I,40,68.55
2025-11-05,9:43:37.792938648,T,KO,F,100,68.55
2025-11-05,9:43:37.792941718,T,KO,F I,40,68.55
2025-11-05,9:43:43.922993596,T,KO,F,197,68.54
2025-11-05,9:43:47.119718077,T,KO,,100,68.515
2025-11-05,9:43:51.329621838,T,KO,,100,68.54
2025-11-05,9:43:51.334968597,T,KO,I,2,68.55
2025-11-05,9:43:53.974011988,T,KO,F,100,68.54
2025-11-05,9:43:57.386599593,T,KO,I,7,68.53
2025-11-05,9:43:59.410837756,T,KO,,120,68.525
2025-11-05,9:44:05.133843814,T,KO,F I,48,68.53
2025-11-05,9:44:05.133846316,T,KO,F I,50,68.53
2025-11-05,9:44:05.133849998,T,KO,F,100,68.53
2025-11-05,9:44:05.133849998,T,KO,F I,10,68.53
2025-11-05,9:44:05.133855165,T,KO,I,15,68.53
2025-11-05,9:44:05.324632460,T,KO,I,44,68.53
2025-11-05,9:44:06.342731278,T,KO,F,100,68.525
2025-11-05,9:44:06.342740360,T,KO,F I,48,68.525
2025-11-05,9:44:10.122039435,T,KO,F I,2,68.53
2025-11-05,9:44:10.122042958,T,KO,F I,44,68.53
2025-11-05,9:44:10.122042958,T,KO,F I,50,68.53
2025-11-05,9:44:10.122045446,T,KO,F I,52,68.53
2025-11-05,9:44:10.122048457,T,KO,F,190,68.53
2025-11-05,9:44:10.122472985,T,KO,I,43,68.53
2025-11-05,9:44:10.122475911,T,KO,,100,68.53
2025-11-05,9:44:10.122481733,T,KO,,100,68.53
2025-11-05,9:44:10.122481733,T,KO,,100,68.53
2025-11-05,9:44:10.122481733,T,KO,,100,68.53
2025-11-05,9:44:10.124653345,T,KO,F I,41,68.53
2025-11-05,9:44:10.124653345,T,KO,F,100,68.53
2025-11-05,9:44:10.124655718,T,KO,F I,2,68.53
2025-11-05,9:44:10.124658617,T,KO,F I,43,68.53
2025-11-05,9:44:10.124662070,T,KO,F,100,68.53
2025-11-05,9:44:10.124662070,T,KO,F,100,68.53
2025-11-05,9:44:10.124695247,T,KO,,100,68.54
2025-11-05,9:44:10.124971371,T,KO,,100,68.54
2025-11-05,9:44:10.126303610,T,KO,F I,41,68.54
2025-11-05,9:44:10.126306523,T,KO,F I,52,68.54
2025-11-05,9:44:10.126306523,T,KO,F I,6,68.54
2025-11-05,9:44:10.916928548,T,KO,,120,68.535
2025-11-05,9:44:11.052575596,T,KO,F I,48,68.53
2025-11-05,9:44:11.052578649,T,KO,F I,30,68.53
2025-11-05,9:44:11.052581721,T,KO,F I,22,68.53
2025-11-05,9:44:11.052594554,T,KO,I,1,68.53
2025-11-05,9:44:11.053748443,T,KO,F I,10,68.53
2025-11-05,9:44:11.054175460,T,KO,F I,41,68.53
2025-11-05,9:44:11.054205521,T,KO,,100,68.53
2025-11-05,9:44:11.056463936,T,KO,F,100,68.53
2025-11-05,9:44:11.056463936,T,KO,F I,41,68.53
2025-11-05,9:44:11.056466906,T,KO,F I,41,68.53
2025-11-05,9:44:11.056469976,T,KO,F I,25,68.53
2025-11-05,9:44:11.056469976,T,KO,F I,93,68.53
2025-11-05,9:44:14.065132622,T,KO,F I,1,68.53
2025-11-05,9:44:14.065138634,T,KO,F I,3,68.53
2025-11-05,9:44:14.065150699,T,KO,F I,24,68.53
2025-11-05,9:44:14.068512675,T,KO,I,30,68.525
2025-11-05,9:44:14.341427816,T,KO,F I,2,68.51
2025-11-05,9:44:14.341508796,T,KO,,100,68.5
2025-11-05,9:44:14.341512752,T,KO,,400,68.5
2025-11-05,9:44:14.341512752,T,KO,I,25,68.5
2025-11-05,9:44:14.341515302,T,KO,,100,68.5
2025-11-05,9:44:14.341518183,T,KO,,100,68.5
2025-11-05,9:44:14.341984037,T,KO,F,100,68.5
2025-11-05,9:44:14.342204103,T,KO,,100,68.5
2025-11-05,9:44:14.342204103,T,KO,I,40,68.5
2025-11-05,9:44:14.342206562,T,KO,I,26,68.5
2025-11-05,9:44:14.342230555,T,KO,I,1,68.5
2025-11-05,9:44:14.361422231,T,KO,I,28,68.5
2025-11-05,9:44:14.365942096,T,KO,,100,68.5
2025-11-05,9:44:14.481372033,T,KO,,100,68.5
2025-11-05,9:44:14.481376302,T,KO,I,25,68.5
2025-11-05,9:44:14.481378073,T,KO,,100,68.5
2025-11-05,9:44:14.483447013,T,KO,I,50,68.51
2025-11-05,9:44:15.865448381,T,KO,F I,49,68.5
2025-11-05,9:44:15.865451427,T,KO,F,288,68.5
2025-11-05,9:44:17.683662770,T,KO,I,24,68.495
2025-11-05,9:44:17.861235661,T,KO,I,18,68.495
2025-11-05,9:44:20.005086712,T,KO,I,1,68.495
2025-11-05,9:44:20.937135509,T,KO,I,12,68.495
2025-11-05,9:44:21.088774710,T,KO,I,11,68.495
2025-11-05,9:44:25.377026866,T,KO,F I,10,68.495
2025-11-05,9:44:25.377029794,T,KO,F I,43,68.5
2025-11-05,9:44:25.377047929,T,KO,F I,10,68.5
2025-11-05,9:44:28.818450147,T,KO,F I,91,68.49
2025-11-05,9:44:28.818450147,T,KO,F I,14,68.49
2025-11-05,9:44:29.268959247,T,KO,,120,68.485
2025-11-05,9:44:33.477226996,T,KO,I,7,68.485
2025-11-05,9:44:33.477226996,T,KO,,293,68.485
2025-11-05,9:44:33.526120971,T,KO,I,50,68.49
2025-11-05,9:44:33.526123297,T,KO,,100,68.49
2025-11-05,9:44:33.526126316,T,KO,I,5,68.49
2025-11-05,9:44:33.526141412,T,KO,F,195,68.49
2025-11-05,9:44:33.526147360,T,KO,F I,13,68.49
2025-11-05,9:44:33.526147360,T,KO,F I,40,68.49
2025-11-05,9:44:33.526150252,T,KO,F,200,68.49
2025-11-05,9:44:33.768190706,T,KO,I,4,68.49
2025-11-05,9:44:38.775765668,T,KO,F I,73,68.5
2025-11-05,9:44:48.530075854,T,KO,,120,68.53
2025-11-05,9:45:00.021260151,T,KO,I,7,68.545
2025-11-05,9:45:00.021260151,T,KO,I,1,68.55
2025-11-05,9:45:00.021266145,T,KO,,100,68.55
2025-11-05,9:45:00.021266145,T,KO,I,7,68.55
2025-11-05,9:45:00.021281187,T,KO,F I,7,68.55
2025-11-05,9:45:00.117113473,T,KO,F I,54,68.55
2025-11-05,9:45:00.117116415,T,KO,F,100,68.55
2025-11-05,9:45:00.117131445,T,KO,F I,6,68.55
2025-11-05,9:45:00.117170528,T,KO,,100,68.55
2025-11-05,9:45:00.117173819,T,KO,I,54,68.55
2025-11-05,9:45:00.117173819,T,KO,I,11,68.55
2025-11-05,9:45:00.117176538,T,KO,I,25,68.55
2025-11-05,9:45:00.362591025,T,KO,F I,63,68.555
2025-11-05,9:45:00.362837722,T,KO,F I,37,68.555
2025-11-05,9:45:00.362837722,T,KO,F I,26,68.56
2025-11-05,9:45:00.363027386,T,KO,I,24,68.56
2025-11-05,9:45:00.363027386,T,KO,I,13,68.56
2025-11-05,9:45:00.371675725,T,KO,F I,3,68.56
2025-11-05,9:45:00.371681755,T,KO,F,100,68.56
2025-11-05,9:45:00.371681755,T,KO,F I,25,68.56
2025-11-05,9:45:00.371681755,T,KO,F I,53,68.56
2025-11-05,9:45:00.371685682,T,KO,F,100,68.56
2025-11-05,9:45:00.371687903,T,KO,F I,75,68.56
2025-11-05,9:45:00.371687903,T,KO,F,115,68.56
2025-11-05,9:45:01.601620145,T,KO,,200,68.55
2025-11-05,9:45:01.601623401,T,KO,I,1,68.55
2025-11-05,9:45:01.601626482,T,KO,I,62,68.55
2025-11-05,9:45:01.601626482,T,KO,F,263,68.55
2025-11-05,9:45:01.601629034,T,KO,F,237,68.55
2025-11-05,9:45:03.039148757,T,KO,,100,68.515
2025-11-05,9:45:03.039148757,T,KO,I,3,68.52
2025-11-05,9:45:03.039882785,T,KO,I,47,68.52
2025-11-05,9:45:03.039882785,T,KO,I,53,68.52
2025-11-05,9:45:03.039903497,T,KO,I,1,68.52
2025-11-05,9:45:03.040420760,T,KO,I,48,68.52
2025-11-05,9:45:04.542068201,T,KO,F I,14,68.53
2025-11-05,9:45:04.542071765,T,KO,F,100,68.53
2025-11-05,9:45:04.542071765,T,KO,F I,44,68.53
2025-11-05,9:45:05.209808523,T,KO,I,14,68.54
2025-11-05,9:45:05.326327325,T,KO,I,55,68.54
2025-11-05,9:45:05.326327325,T,KO,,100,68.54
2025-11-05,9:45:05.598514337,T,KO,F I,55,68.54
2025-11-05,9:45:05.598517587,T,KO,F I,58,68.54
2025-11-05,9:45:05.598520413,T,KO,F I,71,68.54
2025-11-05,9:45:05.688043554,T,KO,I,2,68.545
2025-11-05,9:45:06.884527244,T,KO,F I,2,68.54
2025-11-05,9:45:06.884554302,T,KO,F I,1,68.54
2025-11-05,9:45:06.884554302,T,KO,F I,26,68.54
2025-11-05,9:45:06.884584719,T,KO,F I,74,68.54
2025-11-05,9:45:06.884584719,T,KO,F,100,68.54
2025-11-05,9:45:06.885574425,T,KO,I,55,68.54
2025-11-05,9:45:06.885577443,T,KO,I,18,68.54
2025-11-05,9:45:06.885577443,T,KO,,100,68.54
2025-11-05,9:45:06.885594778,T,KO,I,1,68.54
2025-11-05,9:45:06.885901516,T,KO,I,20,68.54
2025-11-05,9:45:06.886668256,T,KO,,100,68.54
2025-11-05,9:45:06.886695383,T,KO,I,55,68.54
2025-11-05,9:45:07.828989613,T,KO,,100,68.52
2025-11-05,9:45:07.830225564,T,KO,,100,68.52
2025-11-05,9:45:07.830228569,T,KO,,100,68.52
2025-11-05,9:45:08.626185270,T,KO,,100,68.525
2025-11-05,9:45:08.779839590,T,KO,F I,13,68.53
2025-11-05,9:45:08.779845279,T,KO,F I,80,68.53
2025-11-05,9:45:11.798867545,T,KO,I,86,68.54
2025-11-05,9:45:11.798885584,T,KO,F I,14,68.54
2025-11-05,9:45:14.907828116,T,KO,F,100,68.54
2025-11-05,9:45:15.939161537,T,KO,,120,68.525
2025-11-05,9:45:15.939230685,T,KO,,100,68.525
2025-11-05,9:45:22.526924267,T,KO,,100,68.505
2025-11-05,9:45:23.205538891,T,KO,I,1,68.51
2025-11-05,9:45:23.205538891,T,KO,I,78,68.51
2025-11-05,9:45:23.205562770,T,KO,I,52,68.51
2025-11-05,9:45:23.205562770,T,KO,I,27,68.51
2025-11-05,9:45:23.205592864,T,KO,I,4,68.51
2025-11-05,9:45:23.205595817,T,KO,I,54,68.51
2025-11-05,9:45:23.206140978,T,KO,F I,10,68.52
2025-11-05,9:45:23.283318929,T,KO,I,54,68.53
2025-11-05,9:45:23.283562650,T,KO,I,53,68.53
2025-11-05,9:45:23.283565559,T,KO,I,74,68.53
2025-11-05,9:45:23.321146023,T,KO,F I,3,68.53
2025-11-05,9:45:23.321149063,T,KO,F I,54,68.53
2025-11-05,9:45:23.321149063,T,KO,F I,4,68.53
2025-11-05,9:45:26.680876704,T,KO,I,54,68.53
2025-11-05,9:45:31.063983916,T,KO,,100,68.535
2025-11-05,9:45:31.064266658,T,KO,I,68,68.54
2025-11-05,9:45:34.428511251,T,KO,I,1,68.54
2025-11-05,9:45:34.700725597,T,KO,F,100,68.55
2025-11-05,9:45:39.089149373,T,KO,,100,68.56
2025-11-05,9:45:41.288741103,T,KO,F I,1,68.56
2025-11-05,9:45:41.288744214,T,KO,F,100,68.56
2025-11-05,9:45:43.477573086,T,KO,F,522,68.55
2025-11-05,9:45:43.477591142,T,KO,I,1,68.55
2025-11-05,9:45:43.477612182,T,KO,F I,99,68.55
2025-11-05,9:45:49.533997545,T,KO,F,447,68.54
2025-11-05,9:45:49.546017187,T,KO,F I,4,68.53
2025-11-05,9:45:55.163161416,T,KO,I,9,68.51
2025-11-05,9:45:56.183353119,T,KO,,120,68.505
2025-11-05,9:45:56.539392123,T,KO,I,10,68.51
2025-11-05,9:45:56.539392123,T,KO,I,30,68.51
2025-11-05,9:45:58.437915810,T,KO,,120,68.51
2025-11-05,9:45:59.130281699,T,KO,F I,51,68.51
2025-11-05,9:46:04.233150111,T,KO,F I,93,68.49
2025-11-05,9:46:05.413554504,T,KO,F I,31,68.48
2025-11-05,9:46:09.973076803,T,KO,F I,65,68.48
2025-11-05,9:46:10.076932100,T,KO,F I,70,68.47
2025-11-05,9:46:12.417968816,T,KO,F I,64,68.48
2025-11-05,9:46:12.417971807,T,KO,F I,50,68.48
2025-11-05,9:46:12.417971807,T,KO,F I,63,68.48
2025-11-05,9:46:13.513029867,T,KO,,120,68.485
2025-11-05,9:46:13.842037388,T,KO,,100,68.485
2025-11-05,9:46:14.296819557,T,KO,,100,68.485
2025-11-05,9:46:18.242065832,T,KO,F I,28,68.48
2025-11-05,9:46:18.242086898,T,KO,F I,22,68.48
2025-11-05,9:46:18.242086898,T,KO,F I,53,68.48
2025-11-05,9:46:18.242538021,T,KO,F I,50,68.48
2025-11-05,9:46:18.250233325,T,KO,I,58,68.485
2025-11-05,9:46:20.199274839,T,KO,I,24,68.49
2025-11-05,9:46:20.199277806,T,KO,I,10,68.49
2025-11-05,9:46:20.199277806,T,KO,I,3,68.49
2025-11-05,9:46:20.199280377,T,KO,I,50,68.49
2025-11-05,9:46:30.281633184,T,KO,F I,10,68.46
2025-11-05,9:46:31.721354026,T,KO,I,1,68.46
2025-11-05,9:46:34.027567629,T,KO,F I,37,68.46
2025-11-05,9:46:34.028449824,T,KO,I,51,68.46
2025-11-05,9:46:34.028452497,T,KO,I,6,68.46
2025-11-05,9:46:36.855241208,T,KO,I,12,68.47
2025-11-05,9:46:36.855244756,T,KO,F I,88,68.47
2025-11-05,9:46:40.835334533,T,KO,I,20,68.48
2025-11-05,9:46:40.835358510,T,KO,I,80,68.48
2025-11-05,9:46:40.835362023,T,KO,I,10,68.48
2025-11-05,9:46:42.571251928,T,KO,F I,51,68.48
2025-11-05,9:46:44.468578648,T,KO,F I,6,68.47
2025-11-05,9:46:44.468581737,T,KO,F,100,68.47
2025-11-05,9:46:49.798187123,T,KO,F I,6,68.47
2025-11-05,9:46:55.213479216,T,KO,I,40,68.47
2025-11-05,9:46:55.213830478,T,KO,F I,10,68.47
2025-11-05,9:46:55.214531117,T,KO,I,50,68.47
2025-11-05,9:46:58.474282843,T,KO,I,2,68.46
2025-11-05,9:46:59.364649364,T,KO,F I,2,68.46
2025-11-05,9:47:02.470744037,T,KO,,100,68.455
2025-11-05,9:47:03.727007061,T,KO,F I,1,68.45
2025-11-05,9:47:05.719967679,T,KO,I,47,68.445
2025-11-05,9:47:06.134790812,T,KO,F I,3,68.45
2025-11-05,9:47:06.134793599,T,KO,F I,50,68.45
2025-11-05,9:47:06.134799682,T,KO,F I,10,68.45
2025-11-05,9:47:06.134799682,T,KO,F I,22,68.45
2025-11-05,9:47:06.134803277,T,KO,F I,76,68.45
2025-11-05,9:47:06.134803277,T,KO,F I,24,68.45
2025-11-05,9:47:06.134805611,T,KO,F I,32,68.45
2025-11-05,9:47:06.138303006,T,KO,I,26,68.46
2025-11-05,9:47:06.319589767,T,KO,I,41,68.47
2025-11-05,9:47:06.319640906,T,KO,I,37,68.47
2025-11-05,9:47:06.588616395,T,KO,,120,68.475
2025-11-05,9:47:08.565187984,T,KO,I,48,68.48
2025-11-05,9:47:08.565187984,T,KO,I,13,68.48
2025-11-05,9:47:10.459312242,T,KO,I,90,68.5
2025-11-05,9:47:10.459324451,T,KO,I,1,68.5
2025-11-05,9:47:10.819287528,T,KO,I,9,68.5
2025-11-05,9:47:10.820048367,T,KO,I,34,68.51
2025-11-05,9:47:10.820117490,T,KO,I,66,68.51
2025-11-05,9:47:10.820120598,T,KO,I,22,68.51
2025-11-05,9:47:10.820120598,T,KO,I,10,68.51
2025-11-05,9:47:15.300930540,T,KO,,100,68.52
2025-11-05,9:47:17.152734925,T,KO,,120,68.505
2025-11-05,9:47:23.657358811,T,KO,F I,10,68.5
2025-11-05,9:47:28.658422725,T,KO,,310,68.495
2025-11-05,9:47:33.642535401,T,KO,I,1,68.5
2025-11-05,9:47:33.642535401,T,KO,I,5,68.5
2025-11-05,9:47:33.642538412,T,KO,I,63,68.5
2025-11-05,9:47:35.492779066,T,KO,F I,1,68.51
2025-11-05,9:47:35.492779066,T,KO,F I,13,68.51
2025-11-05,9:47:35.492796956,T,KO,F I,87,68.51
2025-11-05,9:47:43.156844243,T,KO,F I,10,68.53
2025-11-05,9:47:43.156865309,T,KO,F,490,68.53
2025-11-05,9:47:43.683653936,T,KO,,210,68.515
2025-11-05,9:47:44.440457408,T,KO,I,23,68.5
2025-11-05,9:48:06.111285266,T,KO,,100,68.445
2025-11-05,9:48:07.596522673,T,KO,F I,4,68.44
2025-11-05,9:48:09.002882118,T,KO,F I,50,68.44
2025-11-05,9:48:09.014865675,T,KO,I,61,68.445
2025-11-05,9:48:09.726348132,T,KO,I,36,68.45
2025-11-05,9:48:09.726372667,T,KO,F I,64,68.45
2025-11-05,9:48:09.726372667,T,KO,F I,21,68.45
2025-11-05,9:48:09.726378216,T,KO,F,100,68.45
2025-11-05,9:48:09.726378216,T,KO,F I,34,68.45
2025-11-05,9:48:09.726381287,T,KO,F I,66,68.45
2025-11-05,9:48:09.742006406,T,KO,,100,68.455
2025-11-05,9:48:09.922866192,T,KO,F I,38,68.46
2025-11-05,9:48:09.922866192,T,KO,F I,14,68.46
2025-11-05,9:48:11.223021706,T,KO,,100,68.46
2025-11-05,9:48:11.223887849,T,KO,F,100,68.47
2025-11-05,9:48:11.223890791,T,KO,F,100,68.47
2025-11-05,9:48:11.224005024,T,KO,,100,68.47
2025-11-05,9:48:11.224005024,T,KO,I,20,68.47
2025-11-05,9:48:11.224080266,T,KO,I,27,68.47
2025-11-05,9:48:11.316899355,T,KO,I,88,68.465
2025-11-05,9:48:15.691658517,T,KO,F I,20,68.47
2025-11-05,9:48:15.691661602,T,KO,F I,27,68.47
2025-11-05,9:48:15.691664985,T,KO,F I,10,68.47
2025-11-05,9:48:15.691667520,T,KO,F I,10,68.47
2025-11-05,9:48:15.897856555,T,KO,,100,68.49
2025-11-05,9:48:15.897859561,T,KO,,100,68.49
2025-11-05,9:48:15.898314078,T,KO,I,10,68.49
2025-11-05,9:48:15.898451956,T,KO,F I,25,68.49
2025-11-05,9:48:15.898948202,T,KO,F I,75,68.49
2025-11-05,9:48:15.898951225,T,KO,F I,46,68.49
2025-11-05,9:48:15.899654907,T,KO,F I,46,68.49
2025-11-05,9:48:15.899657860,T,KO,F,100,68.49
2025-11-05,9:48:15.899661003,T,KO,F I,13,68.49
2025-11-05,9:48:15.899663878,T,KO,F I,41,68.49
2025-11-05,9:48:17.009983296,T,KO,I,41,68.49
2025-11-05,9:48:17.010034429,T,KO,I,41,68.49
2025-11-05,9:48:17.214190649,T,KO,I,78,68.485
2025-11-05,9:48:18.365735325,T,KO,I,99,68.495
2025-11-05,9:48:19.724945420,T,KO,I,21,68.495
2025-11-05,9:48:20.247244456,T,KO,,120,68.495
2025-11-05,9:48:21.867644637,T,KO,,120,68.495
2025-11-05,9:48:28.356598269,T,KO,F I,41,68.49
2025-11-05,9:48:43.457249166,T,KO,F I,1,68.49
2025-11-05,9:48:43.457249166,T,KO,F I,60,68.49
2025-11-05,9:48:43.457255312,T,KO,F,100,68.49
2025-11-05,9:48:43.457255312,T,KO,F I,10,68.49
2025-11-05,9:48:43.457258252,T,KO,F I,1,68.49
2025-11-05,9:48:45.354966856,T,KO,F I,2,68.5
2025-11-05,9:48:48.119117186,T,KO,,100,68.505
2025-11-05,9:48:48.127937154,T,KO,F I,20,68.505
2025-11-05,9:48:48.127940464,T,KO,F,100,68.51
2025-11-05,9:48:48.127940464,T,KO,F I,5,68.51
2025-11-05,9:48:48.127958265,T,KO,I,1,68.51
2025-11-05,9:48:48.811597358,T,KO,F I,10,68.515
2025-11-05,9:48:48.811657529,T,KO,,100,68.515
2025-11-05,9:48:50.237638939,T,KO,I,3,68.505
2025-11-05,9:48:53.008086207,T,KO,F I,11,68.51
2025-11-05,9:48:53.011117291,T,KO,I,10,68.52
2025-11-05,9:48:58.125003969,T,KO,I,3,68.51
2025-11-05,9:48:58.125006955,T,KO,I,3,68.51
2025-11-05,9:49:01.108442476,T,KO,I,10,68.525
2025-11-05,9:49:01.170504289,T,KO,I,10,68.525
2025-11-05,9:49:02.394404211,T,KO,F,100,68.53
2025-11-05,9:49:02.394738093,T,KO,F I,10,68.53
2025-11-05,9:49:05.117936836,T,KO,I,3,68.545
2025-11-05,9:49:05.117936836,T,KO,I,3,68.545
2025-11-05,9:49:06.605847527,T,KO,I,10,68.555
2025-11-05,9:49:06.668486789,T,KO,I,10,68.555
2025-11-05,9:49:06.726347612,T,KO,I,10,68.555
2025-11-05,9:49:06.796447532,T,KO,I,10,68.555
2025-11-05,9:49:06.856211810,T,KO,I,10,68.555
2025-11-05,9:49:06.924360118,T,KO,I,10,68.555
2025-11-05,9:49:06.984040316,T,KO,I,10,68.555
2025-11-05,9:49:07.046445626,T,KO,I,10,68.555
2025-11-05,9:49:10.204154586,T,KO,I,90,68.565
2025-11-05,9:49:11.910547683,T,KO,I,3,68.565
2025-11-05,9:49:12.398264280,T,KO,I,10,68.565
2025-11-05,9:49:12.481301034,T,KO,I,10,68.565
2025-11-05,9:49:12.539354324,T,KO,I,10,68.565
2025-11-05,9:49:12.612894454,T,KO,I,10,68.565
2025-11-05,9:49:12.691979848,T,KO,I,10,68.565
2025-11-05,9:49:13.221601257,T,KO,F,100,68.55
2025-11-05,9:49:14.550607568,T,KO,F,100,68.54
2025-11-05,9:49:14.550607568,T,KO,F,476,68.54
2025-11-05,9:49:14.557298484,T,KO,I,4,68.535
2025-11-05,9:49:14.677329295,T,KO,,296,68.535
2025-11-05,9:49:21.007125771,T,KO,I,3,68.535
2025-11-05,9:49:21.007129194,T,KO,I,3,68.535
2025-11-05,9:49:21.007131843,T,KO,I,6,68.535
2025-11-05,9:49:22.006842297,T,KO,F I,3,68.54
2025-11-05,9:49:22.006842297,T,KO,F I,14,68.54
2025-11-05,9:49:22.006844754,T,KO,F I,10,68.54
2025-11-05,9:49:22.007070372,T,KO,,100,68.54
2025-11-05,9:49:22.846736103,T,KO,I,14,68.545
2025-11-05,9:49:34.228113912,T,KO,F I,14,68.54
2025-11-05,9:49:34.228724597,T,KO,I,86,68.54
2025-11-05,9:49:34.228727270,T,KO,I,1,68.54
2025-11-05,9:49:34.228730345,T,KO,I,50,68.54
2025-11-05,9:49:34.240479283,T,KO,F,100,68.55
2025-11-05,9:49:47.452048656,T,KO,,130,68.545
2025-11-05,9:49:48.285122794,T,KO,F I,40,68.54
2025-11-05,9:49:48.285125827,T,KO,F,142,68.54
2025-11-05,9:49:48.285144392,T,KO,I,1,68.54
2025-11-05,9:49:48.285144392,T,KO,,357,68.54
2025-11-05,9:49:48.285149869,T,KO,I,5,68.54
2025-11-05,9:49:48.285149869,T,KO,,100,68.54
2025-11-05,9:49:50.413655239,T,KO,I,10,68.535
2025-11-05,9:49:53.932825696,T,KO,F,100,68.53
2025-11-05,9:49:53.932844428,T,KO,I,1,68.53
2025-11-05,9:49:53.932846762,T,KO,I,99,68.53
2025-11-05,9:49:53.932852675,T,KO,I,1,68.53
2025-11-05,9:49:53.933156423,T,KO,F I,99,68.53
2025-11-05,9:49:53.935306594,T,KO,F I,23,68.52
2025-11-05,9:49:53.935655724,T,KO,F I,50,68.53
2025-11-05,9:49:53.935655724,T,KO,F,100,68.53
2025-11-05,9:49:53.935659232,T,KO,F,100,68.53
2025-11-05,9:49:53.935661329,T,KO,F I,25,68.53
2025-11-05,9:49:53.935664510,T,KO,F,100,68.53
2025-11-05,9:49:53.935664510,T,KO,F,100,68.53
2025-11-05,9:49:53.935667484,T,KO,F,100,68.53
2025-11-05,9:49:53.937961865,T,KO,F,100,68.54
2025-11-05,9:49:53.937961865,T,KO,F I,26,68.54
2025-11-05,9:49:53.937989522,T,KO,F I,74,68.54
2025-11-05,9:49:53.943786696,T,KO,F I,51,68.54
2025-11-05,9:49:53.943786696,T,KO,F I,50,68.54
2025-11-05,9:49:57.169268756,T,KO,,100,68.53
2025-11-05,9:49:59.423557713,T,KO,F I,5,68.53
2025-11-05,9:49:59.423560806,T,KO,F I,51,68.53
2025-11-05,9:50:02.996887286,T,KO,F I,42,68.53
2025-11-05,9:50:04.558970881,T,KO,I,5,68.54
2025-11-05,9:50:04.558972851,T,KO,,100,68.54
2025-11-05,9:50:04.558978830,T,KO,I,60,68.54
2025-11-05,9:50:05.435031253,T,KO,F I,25,68.56
2025-11-05,9:50:05.435031253,T,KO,F I,75,68.56
2025-11-05,9:50:05.435043476,T,KO,F I,25,68.56
2025-11-05,9:50:05.435043476,T,KO,F I,25,68.56
2025-11-05,9:50:05.435049259,T,KO,I,1,68.56
2025-11-05,9:50:12.938087327,T,KO,F I,19,68.56
2025-11-05,9:50:12.938093388,T,KO,I,81,68.56
2025-11-05,9:50:12.938096248,T,KO,I,55,68.56
2025-11-05,9:50:12.938111427,T,KO,F I,45,68.56
2025-11-05,9:50:12.938273775,T,KO,I,49,68.56
2025-11-05,9:50:14.230394126,T,KO,F I,30,68.55
2025-11-05,9:50:14.445358183,T,KO,I,49,68.54
2025-11-05,9:50:14.445361134,T,KO,,100,68.54
2025-11-05,9:50:18.305706397,T,KO,F I,9,68.54
2025-11-05,9:50:18.305706397,T,KO,F I,63,68.54
2025-11-05,9:50:18.305901844,T,KO,F I,72,68.54
2025-11-05,9:50:18.310021633,T,KO,F I,48,68.54
2025-11-05,9:50:18.310021633,T,KO,F I,3,68.54
2025-11-05,9:50:26.403070879,T,KO,I,48,68.535
2025-11-05,9:50:30.810406685,T,KO,I,48,68.54
2025-11-05,9:50:30.810406685,T,KO,I,22,68.54
2025-11-05,9:50:36.649082477,T,KO,I,11,68.535
2025-11-05,9:50:40.836312243,T,KO,F I,7,68.53
2025-11-05,9:50:40.836312243,T,KO,F I,3,68.53
2025-11-05,9:50:40.836369247,T,KO,I,5,68.53
2025-11-05,9:50:40.836372321,T,KO,I,1,68.53
2025-11-05,9:50:47.490888019,T,KO,F I,4,68.53
2025-11-05,9:50:49.425212103,T,KO,F,100,68.52
2025-11-05,9:50:49.425212103,T,KO,F I,50,68.52
2025-11-05,9:50:55.341102820,T,KO,F I,46,68.51
2025-11-05,9:50:55.341105787,T,KO,F I,10,68.51
2025-11-05,9:50:56.264500053,T,KO,I,7,68.51
2025-11-05,9:50:56.265501359,T,KO,F I,43,68.51
2025-11-05,9:50:56.265504401,T,KO,F,100,68.51
2025-11-05,9:50:58.843517364,T,KO,I,1,68.48
2025-11-05,9:50:58.843520364,T,KO,I,43,68.48
2025-11-05,9:50:58.843523407,T,KO,,100,68.48
2025-11-05,9:50:58.843535464,T,KO,F,141,68.48
2025-11-05,9:50:58.843541453,T,KO,I,1,68.48
2025-11-05,9:50:58.843568584,T,KO,F I,31,68.48
2025-11-05,9:51:00.266106576,T,KO,,130,68.485
2025-11-05,9:51:03.562599803,T,KO,I,11,68.49
2025-11-05,9:51:03.562599803,T,KO,I,1,68.49
2025-11-05,9:51:03.576561966,T,KO,I,25,68.49
2025-11-05,9:51:09.275471110,T,KO,F,100,68.5
2025-11-05,9:51:09.275490096,T,KO,F I,7,68.5
2025-11-05,9:51:09.275490096,T,KO,I,1,68.5
2025-11-05,9:51:09.275492052,T,KO,F I,7,68.5
2025-11-05,9:51:09.275495457,T,KO,F I,7,68.5
2025-11-05,9:51:09.275498152,T,KO,F I,7,68.5
2025-11-05,9:51:09.275552178,T,KO,F I,7,68.5
2025-11-05,9:51:09.275561278,T,KO,I,7,68.5
2025-11-05,9:51:13.686253054,T,KO,I,10,68.51
2025-11-05,9:51:13.686271105,T,KO,F I,10,68.51
2025-11-05,9:51:13.686502656,T,KO,F I,10,68.51
2025-11-05,9:51:26.097394475,T,KO,F I,6,68.5
2025-11-05,9:51:26.097397411,T,KO,F I,36,68.5
2025-11-05,9:51:26.098296644,T,KO,I,92,68.49
2025-11-05,9:51:26.098317599,T,KO,I,8,68.49
2025-11-05,9:51:26.304097793,T,KO,I,24,68.49
2025-11-05,9:51:26.304097793,T,KO,I,8,68.49
2025-11-05,9:51:26.304100754,T,KO,I,19,68.49
2025-11-05,9:51:26.330645121,T,KO,F I,3,68.49
2025-11-05,9:51:26.330647999,T,KO,F I,97,68.49
2025-11-05,9:51:26.330666075,T,KO,I,1,68.49
2025-11-05,9:51:26.331532112,T,KO,F I,3,68.49
2025-11-05,9:51:34.065213934,T,KO,F,100,68.5
2025-11-05,9:51:34.065213934,T,KO,F,100,68.5
2025-11-05,9:51:34.065246214,T,KO,F I,25,68.5
2025-11-05,9:51:34.065492829,T,KO,,100,68.5
2025-11-05,9:51:34.065544034,T,KO,F,100,68.5
2025-11-05,9:51:34.067490278,T,KO,I,49,68.5
2025-11-05,9:51:34.067492590,T,KO,I,51,68.5
2025-11-05,9:51:34.067513823,T,KO,I,49,68.5
2025-11-05,9:51:34.067519679,T,KO,I,25,68.5
2025-11-05,9:51:34.067519679,T,KO,I,18,68.5
2025-11-05,9:51:34.067522903,T,KO,I,1,68.5
2025-11-05,9:51:34.067937741,T,KO,F I,81,68.51
2025-11-05,9:51:34.067980749,T,KO,I,49,68.51
2025-11-05,9:51:34.067983698,T,KO,,100,68.51
2025-11-05,9:51:34.067989506,T,KO,I,25,68.51
2025-11-05,9:51:34.067989506,T,KO,I,25,68.51
2025-11-05,9:51:34.067992470,T,KO,,100,68.51
2025-11-05,9:51:34.067995157,T,KO,,100,68.51
2025-11-05,9:51:34.068770684,T,KO,F I,25,68.52
2025-11-05,9:51:34.068770684,T,KO,F I,5,68.52
2025-11-05,9:51:34.375735714,T,KO,I,12,68.53
2025-11-05,9:51:34.380273542,T,KO,I,25,68.54
2025-11-05,9:51:39.044655694,T,KO,I,60,68.53
2025-11-05,9:51:39.045690161,T,KO,I,49,68.53
2025-11-05,9:51:39.045690161,T,KO,I,9,68.53
2025-11-05,9:51:43.747863173,T,KO,,130,68.525
2025-11-05,9:51:43.786829951,T,KO,F I,49,68.53
2025-11-05,9:51:43.787112620,T,KO,I,47,68.53
2025-11-05,9:51:45.768808485,T,KO,I,40,68.53
2025-11-05,9:51:45.768886700,T,KO,I,47,68.53
2025-11-05,9:51:45.768886700,T,KO,I,10,68.53
2025-11-05,9:51:46.617591990,T,KO,F,100,68.52
2025-11-05,9:51:52.232264587,T,KO,F I,7,68.5
2025-11-05,9:51:52.232267409,T,KO,F I,93,68.5
2025-11-05,9:51:52.233377021,T,KO,I,46,68.5
2025-11-05,9:51:52.233380078,T,KO,I,25,68.5
2025-11-05,9:51:52.255486076,T,KO,I,90,68.505
2025-11-05,9:51:52.255486076,T,KO,I,24,68.505
2025-11-05,9:51:54.747923956,T,KO,F I,46,68.5
2025-11-05,9:51:54.831523060,T,KO,I,36,68.49
2025-11-05,9:51:57.974377269,T,KO,F I,10,68.48
2025-11-05,9:51:57.974380320,T,KO,F,100,68.48
2025-11-05,9:51:58.727325622,T,KO,F I,3,68.49
2025-11-05,9:52:02.345055931,T,KO,F,100,68.5
2025-11-05,9:52:02.345055931,T,KO,F I,1,68.5
2025-11-05,9:52:02.367501410,T,KO,F I,46,68.5
2025-11-05,9:52:02.367501410,T,KO,F I,25,68.5
2025-11-05,9:52:02.402808458,T,KO,F,130,68.495
2025-11-05,9:52:02.402808458,T,KO,F I,45,68.5
2025-11-05,9:52:02.402811514,T,KO,F I,25,68.5
2025-11-05,9:52:02.402820489,T,KO,F I,51,68.5
2025-11-05,9:52:07.260605190,T,KO,,100,68.495
2025-11-05,9:52:08.884190048,T,KO,I,24,68.5
2025-11-05,9:52:08.884193138,T,KO,I,1,68.5
2025-11-05,9:52:08.884193138,T,KO,I,26,68.5
2025-11-05,9:52:08.884490809,T,KO,F I,16,68.5
2025-11-05,9:52:08.884547893,T,KO,I,84,68.5
2025-11-05,9:52:08.884550999,T,KO,I,40,68.5
2025-11-05,9:52:08.884568970,T,KO,I,1,68.5
2025-11-05,9:52:08.884605089,T,KO,I,9,68.5
2025-11-05,9:52:15.650545443,T,KO,I,18,68.5
2025-11-05,9:52:18.687291976,T,KO,F,602,68.5
2025-11-05,9:52:18.687295113,T,KO,F,198,68.5
2025-11-05,9:52:20.245642467,T,KO,,201,68.5
2025-11-05,9:52:20.245895405,T,KO,I,68,68.5
2025-11-05,9:52:20.245898110,T,KO,I,31,68.5
2025-11-05,9:52:20.245919684,T,KO,I,10,68.51
2025-11-05,9:52:20.245922690,T,KO,I,41,68.51
2025-11-05,9:52:20.245925173,T,KO,I,19,68.51
2025-11-05,9:52:20.245967268,T,KO,I,50,68.51
2025-11-05,9:52:20.245970228,T,KO,I,8,68.51
2025-11-05,9:52:20.246054445,T,KO,I,72,68.505
2025-11-05,9:52:20.246058077,T,KO,I,10,68.51
2025-11-05,9:52:20.642762298,T,KO,I,18,68.5
2025-11-05,9:52:30.704901239,T,KO,F I,50,68.51
2025-11-05,9:52:30.704904170,T,KO,F I,52,68.51
2025-11-05,9:52:30.704904170,T,KO,F I,10,68.51
2025-11-05,9:52:33.450759010,T,KO,,100,68.515
2025-11-05,9:52:34.299283863,T,KO,I,3,68.515
2025-11-05,9:52:34.815036396,T,KO,I,25,68.51
2025-11-05,9:52:34.815036396,T,KO,I,25,68.51
2025-11-05,9:52:35.028938704,T,KO,I,35,68.505
2025-11-05,9:52:36.126303304,T,KO,F I,1,68.5
2025-11-05,9:52:37.572002449,T,KO,F I,56,68.49
2025-11-05,9:52:37.601656117,T,KO,I,30,68.485
2025-11-05,9:52:38.488008065,T,KO,,130,68.48
2025-11-05,9:52:38.488011159,T,KO,,100,68.48
2025-11-05,9:52:38.556312762,T,KO,I,10,68.48
2025-11-05,9:52:38.618840749,T,KO,I,90,68.48
2025-11-05,9:52:38.618840749,T,KO,I,30,68.48
2025-11-05,9:52:38.710267450,T,KO,I,10,68.475
2025-11-05,9:52:42.305038133,T,KO,I,10,68.48
2025-11-05,9:52:43.469826228,T,KO,I,6,68.48
2025-11-05,9:52:56.484821465,T,KO,F I,15,68.49
2025-11-05,9:52:56.484824947,T,KO,F I,5,68.49
2025-11-05,9:52:56.484827143,T,KO,F,100,68.49
2025-11-05,9:52:56.485335054,T,KO,,100,68.49
2025-11-05,9:53:00.395505907,T,KO,I,1,68.49
2025-11-05,9:53:00.395523884,T,KO,I,9,68.49
2025-11-05,9:53:00.395529928,T,KO,,130,68.495
2025-11-05,9:53:00.395529928,T,KO,I,24,68.5
2025-11-05,9:53:00.395893784,T,KO,I,76,68.5
2025-11-05,9:53:00.395896835,T,KO,,100,68.5
2025-11-05,9:53:00.396682083,T,KO,I,45,68.5
2025-11-05,9:53:02.770550477,T,KO,I,4,68.49
2025-11-05,9:53:04.058581192,T,KO,I,2,68.49
2025-11-05,9:53:04.954838835,T,KO,I,2,68.49
2025-11-05,9:53:11.004903224,T,KO,,105,68.49
2025-11-05,9:53:11.004909199,T,KO,,335,68.49
2025-11-05,9:53:11.234569192,T,KO,F,100,68.49
2025-11-05,9:53:11.234587145,T,KO,F I,45,68.49
2025-11-05,9:53:11.234590204,T,KO,I,1,68.49
2025-11-05,9:53:11.286767536,T,KO,F I,4,68.49
2025-11-05,9:53:11.286785473,T,KO,F I,46,68.49
2025-11-05,9:53:14.315942038,T,KO,F I,1,68.47
2025-11-05,9:53:17.138004675,T,KO,I,21,68.455
2025-11-05,9:53:18.759243650,T,KO,F I,10,68.46
2025-11-05,9:53:18.759246554,T,KO,F I,16,68.46
2025-11-05,9:53:18.759267601,T,KO,F I,34,68.46
2025-11-05,9:53:18.759303739,T,KO,F,300,68.46
2025-11-05,9:53:18.759430060,T,KO,F I,34,68.46
2025-11-05,9:53:18.759454087,T,KO,F I,60,68.46
2025-11-05,9:53:20.712476547,T,KO,I,6,68.46
2025-11-05,9:53:23.249309498,T,KO,F,100,68.46
2025-11-05,9:53:29.881984451,T,KO,I,25,68.455
2025-11-05,9:53:33.054173677,T,KO,I,27,68.46
2025-11-05,9:53:33.054173677,T,KO,I,10,68.46
2025-11-05,9:53:34.209131353,T,KO,F,100,68.47
2025-11-05,9:53:34.209134406,T,KO,F,100,68.47
2025-11-05,9:53:43.356831992,T,KO,F I,8,68.45
2025-11-05,9:53:46.578969490,T,KO,,100,68.44
2025-11-05,9:53:46.578985150,T,KO,I,1,68.44
2025-11-05,9:53:46.580196587,T,KO,F I,52,68.44
2025-11-05,9:53:46.580199453,T,KO,F I,5,68.44
2025-11-05,9:53:46.580202533,T,KO,F I,25,68.44
2025-11-05,9:53:46.580265654,T,KO,,100,68.44
2025-11-05,9:53:46.636126680,T,KO,I,2,68.44
2025-11-05,9:53:46.636126680,T,KO,I,52,68.44
2025-11-05,9:53:46.636129964,T,KO,I,19,68.44
2025-11-05,9:53:46.636132707,T,KO,I,11,68.44
2025-11-05,9:53:51.519613659,T,KO,I,30,68.435
2025-11-05,9:53:51.519616677,T,KO,I,3,68.435
2025-11-05,9:53:53.765263035,T,KO,I,20,68.435
2025-11-05,9:53:55.108345899,T,KO,F,100,68.44
2025-11-05,9:53:55.858028352,T,KO,I,6,68.46
2025-11-05,9:53:57.056734355,T,KO,I,10,68.465
2025-11-05,9:54:04.305155865,T,KO,F I,10,68.48
2025-11-05,9:54:17.539192474,T,KO,I,6,68.51
2025-11-05,9:54:17.539192474,T,KO,I,10,68.51
2025-11-05,9:54:24.725543528,T,KO,F,100,68.51
2025-11-05,9:54:24.725543528,T,KO,F,618,68.51
2025-11-05,9:54:24.725545812,T,KO,F,282,68.51
2025-11-05,9:54:24.725557884,T,KO,I,1,68.51
2025-11-05,9:54:24.725564246,T,KO,I,99,68.51
2025-11-05,9:54:24.725564246,T,KO,I,1,68.51
2025-11-05,9:54:24.725567813,T,KO,,138,68.51
2025-11-05,9:54:24.725570346,T,KO,F,561,68.51
2025-11-05,9:54:28.290560611,T,KO,F I,61,68.5
2025-11-05,9:54:30.221002532,T,KO,F,100,68.47
2025-11-05,9:54:31.267157752,T,KO,I,1,68.465
2025-11-05,9:54:38.039148492,T,KO,I,33,68.47
2025-11-05,9:54:38.039151581,T,KO,,100,68.47
2025-11-05,9:54:38.039155048,T,KO,,100,68.47
2025-11-05,9:54:38.039155048,T,KO,I,70,68.47
2025-11-05,9:54:38.039157678,T,KO,,100,68.47
2025-11-05,9:54:38.039169480,T,KO,I,1,68.47
2025-11-05,9:54:38.141160462,T,KO,I,54,68.47
2025-11-05,9:54:39.022198760,T,KO,F I,46,68.46
2025-11-05,9:54:39.022544608,T,KO,I,6,68.46
2025-11-05,9:54:41.579919507,T,KO,F I,54,68.46
2025-11-05,9:54:41.580012761,T,KO,F,100,68.46
2025-11-05,9:54:51.166181591,T,KO,F I,51,68.47
2025-11-05,9:54:51.166187270,T,KO,F I,10,68.47
2025-11-05,9:54:51.166187270,T,KO,F I,6,68.47
2025-11-05,9:54:51.166190220,T,KO,F I,33,68.47
2025-11-05,9:54:51.166202240,T,KO,F I,67,68.47
2025-11-05,9:54:51.166202240,T,KO,F I,92,68.47
2025-11-05,9:54:51.166223394,T,KO,F I,20,68.47
2025-11-05,9:54:51.166539098,T,KO,I,67,68.47
2025-11-05,9:54:51.166758595,T,KO,I,25,68.47
2025-11-05,9:54:53.732424314,T,KO,,100,68.485
2025-11-05,9:54:55.336856540,T,KO,F I,1,68.47
2025-11-05,9:54:56.604886608,T,KO,F,167,68.47
2025-11-05,9:55:00.268629594,T,KO,I,10,68.48
2025-11-05,9:55:01.004289780,T,KO,,100,68.48
2025-11-05,9:55:05.263086878,T,KO,,130,68.475
2025-11-05,9:55:05.380330380,T,KO,I,25,68.49
2025-11-05,9:55:05.380333208,T,KO,,100,68.49
2025-11-05,9:55:05.380333208,T,KO,I,53,68.49
2025-11-05,9:55:05.380348411,T,KO,I,1,68.49
2025-11-05,9:55:05.380372227,T,KO,I,24,68.49
2025-11-05,9:55:08.085347643,T,KO,F,100,68.48
2025-11-05,9:55:08.466758175,T,KO,F,100,68.49
2025-11-05,9:55:08.466758175,T,KO,F I,10,68.49
2025-11-05,9:55:08.466773035,T,KO,F,110,68.49
2025-11-05,9:55:08.466776066,T,KO,F I,33,68.49
2025-11-05,9:55:08.467588687,T,KO,,100,68.5
2025-11-05,9:55:08.467590953,T,KO,,100,68.5
2025-11-05,9:55:08.467841248,T,KO,I,48,68.5
2025-11-05,9:55:08.467841248,T,KO,I,95,68.5
2025-11-05,9:55:08.474979604,T,KO,,100,68.5
2025-11-05,9:55:09.758875619,T,KO,F I,4,68.5
2025-11-05,9:55:09.758878428,T,KO,F I,44,68.5
2025-11-05,9:55:09.758881347,T,KO,F I,95,68.5
2025-11-05,9:55:09.758890503,T,KO,F I,43,68.5
2025-11-05,9:55:10.964790085,T,KO,,100,68.51
2025-11-05,9:55:10.964792517,T,KO,I,25,68.51
2025-11-05,9:55:10.964810506,T,KO,I,1,68.51
2025-11-05,9:55:14.456555765,T,KO,F I,3,68.51
2025-11-05,9:55:14.456558858,T,KO,F,200,68.51
2025-11-05,9:55:14.456561832,T,KO,F I,1,68.51
2025-11-05,9:55:16.311965748,T,KO,F,100,68.52
2025-11-05,9:55:16.311977769,T,KO,F I,1,68.52
2025-11-05,9:55:16.311981479,T,KO,F I,25,68.52
2025-11-05,9:55:16.311981479,T,KO,I,1,68.52
2025-11-05,9:55:16.311983913,T,KO,I,46,68.52
2025-11-05,9:55:19.135279090,T,KO,I,25,68.52
2025-11-05,9:55:27.188435190,T,KO,F,100,68.51
2025-11-05,9:55:27.198653508,T,KO,I,15,68.505
2025-11-05,9:55:40.744569090,T,KO,I,1,68.5
2025-11-05,9:55:41.903592362,T,KO,I,14,68.48
2025-11-05,9:55:41.903592362,T,KO,I,50,68.48
2025-11-05,9:55:41.903595117,T,KO,I,45,68.48
2025-11-05,9:55:41.903610201,T,KO,F I,55,68.48
2025-11-05,9:55:41.903613159,T,KO,F I,25,68.48
2025-11-05,9:55:44.234091697,T,KO,,130,68.485
2025-11-05,9:55:44.235535140,T,KO,,100,68.48
2025-11-05,9:55:47.433309209,T,KO,F,100,68.49
2025-11-05,9:55:47.433324342,T,KO,I,1,68.49
2025-11-05,9:55:47.433339628,T,KO,F I,99,68.49
2025-11-05,9:55:49.675999663,T,KO,I,25,68.48
2025-11-05,9:55:49.772538520,T,KO,F I,4,68.47
2025-11-05,9:55:49.773308390,T,KO,,100,68.47
2025-11-05,9:55:49.773311810,T,KO,I,45,68.47
2025-11-05,9:55:49.773311810,T,KO,I,17,68.47
2025-11-05,9:55:50.776404505,T,KO,F I,15,68.47
2025-11-05,9:55:50.776407453,T,KO,F I,42,68.47
2025-11-05,9:55:50.776446586,T,KO,I,3,68.47
2025-11-05,9:55:50.781657938,T,KO,I,56,68.465
2025-11-05,9:55:51.973565563,T,KO,F,200,68.47
2025-11-05,9:55:51.973565563,T,KO,F,100,68.47
2025-11-05,9:55:55.610871696,T,KO,I,37,68.47
2025-11-05,9:55:55.610895699,T,KO,F I,1,68.47
2025-11-05,9:55:55.611226514,T,KO,I,13,68.47
2025-11-05,9:55:58.164983788,T,KO,I,1,68.465
2025-11-05,9:55:58.165116156,T,KO,I,15,68.465
2025-11-05,9:56:00.072706558,T,KO,I,29,68.47
2025-11-05,9:56:06.257220994,T,KO,I,58,68.465
2025-11-05,9:56:09.645432756,T,KO,,140,68.465
2025-11-05,9:56:12.087651346,T,KO,F,100,68.47
2025-11-05,9:56:12.087654902,T,KO,F I,13,68.47
2025-11-05,9:56:12.087654902,T,KO,F I,15,68.47
2025-11-05,9:56:12.087658548,T,KO,F I,14,68.47
2025-11-05,9:56:26.861312553,T,KO,F I,58,68.475
2025-11-05,9:56:35.968205721,T,KO,F,100,68.47
2025-11-05,9:56:35.968205721,T,KO,F I,1,68.47
2025-11-05,9:56:35.968211424,T,KO,F,100,68.47
2025-11-05,9:56:35.968211424,T,KO,F I,1,68.47
2025-11-05,9:56:35.968220566,T,KO,I,1,68.47
2025-11-05,9:56:35.968223496,T,KO,F I,1,68.47
2025-11-05,9:56:35.968238532,T,KO,F I,98,68.47
2025-11-05,9:56:35.968241778,T,KO,F,100,68.47
2025-11-05,9:56:35.968244655,T,KO,F I,99,68.47
2025-11-05,9:56:39.006449567,T,KO,I,2,68.46
2025-11-05,9:56:39.006452664,T,KO,I,4,68.46
2025-11-05,9:56:39.006455691,T,KO,I,10,68.46
2025-11-05,9:56:39.006467880,T,KO,F I,6,68.46
2025-11-05,9:56:39.196598520,T,KO,I,50,68.445
2025-11-05,9:56:39.339700317,T,KO,I,35,68.45
2025-11-05,9:56:49.072699574,T,KO,F I,8,68.44
2025-11-05,9:56:49.072699574,T,KO,F I,1,68.44
2025-11-05,9:56:49.137043604,T,KO,I,26,68.435
2025-11-05,9:56:49.137046580,T,KO,I,20,68.435
2025-11-05,9:56:50.839851910,T,KO,I,45,68.43
2025-11-05,9:56:50.855540322,T,KO,,100,68.435
2025-11-05,9:56:50.855543489,T,KO,I,72,68.44
2025-11-05,9:56:50.855546278,T,KO,,100,68.44
2025-11-05,9:56:53.078549018,T,KO,F I,32,68.44
2025-11-05,9:56:54.247628206,T,KO,I,50,68.44
2025-11-05,9:56:58.972463253,T,KO,I,50,68.435
2025-11-05,9:57:00.609150510,T,KO,I,50,68.44
2025-11-05,9:57:00.609150510,T,KO,I,26,68.44
2025-11-05,9:57:00.609165500,T,KO,I,75,68.44
2025-11-05,9:57:12.631210416,T,KO,I,2,68.44
2025-11-05,9:57:19.655764654,T,KO,F,140,68.435
2025-11-05,9:57:19.655764654,T,KO,F I,25,68.44
2025-11-05,9:57:19.655767490,T,KO,F I,50,68.44
2025-11-05,9:57:19.655772850,T,KO,F I,9,68.44
2025-11-05,9:57:19.655772850,T,KO,F I,1,68.44
2025-11-05,9:57:19.655776728,T,KO,F I,53,68.44
2025-11-05,9:57:19.655776728,T,KO,F I,22,68.44
2025-11-05,9:57:19.655776728,T,KO,F I,8,68.44
2025-11-05,9:57:19.656332841,T,KO,F I,70,68.44
2025-11-05,9:57:19.656332841,T,KO,F I,60,68.44
2025-11-05,9:57:19.656335663,T,KO,F I,10,68.44
2025-11-05,9:57:19.675397426,T,KO,F I,1,68.45
2025-11-05,9:57:28.371403689,T,KO,F I,4,68.43
2025-11-05,9:57:28.371403689,T,KO,F I,52,68.43
2025-11-05,9:57:28.371406774,T,KO,F I,41,68.43
2025-11-05,9:57:28.966121108,T,KO,,140,68.425
2025-11-05,9:57:30.225911528,T,KO,I,13,68.43
2025-11-05,9:57:30.249574914,T,KO,,140,68.435
2025-11-05,9:57:44.392511023,T,KO,F I,10,68.44
2025-11-05,9:57:44.392517098,T,KO,F,100,68.44
2025-11-05,9:57:44.392520055,T,KO,F,100,68.44
2025-11-05,9:57:44.392520055,T,KO,F I,5,68.44
2025-11-05,9:57:49.836418817,T,KO,F I,50,68.44
2025-11-05,9:57:49.836466939,T,KO,F I,50,68.44
2025-11-05,9:57:52.730012426,T,KO,I,10,68.44
2025-11-05,9:57:54.992144065,T,KO,F I,2,68.45
2025-11-05,9:57:55.302525333,T,KO,I,25,68.45
2025-11-05,9:58:12.411326170,T,KO,F I,12,68.45
2025-11-05,9:58:12.411329236,T,KO,F,400,68.45
2025-11-05,9:58:14.139761737,T,KO,I,50,68.45
2025-11-05,9:58:14.139761737,T,KO,I,25,68.45
2025-11-05,9:58:15.598424879,T,KO,F I,16,68.46
2025-11-05,9:58:15.598427927,T,KO,F I,84,68.46
2025-11-05,9:58:15.598438629,T,KO,F I,16,68.46
2025-11-05,9:58:15.598438629,T,KO,F I,5,68.46
2025-11-05,9:58:15.598443092,T,KO,F I,25,68.46
2025-11-05,9:58:15.598443092,T,KO,I,1,68.46
2025-11-05,9:58:15.598466952,T,KO,I,46,68.46
2025-11-05,9:58:15.598503097,T,KO,I,1,68.46
2025-11-05,9:58:18.235820371,T,KO,I,4,68.46
2025-11-05,9:58:36.478380063,T,KO,F,100,68.45
2025-11-05,9:58:36.478382812,T,KO,F I,53,68.45
2025-11-05,9:58:36.478387594,T,KO,F,515,68.45
2025-11-05,9:58:36.478390598,T,KO,F,124,68.45
2025-11-05,9:58:36.478402592,T,KO,F I,76,68.45
2025-11-05,9:58:36.478402592,T,KO,F,200,68.45
2025-11-05,9:58:36.478406236,T,KO,F,100,68.45
2025-11-05,9:58:37.988049314,T,KO,I,25,68.45
2025-11-05,9:58:37.988052265,T,KO,I,9,68.45
2025-11-05,9:58:37.988052265,T,KO,I,4,68.45
2025-11-05,9:58:39.521527509,T,KO,F I,2,68.45
2025-11-05,9:58:40.420004277,T,KO,F I,23,68.46
2025-11-05,9:58:46.525262206,T,KO,,200,68.47
2025-11-05,9:58:46.525278149,T,KO,I,1,68.47
2025-11-05,9:58:46.525280281,T,KO,I,99,68.47
2025-11-05,9:58:47.708475263,T,KO,F I,25,68.46
2025-11-05,9:58:52.257923625,T,KO,,138,68.455
2025-11-05,9:58:56.009069740,T,KO,F I,14,68.46
2025-11-05,9:58:56.009072663,T,KO,F I,1,68.46
2025-11-05,9:59:00.544008493,T,KO,I,62,68.46
2025-11-05,9:59:01.833293218,T,KO,I,56,68.445
2025-11-05,9:59:03.011614571,T,KO,I,1,68.45
2025-11-05,9:59:06.552595057,T,KO,,140,68.43
2025-11-05,9:59:25.293289546,T,KO,I,25,68.45
2025-11-05,9:59:25.293304519,T,KO,I,75,68.45
2025-11-05,9:59:27.674787830,T,KO,,100,68.46
2025-11-05,9:59:27.674790530,T,KO,,100,68.46
2025-11-05,9:59:37.789705310,T,KO,F I,53,68.46
2025-11-05,9:59:39.792640800,T,KO,F I,3,68.45
2025-11-05,9:59:40.788621964,T,KO,I,35,68.45
2025-11-05,9:59:55.377679582,T,KO,,100,68.45
2025-11-05,9:59:55.377679582,T,KO,I,3,68.45
2025-11-05,10:00:00.009148413,T,KO,F I,1,68.45
2025-11-05,10:00:00.009151862,T,KO,F,100,68.45
2025-11-05,10:00:00.009154375,T,KO,F I,25,68.45
2025-11-05,10:00:00.009371335,T,KO,,126,68.45
2025-11-05,10:00:00.009374320,T,KO,F I,54,68.45
2025-11-05,10:00:00.014549263,T,KO,F I,25,68.44
2025-11-05,10:00:00.014552215,T,KO,F,485,68.44
2025-11-05,10:00:00.052737230,T,KO,I,25,68.44
2025-11-05,10:00:00.075326956,T,KO,F I,65,68.44
2025-11-05,10:00:00.075330449,T,KO,F I,25,68.45
2025-11-05,10:00:00.075330449,T,KO,F,100,68.45
2025-11-05,10:00:00.075351000,T,KO,I,1,68.45
2025-11-05,10:00:00.188666955,T,KO,I,1,68.45
2025-11-05,10:00:01.348270704,T,KO,F I,98,68.45
2025-11-05,10:00:01.348273813,T,KO,F,100,68.45
2025-11-05,10:00:04.551030666,T,KO,I,2,68.45
2025-11-05,10:00:04.710756173,T,KO,I,3,68.45
2025-11-05,10:00:05.508405869,T,KO,I,5,68.45
2025-11-05,10:00:06.429544856,T,KO,F I,1,68.45
2025-11-05,10:00:10.700965997,T,KO,I,27,68.455
2025-11-05,10:00:11.058057580,T,KO,,100,68.46
2025-11-05,10:00:11.058072521,T,KO,I,1,68.46
2025-11-05,10:00:11.058614149,T,KO,F I,43,68.46
2025-11-05,10:00:11.058617235,T,KO,F,100,68.46
2025-11-05,10:00:11.058619843,T,KO,F I,9,68.46
2025-11-05,10:00:11.058634885,T,KO,I,1,68.46
2025-11-05,10:00:11.058634885,T,KO,I,99,68.46
2025-11-05,10:00:11.061855565,T,KO,I,43,68.45
2025-11-05,10:00:15.049806609,T,KO,I,25,68.45
2025-11-05,10:00:15.049806609,T,KO,,100,68.45
2025-11-05,10:00:15.050191513,T,KO,I,43,68.45
2025-11-05,10:00:15.050194572,T,KO,I,97,68.45
2025-11-05,10:00:15.139299796,T,KO,I,53,68.46
2025-11-05,10:00:15.139302815,T,KO,I,3,68.46
2025-11-05,10:00:15.139305807,T,KO,I,55,68.46
2025-11-05,10:00:15.139693683,T,KO,I,45,68.46
2025-11-05,10:00:15.143173346,T,KO,I,43,68.46
2025-11-05,10:00:15.143176838,T,KO,I,10,68.46
2025-11-05,10:00:15.143179070,T,KO,I,43,68.46
2025-11-05,10:00:15.143179070,T,KO,I,94,68.46
2025-11-05,10:00:15.143194012,T,KO,I,6,68.46
2025-11-05,10:00:15.143197012,T,KO,I,33,68.46
2025-11-05,10:00:15.143200832,T,KO,I,1,68.46
2025-11-05,10:00:19.410224783,T,KO,F,100,68.44
2025-11-05,10:00:19.535581365,T,KO,F I,40,68.43
2025-11-05,10:00:19.535581365,T,KO,F,100,68.43
2025-11-05,10:00:19.548006942,T,KO,I,38,68.43
2025-11-05,10:00:19.548313597,T,KO,F I,4,68.43
2025-11-05,10:00:19.548316675,T,KO,F I,5,68.43
2025-11-05,10:00:19.548337728,T,KO,I,8,68.43
2025-11-05,10:00:20.650342371,T,KO,F I,4,68.44
2025-11-05,10:00:21.289983728,T,KO,,100,68.44
2025-11-05,10:00:21.289986732,T,KO,I,37,68.44
2025-11-05,10:00:21.290002040,T,KO,I,1,68.44
2025-11-05,10:00:21.290492032,T,KO,F I,9,68.44
2025-11-05,10:00:21.290495878,T,KO,F,100,68.44
2025-11-05,10:00:21.290495878,T,KO,F I,42,68.44
2025-11-05,10:00:21.290515982,T,KO,I,1,68.44
2025-11-05,10:00:21.290943517,T,KO,,100,68.44
2025-11-05,10:00:21.290946111,T,KO,I,42,68.44
2025-11-05,10:00:21.290946111,T,KO,I,2,68.44
2025-11-05,10:00:21.291111679,T,KO,,100,68.44
2025-11-05,10:00:21.291111679,T,KO,I,25,68.44
2025-11-05,10:00:21.291114613,T,KO,I,1,68.44
2025-11-05,10:00:21.291478403,T,KO,F I,42,68.44
2025-11-05,10:00:21.291478403,T,KO,F I,2,68.44
2025-11-05,10:00:21.291520446,T,KO,I,42,68.44
2025-11-05,10:00:21.291520446,T,KO,I,19,68.44
2025-11-05,10:00:21.291523766,T,KO,I,40,68.44
2025-11-05,10:00:21.291523766,T,KO,I,2,68.44
2025-11-05,10:00:21.291529474,T,KO,I,63,68.44
2025-11-05,10:00:25.441482336,T,KO,F I,7,68.44
2025-11-05,10:00:25.441485253,T,KO,F I,40,68.44
2025-11-05,10:00:25.441488316,T,KO,F I,2,68.44
2025-11-05,10:00:25.457215696,T,KO,I,42,68.44
2025-11-05,10:00:27.023072219,T,KO,F I,11,68.44
2025-11-05,10:00:27.023075120,T,KO,F I,42,68.44
2025-11-05,10:00:30.871388462,T,KO,F,100,68.45
2025-11-05,10:00:30.871391446,T,KO,F I,25,68.45
2025-11-05,10:00:30.871391446,T,KO,F,100,68.45
2025-11-05,10:00:30.871406537,T,KO,I,1,68.45
2025-11-05,10:00:30.871791405,T,KO,F I,99,68.45
2025-11-05,10:00:30.873481849,T,KO,F I,41,68.45
2025-11-05,10:00:30.873484747,T,KO,F I,8,68.45
2025-11-05,10:00:32.798089260,T,KO,F,100,68.44
2025-11-05,10:00:34.188886653,T,KO,I,41,68.44
2025-11-05,10:00:34.198395371,T,KO,F I,25,68.45
2025-11-05,10:00:34.198401359,T,KO,F I,51,68.45
2025-11-05,10:00:34.198401359,T,KO,F I,24,68.45
2025-11-05,10:00:34.198407397,T,KO,F I,76,68.45
2025-11-05,10:00:34.198413433,T,KO,I,1,68.45
2025-11-05,10:00:34.198669034,T,KO,I,25,68.45
2025-11-05,10:00:34.201820486,T,KO,I,40,68.45
2025-11-05,10:00:34.201820486,T,KO,,100,68.45
2025-11-05,10:00:34.201823547,T,KO,I,34,68.45
2025-11-05,10:00:39.378550886,T,KO,I,40,68.45
2025-11-05,10:00:44.889076212,T,KO,F,100,68.46
2025-11-05,10:00:44.889079303,T,KO,F I,1,68.46
2025-11-05,10:00:44.917388637,T,KO,I,63,68.45
2025-11-05,10:00:44.981011181,T,KO,I,24,68.45
2025-11-05,10:00:44.981014280,T,KO,,116,68.45
2025-11-05,10:00:44.981041306,T,KO,F I,59,68.45
2025-11-05,10:00:47.388175607,T,KO,,100,68.45
2025-11-05,10:00:47.388179075,T,KO,I,25,68.45
2025-11-05,10:00:47.388181745,T,KO,I,3,68.45
2025-11-05,10:00:50.370618634,T,KO,,100,68.44
2025-11-05,10:00:50.370621612,T,KO,I,42,68.44
2025-11-05,10:00:51.505735166,T,KO,I,25,68.45
2025-11-05,10:00:51.505738127,T,KO,,100,68.45
2025-11-05,10:00:51.505756182,T,KO,I,1,68.45
2025-11-05,10:00:54.988642468,T,KO,,100,68.445
2025-11-05,10:01:05.346503047,T,KO,,100,68.45
2025-11-05,10:01:05.346505543,T,KO,I,1,68.45
2025-11-05,10:01:05.346509206,T,KO,,100,68.45
2025-11-05,10:01:05.346509206,T,KO,,200,68.45
2025-11-05,10:01:05.346514952,T,KO,I,1,68.45
2025-11-05,10:01:05.346514952,T,KO,I,99,68.45
2025-11-05,10:01:05.346517504,T,KO,,102,68.45
2025-11-05,10:01:05.346520756,T,KO,I,1,68.45
2025-11-05,10:01:05.346523693,T,KO,I,49,68.45
2025-11-05,10:01:05.347576108,T,KO,I,42,68.45
2025-11-05,10:01:05.347579839,T,KO,,100,68.45
2025-11-05,10:01:05.347579839,T,KO,I,10,68.45
2025-11-05,10:01:05.347597128,T,KO,I,1,68.45
2025-11-05,10:01:05.347600103,T,KO,,129,68.45
2025-11-05,10:01:05.359208354,T,KO,I,42,68.45
2025-11-05,10:01:05.359208354,T,KO,I,6,68.45
2025-11-05,10:01:05.359210815,T,KO,I,2,68.45
2025-11-05,10:01:05.359261907,T,KO,,100,68.45
2025-11-05,10:01:05.359310135,T,KO,F I,2,68.45
2025-11-05,10:01:07.518193756,T,KO,F,100,68.45
2025-11-05,10:01:07.518235928,T,KO,I,52,68.45
2025-11-05,10:01:10.667673827,T,KO,I,6,68.45
2025-11-05,10:01:10.667675877,T,KO,,100,68.45
2025-11-05,10:01:10.667679534,T,KO,I,25,68.45
2025-11-05,10:01:10.667925855,T,KO,,100,68.455
2025-11-05,10:01:10.667928610,T,KO,,100,68.46
2025-11-05,10:01:10.667934602,T,KO,I,25,68.46
2025-11-05,10:01:10.667934602,T,KO,,100,68.46
2025-11-05,10:01:10.667934602,T,KO,,100,68.46
2025-11-05,10:01:10.667937665,T,KO,,100,68.46
2025-11-05,10:01:10.667940805,T,KO,I,42,68.46
2025-11-05,10:01:10.667940805,T,KO,,100,68.46
2025-11-05,10:01:10.667943603,T,KO,I,53,68.46
2025-11-05,10:01:10.667943603,T,KO,I,69,68.46
2025-11-05,10:01:10.667950022,T,KO,I,1,68.46
2025-11-05,10:01:10.668508931,T,KO,,100,68.46
2025-11-05,10:01:16.617785574,T,KO,,100,68.47
2025-11-05,10:01:16.617789151,T,KO,I,53,68.47
2025-11-05,10:01:16.617789151,T,KO,I,61,68.47
2025-11-05,10:01:16.617789151,T,KO,I,5,68.47
2025-11-05,10:01:16.617794189,T,KO,I,21,68.47
2025-11-05,10:01:16.617794189,T,KO,I,7,68.47
2025-11-05,10:01:16.617794189,T,KO,I,53,68.47
2025-11-05,10:01:16.617806679,T,KO,F I,52,68.47
2025-11-05,10:01:22.851193806,T,KO,F I,55,68.47
2025-11-05,10:01:22.851197100,T,KO,F,100,68.47
2025-11-05,10:01:22.851200118,T,KO,F I,1,68.47
2025-11-05,10:01:22.851203217,T,KO,F I,1,68.47
2025-11-05,10:01:22.851203217,T,KO,F I,1,68.47
2025-11-05,10:01:22.851208324,T,KO,F I,1,68.47
2025-11-05,10:01:22.851214848,T,KO,I,1,68.47
2025-11-05,10:01:22.851214848,T,KO,F I,3,68.47
2025-11-05,10:01:22.851220299,T,KO,I,16,68.47
2025-11-05,10:01:22.851265384,T,KO,F I,1,68.47
2025-11-05,10:01:22.851268997,T,KO,F I,55,68.47
2025-11-05,10:01:22.851274561,T,KO,F I,1,68.47
2025-11-05,10:01:22.851274561,T,KO,F I,1,68.47
2025-11-05,10:01:22.851277479,T,KO,F I,1,68.47
2025-11-05,10:01:22.851340561,T,KO,I,24,68.47
2025-11-05,10:01:27.358042181,T,KO,I,42,68.47
2025-11-05,10:01:27.358045261,T,KO,I,16,68.47
2025-11-05,10:01:27.358063462,T,KO,F I,84,68.47
2025-11-05,10:01:27.358063462,T,KO,F I,57,68.47
2025-11-05,10:01:27.358076150,T,KO,F,100,68.47
2025-11-05,10:01:28.096974101,T,KO,F,152,68.48
2025-11-05,10:01:28.117825859,T,KO,F I,6,68.49
2025-11-05,10:01:28.118228704,T,KO,I,6,68.49
2025-11-05,10:01:28.120008999,T,KO,I,86,68.49
2025-11-05,10:01:38.336923342,T,KO,F,100,68.49
2025-11-05,10:01:38.336944377,T,KO,I,10,68.49
2025-11-05,10:01:38.345057758,T,KO,I,90,68.485
2025-11-05,10:01:38.836746799,T,KO,I,6,68.49
2025-11-05,10:01:45.944769938,T,KO,I,7,68.47
2025-11-05,10:01:45.963946657,T,KO,,130,68.465
2025-11-05,10:01:46.091784099,T,KO,I,23,68.46
2025-11-05,10:01:52.314772390,T,KO,F I,5,68.46
2025-11-05,10:01:52.314775344,T,KO,F,100,68.46
2025-11-05,10:01:53.536645509,T,KO,I,10,68.465
2025-11-05,10:01:58.717188924,T,KO,I,1,68.465
2025-11-05,10:02:00.561640798,T,KO,I,2,68.46
2025-11-05,10:02:06.690023673,T,KO,I,71,68.445
2025-11-05,10:02:06.690026669,T,KO,I,3,68.445
2025-11-05,10:02:11.388961092,T,KO,,100,68.46
2025-11-05,10:02:11.388979103,T,KO,I,1,68.46
2025-11-05,10:02:11.389757909,T,KO,F,100,68.46
2025-11-05,10:02:11.389770361,T,KO,F I,48,68.46
2025-11-05,10:02:11.389770361,T,KO,F I,6,68.46
2025-11-05,10:02:11.389775954,T,KO,F,100,68.46
2025-11-05,10:02:14.146083783,T,KO,F I,6,68.44
2025-11-05,10:02:14.146083783,T,KO,F I,7,68.44
2025-11-05,10:02:22.241412152,T,KO,I,63,68.435
2025-11-05,10:02:22.710463390,T,KO,,297,68.435
2025-11-05,10:02:22.714853887,T,KO,I,6,68.44
2025-11-05,10:02:22.715217678,T,KO,I,48,68.44
2025-11-05,10:02:22.715217678,T,KO,I,50,68.44
2025-11-05,10:02:22.716018541,T,KO,F I,44,68.44
2025-11-05,10:02:22.716018541,T,KO,F,100,68.44
2025-11-05,10:02:22.716023595,T,KO,F,100,68.44
2025-11-05,10:02:22.716026918,T,KO,F,100,68.44
2025-11-05,10:02:31.908352795,T,KO,F I,1,68.43
2025-11-05,10:02:33.448136988,T,KO,I,44,68.43
2025-11-05,10:02:35.995783730,T,KO,I,31,68.43
2025-11-05,10:02:35.995786694,T,KO,I,24,68.43
2025-11-05,10:02:45.436501521,T,KO,I,31,68.43
2025-11-05,10:02:45.436532080,T,KO,I,2,68.43
2025-11-05,10:02:45.436534606,T,KO,I,19,68.43
2025-11-05,10:02:45.436552627,T,KO,I,20,68.43
2025-11-05,10:02:45.454791408,T,KO,I,60,68.43
2025-11-05,10:02:45.454791408,T,KO,I,10,68.43
2025-11-05,10:02:52.306916853,T,KO,F,100,68.42
2025-11-05,10:02:52.306916853,T,KO,F,100,68.42
2025-11-05,10:02:52.307903093,T,KO,,190,68.42
2025-11-05,10:02:52.321146632,T,KO,I,16,68.415
2025-11-05,10:02:53.788482246,T,KO,I,48,68.42
2025-11-05,10:02:56.348656926,T,KO,I,25,68.41
2025-11-05,10:02:56.350226643,T,KO,F I,42,68.405
2025-11-05,10:02:56.350278044,T,KO,F I,42,68.405
2025-11-05,10:02:56.350301915,T,KO,F I,20,68.4
2025-11-05,10:02:56.350301915,T,KO,F I,9,68.4
2025-11-05,10:02:56.350334864,T,KO,I,13,68.4
2025-11-05,10:02:56.351214221,T,KO,,100,68.4
2025-11-05,10:02:56.351214221,T,KO,,100,68.4
2025-11-05,10:02:56.351219883,T,KO,I,41,68.4
2025-11-05,10:02:56.351219883,T,KO,,100,68.4
2025-11-05,10:02:56.351222580,T,KO,I,50,68.4
2025-11-05,10:02:56.351222580,T,KO,,100,68.4
2025-11-05,10:02:56.351228250,T,KO,I,25,68.4
2025-11-05,10:02:56.351234562,T,KO,I,1,68.4
2025-11-05,10:03:00.627000526,T,KO,I,10,68.405
2025-11-05,10:03:02.753858138,T,KO,I,5,68.405
2025-11-05,10:03:02.961220077,T,KO,F I,50,68.41
2025-11-05,10:03:02.961220077,T,KO,F I,1,68.41
2025-11-05,10:03:02.961259157,T,KO,F I,51,68.41
2025-11-05,10:03:02.961941759,T,KO,I,92,68.415
2025-11-05,10:03:05.348197040,T,KO,I,18,68.43
2025-11-05,10:03:05.989982475,T,KO,,100,68.425
2025-11-05,10:03:09.898502262,T,KO,,100,68.425
2025-11-05,10:03:14.810927138,T,KO,I,9,68.425
2025-11-05,10:03:17.356345568,T,KO,I,9,68.43
2025-11-05,10:03:17.965912306,T,KO,I,18,68.43
2025-11-05,10:03:17.965912306,T,KO,I,12,68.43
