DATE,TIME_M,EX,SYM_ROOT,TR_SCOND,SIZE,PRICE
2025-10-22,9:30:00.028322961,T,KO,FTI,1,71.29
2025-10-22,9:30:00.102425355,T,KO,TI,1,71.28
2025-10-22,9:30:00.102446496,T,KO,TI,1,71.28
2025-10-22,9:30:00.102807338,T,KO,T,198,71.28
2025-10-22,9:30:00.103643298,T,KO,FT,100,71.31
2025-10-22,9:30:00.106653483,T,KO,FT,100,71.36
2025-10-22,9:30:00.415714578,T,KO,FTI,10,71.37
2025-10-22,9:30:00.416658770,T,KO,FTI,1,71.37
2025-10-22,9:30:00.417170017,T,KO,FTI,12,71.37
2025-10-22,9:30:00.417786449,T,KO,FTI,10,71.37
2025-10-22,9:30:00.417825584,T,KO,TI,24,71.37
2025-10-22,9:30:00.418144367,T,KO,FTI,81,71.37
2025-10-22,9:30:00.418174727,T,KO,T,162,71.37
2025-10-22,9:30:00.418174727,T,KO,TI,40,71.37
2025-10-22,9:30:00.418526199,T,KO,FTI,14,71.37
2025-10-22,9:30:00.418553363,T,KO,TI,46,71.37
2025-10-22,9:30:01.219790849,T,KO,I,50,71.48
2025-10-22,9:30:01.219817762,T,KO,,105,71.48
2025-10-22,9:30:01.219820789,T,KO,Q,50,71.48
2025-10-22,9:30:01.219838900,T,KO,F,155,71.48
2025-10-22,9:30:01.220194165,T,KO,F,155,71.49
2025-10-22,9:30:01.220278452,T,KO,F I,20,71.5
2025-10-22,9:30:01.220281262,T,KO,F I,1,71.5
2025-10-22,9:30:01.220284099,T,KO,F,100,71.5
2025-10-22,9:30:01.220286918,T,KO,F,200,71.5
2025-10-22,9:30:01.220286918,T,KO,F I,4,71.5
2025-10-22,9:30:01.220302837,T,KO,I,23,71.5
2025-10-22,9:30:01.220328999,T,KO,F I,3,71.5
2025-10-22,9:30:01.332820949,T,KO,I,3,71.405
2025-10-22,9:30:02.227930181,T,KO,I,7,71.415
2025-10-22,9:30:02.227930181,T,KO,I,90,71.39
2025-10-22,9:30:02.261020785,T,KO,F I,5,71.37
2025-10-22,9:30:02.261042378,T,KO,F I,1,71.37
2025-10-22,9:30:02.653070984,T,KO,,100,71.345
2025-10-22,9:30:03.855102508,T,KO,I,10,71.36
2025-10-22,9:30:04.031367674,T,KO,I,3,71.32
2025-10-22,9:30:04.031367674,T,KO,,100,71.32
2025-10-22,9:30:04.175217826,T,KO,F I,40,71.28
2025-10-22,9:30:04.175220938,T,KO,F,100,71.28
2025-10-22,9:30:05.107326868,T,KO,I,4,71.275
2025-10-22,9:30:05.171701230,T,KO,,100,71.23
2025-10-22,9:30:05.172837907,T,KO,F I,57,71.225
2025-10-22,9:30:05.173033386,T,KO,,193,71.215
2025-10-22,9:30:05.173036474,T,KO,I,50,71.2
2025-10-22,9:30:05.173036474,T,KO,I,7,71.2
2025-10-22,9:30:05.173078442,T,KO,I,93,71.2
2025-10-22,9:30:05.173081786,T,KO,,100,71.2
2025-10-22,9:30:05.175406033,T,KO,,200,71.21
2025-10-22,9:30:05.175406033,T,KO,,155,71.21
2025-10-22,9:30:05.175460208,T,KO,,100,71.21
2025-10-22,9:30:05.175487172,T,KO,F,100,71.21
2025-10-22,9:30:05.175520292,T,KO,,100,71.2
2025-10-22,9:30:05.175520292,T,KO,I,50,71.2
2025-10-22,9:30:05.175679991,T,KO,,100,71.19
2025-10-22,9:30:05.175682779,T,KO,,200,71.19
2025-10-22,9:30:05.175685663,T,KO,I,50,71.19
2025-10-22,9:30:05.175836023,T,KO,F,100,71.19
2025-10-22,9:30:05.176329439,T,KO,,100,71.19
2025-10-22,9:30:05.177207338,T,KO,F I,93,71.19
2025-10-22,9:30:05.181844368,T,KO,F,250,71.195
2025-10-22,9:30:05.181847403,T,KO,F,256,71.19
2025-10-22,9:30:05.181868427,T,KO,I,1,71.19
2025-10-22,9:30:05.248837859,T,KO,F I,1,71.205
2025-10-22,9:30:05.249045600,T,KO,I,99,71.205
2025-10-22,9:30:05.249048492,T,KO,,293,71.19
2025-10-22,9:30:05.249051387,T,KO,,100,71.19
2025-10-22,9:30:05.249075547,T,KO,I,50,71.18
2025-10-22,9:30:05.249331242,T,KO,I,46,71.18
2025-10-22,9:30:05.249358138,T,KO,F I,70,71.18
2025-10-22,9:30:05.249385212,T,KO,I,24,71.18
2025-10-22,9:30:06.388342216,T,KO,I,50,71.17
2025-10-22,9:30:06.388344934,T,KO,,100,71.17
2025-10-22,9:30:06.388736230,T,KO,I,50,71.16
2025-10-22,9:30:06.388736230,T,KO,,100,71.16
2025-10-22,9:30:06.388738975,T,KO,,150,71.15
2025-10-22,9:30:06.388805061,T,KO,F,100,71.16
2025-10-22,9:30:06.435094933,T,KO,,100,71.15
2025-10-22,9:30:07.086935790,T,KO,,250,71.15
2025-10-22,9:30:08.102219933,T,KO,F,100,71.13
2025-10-22,9:30:08.102222965,T,KO,F I,75,71.11
2025-10-22,9:30:08.102903010,T,KO,,100,71.12
2025-10-22,9:30:08.102905636,T,KO,,125,71.11
2025-10-22,9:30:08.102908682,T,KO,I,50,71.11
2025-10-22,9:30:08.102914621,T,KO,F,100,71.11
2025-10-22,9:30:08.103007867,T,KO,,100,71.12
2025-10-22,9:30:08.103029168,T,KO,I,1,71.12
2025-10-22,9:30:08.103467943,T,KO,,250,71.115
2025-10-22,9:30:08.103471185,T,KO,,100,71.11
2025-10-22,9:30:08.103471185,T,KO,I,1,71.1
2025-10-22,9:30:08.103474417,T,KO,,100,71.1
2025-10-22,9:30:08.103477676,T,KO,I,1,71.1
2025-10-22,9:30:08.103481703,T,KO,I,50,71.1
2025-10-22,9:30:08.103494995,T,KO,I,50,71.1
2025-10-22,9:30:08.103494995,T,KO,,100,71.1
2025-10-22,9:30:08.103494995,T,KO,,125,71.1
2025-10-22,9:30:08.103534132,T,KO,I,15,71.11
2025-10-22,9:30:08.103585264,T,KO,I,15,71.11
2025-10-22,9:30:08.103735557,T,KO,I,15,71.11
2025-10-22,9:30:08.103757183,T,KO,F I,15,71.11
2025-10-22,9:30:08.103805333,T,KO,I,15,71.11
2025-10-22,9:30:08.103903921,T,KO,I,15,71.11
2025-10-22,9:30:08.103934007,T,KO,F I,10,71.11
2025-10-22,9:30:08.104057333,T,KO,I,15,71.1
2025-10-22,9:30:08.108192207,T,KO,,250,71.1
2025-10-22,9:30:08.153227645,T,KO,,100,71.08
2025-10-22,9:30:08.153230478,T,KO,,100,71.08
2025-10-22,9:30:08.153789776,T,KO,F,100,71.07
2025-10-22,9:30:08.153794083,T,KO,F,200,71.07
2025-10-22,9:30:08.154403605,T,KO,F,100,71.06
2025-10-22,9:30:08.154403605,T,KO,F,100,71.06
2025-10-22,9:30:08.154836219,T,KO,F,100,71.06
2025-10-22,9:30:08.154878424,T,KO,,100,71.05
2025-10-22,9:30:08.155618093,T,KO,,100,71.04
2025-10-22,9:30:08.155621691,T,KO,,250,71.04
2025-10-22,9:30:08.155621691,T,KO,,250,71.04
2025-10-22,9:30:08.156742805,T,KO,F,200,71.02
2025-10-22,9:30:08.156745857,T,KO,F I,50,71.02
2025-10-22,9:30:08.156748956,T,KO,F,100,71.02
2025-10-22,9:30:08.156748956,T,KO,F,100,71.02
2025-10-22,9:30:08.157145754,T,KO,,200,71.03
2025-10-22,9:30:08.157181864,T,KO,I,57,71.02
2025-10-22,9:30:08.157224106,T,KO,F I,50,71.02
2025-10-22,9:30:08.157227172,T,KO,F I,34,71.02
2025-10-22,9:30:08.157254319,T,KO,I,66,71.02
2025-10-22,9:30:08.157257323,T,KO,,200,71.02
2025-10-22,9:30:08.157323176,T,KO,I,50,71.02
2025-10-22,9:30:08.157458502,T,KO,F,200,71.03
2025-10-22,9:30:08.158198270,T,KO,F I,50,71.05
2025-10-22,9:30:08.158201250,T,KO,F,150,71.05
2025-10-22,9:30:08.168834648,T,KO,F I,50,71.07
2025-10-22,9:30:08.168961122,T,KO,I,20,71.05
2025-10-22,9:30:08.369962653,T,KO,,250,71.055
2025-10-22,9:30:08.388198120,T,KO,,150,71.055
2025-10-22,9:30:08.406430559,T,KO,I,20,71.05
2025-10-22,9:30:08.426037245,T,KO,I,50,71.08
2025-10-22,9:30:08.426040265,T,KO,I,60,71.08
2025-10-22,9:30:08.426918268,T,KO,I,49,71.06
2025-10-22,9:30:08.976435752,T,KO,F I,50,71.07
2025-10-22,9:30:08.976441121,T,KO,F,200,71.07
2025-10-22,9:30:08.976441121,T,KO,F I,23,71.07
2025-10-22,9:30:08.976465142,T,KO,,100,71.06
2025-10-22,9:30:08.976525272,T,KO,I,50,71.04
2025-10-22,9:30:08.976525272,T,KO,,200,71.04
2025-10-22,9:30:08.976537332,T,KO,I,64,71.06
2025-10-22,9:30:08.976549388,T,KO,I,36,71.06
2025-10-22,9:30:08.976564394,T,KO,,200,71.04
2025-10-22,9:30:08.976567425,T,KO,I,50,71.04
2025-10-22,9:30:08.976651615,T,KO,I,9,71.05
2025-10-22,9:30:08.976657707,T,KO,,191,71.05
2025-10-22,9:30:08.976898233,T,KO,,100,71.05
2025-10-22,9:30:08.977644066,T,KO,,100,71.04
2025-10-22,9:30:08.979132603,T,KO,,100,71.02
2025-10-22,9:30:09.586462580,T,KO,,100,71.03
2025-10-22,9:30:09.586489624,T,KO,,100,71.03
2025-10-22,9:30:09.586492162,T,KO,,100,71.03
2025-10-22,9:30:09.586495180,T,KO,,100,71.03
2025-10-22,9:30:09.586510149,T,KO,I,15,71.025
2025-10-22,9:30:09.586528157,T,KO,,235,71.025
2025-10-22,9:30:09.586528157,T,KO,I,15,71.02
2025-10-22,9:30:09.587114797,T,KO,,200,71.02
2025-10-22,9:30:09.587114797,T,KO,,100,71.02
2025-10-22,9:30:09.587117708,T,KO,I,50,71.02
2025-10-22,9:30:09.587120614,T,KO,I,42,71.02
2025-10-22,9:30:09.587123810,T,KO,I,15,71.02
2025-10-22,9:30:09.587394414,T,KO,,100,71.03
2025-10-22,9:30:09.587394414,T,KO,I,15,71.02
2025-10-22,9:30:09.587397283,T,KO,I,15,71.02
2025-10-22,9:30:09.587400321,T,KO,,100,71.02
2025-10-22,9:30:09.588389581,T,KO,F,100,71.04
2025-10-22,9:30:09.588915922,T,KO,,200,71.04
2025-10-22,9:30:09.588919138,T,KO,I,57,71.04
2025-10-22,9:30:09.588921907,T,KO,,100,71.04
2025-10-22,9:30:09.966880096,T,KO,I,1,71.04
2025-10-22,9:30:10.034108897,T,KO,F,200,71.02
2025-10-22,9:30:10.034111913,T,KO,F I,50,71.02
2025-10-22,9:30:10.034114338,T,KO,F I,59,71.02
2025-10-22,9:30:10.034114338,T,KO,F I,41,71.02
2025-10-22,9:30:10.034210442,T,KO,I,1,71.01
2025-10-22,9:30:10.034213518,T,KO,,200,71.01
2025-10-22,9:30:10.034375838,T,KO,,100,71.01
2025-10-22,9:30:10.034589363,T,KO,,100,71.01
2025-10-22,9:30:10.034796812,T,KO,F,100,71.01
2025-10-22,9:30:10.035072442,T,KO,,100,71.01
2025-10-22,9:30:10.035072442,T,KO,I,3,71.0
2025-10-22,9:30:10.035076481,T,KO,I,4,71.0
2025-10-22,9:30:10.035076481,T,KO,I,1,71.0
2025-10-22,9:30:10.035079551,T,KO,,100,71.0
2025-10-22,9:30:10.035079551,T,KO,I,50,71.0
2025-10-22,9:30:10.035121641,T,KO,F,100,71.0
2025-10-22,9:30:10.035241958,T,KO,,100,71.0
2025-10-22,9:30:10.064203849,T,KO,F,200,71.005
2025-10-22,9:30:10.064231023,T,KO,F I,50,71.005
2025-10-22,9:30:10.064234050,T,KO,F,150,70.99
2025-10-22,9:30:10.064537755,T,KO,I,15,71.0
2025-10-22,9:30:10.085209321,T,KO,,100,71.02
2025-10-22,9:30:10.085209321,T,KO,,100,71.01
2025-10-22,9:30:10.085215850,T,KO,I,15,71.01
2025-10-22,9:30:10.085215850,T,KO,I,50,71.01
2025-10-22,9:30:10.085215850,T,KO,,200,71.01
2025-10-22,9:30:10.085218057,T,KO,,950,71.01
2025-10-22,9:30:10.085218057,T,KO,,200,71.01
2025-10-22,9:30:10.099583144,T,KO,F,250,71.01
2025-10-22,9:30:10.137804240,T,KO,,100,71.0
2025-10-22,9:30:10.137807181,T,KO,,100,71.0
2025-10-22,9:30:10.221024369,T,KO,,200,71.005
2025-10-22,9:30:10.221057502,T,KO,I,50,71.005
2025-10-22,9:30:10.288144315,T,KO,,100,70.99
2025-10-22,9:30:10.288147334,T,KO,,100,70.99
2025-10-22,9:30:10.288165299,T,KO,I,1,70.99
2025-10-22,9:30:10.288177364,T,KO,F I,99,70.99
2025-10-22,9:30:10.382744496,T,KO,F I,50,70.98
2025-10-22,9:30:10.382747230,T,KO,F,100,70.98
2025-10-22,9:30:10.382753161,T,KO,F,100,70.98
2025-10-22,9:30:10.382755687,T,KO,F,100,70.98
2025-10-22,9:30:10.382857878,T,KO,,300,70.99
2025-10-22,9:30:10.383008237,T,KO,,100,70.98
2025-10-22,9:30:10.383008237,T,KO,I,50,70.98
2025-10-22,9:30:10.383014256,T,KO,,100,70.98
2025-10-22,9:30:10.383014256,T,KO,,300,70.98
2025-10-22,9:30:10.383219659,T,KO,F,100,70.98
2025-10-22,9:30:10.384042680,T,KO,F I,4,70.97
2025-10-22,9:30:10.384045684,T,KO,F I,50,70.97
2025-10-22,9:30:10.384048748,T,KO,F,200,70.97
2025-10-22,9:30:10.384102810,T,KO,F I,50,70.97
2025-10-22,9:30:10.384388506,T,KO,I,57,70.97
2025-10-22,9:30:10.384391534,T,KO,I,28,70.97
2025-10-22,9:30:10.384391534,T,KO,I,50,70.97
2025-10-22,9:30:10.384497595,T,KO,,800,70.97
2025-10-22,9:30:10.384500495,T,KO,I,57,70.97
2025-10-22,9:30:10.384500495,T,KO,I,22,70.97
2025-10-22,9:30:10.384502969,T,KO,,250,70.97
2025-10-22,9:30:10.384505734,T,KO,,250,70.97
2025-10-22,9:30:10.454792318,T,KO,,100,70.97
2025-10-22,9:30:10.454792318,T,KO,I,57,70.97
2025-10-22,9:30:10.454795229,T,KO,,100,70.97
2025-10-22,9:30:10.455014711,T,KO,F I,50,70.96
2025-10-22,9:30:10.455258241,T,KO,,100,70.96
2025-10-22,9:30:10.455291415,T,KO,I,7,70.96
2025-10-22,9:30:10.455507944,T,KO,,100,70.96
2025-10-22,9:30:10.512304233,T,KO,I,50,70.95
2025-10-22,9:30:10.512310152,T,KO,,100,70.95
2025-10-22,9:30:10.616442315,T,KO,I,15,70.945
2025-10-22,9:30:10.616442315,T,KO,I,15,70.96
2025-10-22,9:30:10.616445505,T,KO,,200,70.96
2025-10-22,9:30:10.616445505,T,KO,I,50,70.96
2025-10-22,9:30:10.616490254,T,KO,,300,70.95
2025-10-22,9:30:10.616511415,T,KO,I,15,70.95
2025-10-22,9:30:10.616575084,T,KO,,100,70.94
2025-10-22,9:30:10.616578548,T,KO,,100,70.94
2025-10-22,9:30:10.616580564,T,KO,,100,70.94
2025-10-22,9:30:10.616583555,T,KO,F,300,70.95
2025-10-22,9:30:10.616601571,T,KO,I,13,70.94
2025-10-22,9:30:10.616628594,T,KO,,100,70.95
2025-10-22,9:30:10.616785059,T,KO,,100,70.95
2025-10-22,9:30:10.616935408,T,KO,,100,70.95
2025-10-22,9:30:10.617136847,T,KO,,100,70.94
2025-10-22,9:30:10.617446528,T,KO,F,100,70.95
2025-10-22,9:30:10.617525003,T,KO,I,1,70.95
2025-10-22,9:30:10.617525003,T,KO,,100,70.95
2025-10-22,9:30:10.617789573,T,KO,,100,70.94
2025-10-22,9:30:10.617792432,T,KO,,100,70.94
2025-10-22,9:30:10.617792432,T,KO,,200,70.94
2025-10-22,9:30:10.618246481,T,KO,F I,1,70.95
2025-10-22,9:30:10.620724481,T,KO,F,200,70.95
2025-10-22,9:30:10.622273390,T,KO,,100,70.95
2025-10-22,9:30:10.622273390,T,KO,I,1,70.95
2025-10-22,9:30:10.622276127,T,KO,I,1,70.95
2025-10-22,9:30:10.622279175,T,KO,,100,70.95
2025-10-22,9:30:10.622925677,T,KO,F,100,70.95
2025-10-22,9:30:10.622928594,T,KO,F I,1,70.95
2025-10-22,9:30:10.636205240,T,KO,I,50,70.97
2025-10-22,9:30:10.636205240,T,KO,,100,70.97
2025-10-22,9:30:10.656179410,T,KO,,200,70.98
2025-10-22,9:30:10.656181975,T,KO,I,50,70.98
2025-10-22,9:30:10.656894928,T,KO,,100,70.98
2025-10-22,9:30:10.656894928,T,KO,,100,70.98
2025-10-22,9:30:10.686352714,T,KO,I,50,70.99
2025-10-22,9:30:10.686392528,T,KO,,100,70.98
2025-10-22,9:30:10.686392528,T,KO,I,15,70.98
2025-10-22,9:30:10.686394846,T,KO,I,85,70.98
2025-10-22,9:30:10.686786852,T,KO,I,15,70.99
2025-10-22,9:30:10.686786852,T,KO,I,50,70.99
2025-10-22,9:30:10.686788801,T,KO,,200,70.99
2025-10-22,9:30:10.687212782,T,KO,,100,70.99
2025-10-22,9:30:10.687480473,T,KO,,100,70.99
2025-10-22,9:30:10.696583051,T,KO,I,57,70.99
2025-10-22,9:30:10.696718817,T,KO,I,15,71.0
2025-10-22,9:30:10.696718817,T,KO,I,50,71.0
2025-10-22,9:30:10.697133437,T,KO,I,15,70.99
2025-10-22,9:30:10.726277484,T,KO,I,50,71.01
2025-10-22,9:30:10.726281776,T,KO,,200,71.01
2025-10-22,9:30:10.726281776,T,KO,,100,71.01
2025-10-22,9:30:10.726326862,T,KO,,100,71.0
2025-10-22,9:30:10.726552480,T,KO,F,200,71.01
2025-10-22,9:30:10.726552480,T,KO,F,100,71.01
2025-10-22,9:30:10.726582566,T,KO,,100,71.0
2025-10-22,9:30:10.726624589,T,KO,,200,71.0
2025-10-22,9:30:10.726696824,T,KO,F I,47,71.0
2025-10-22,9:30:10.726711908,T,KO,,100,70.99
2025-10-22,9:30:10.726711908,T,KO,I,50,70.99
2025-10-22,9:30:10.726714814,T,KO,,200,70.99
2025-10-22,9:30:10.726738896,T,KO,F I,53,71.0
2025-10-22,9:30:10.726738896,T,KO,F I,67,71.0
2025-10-22,9:30:10.726751230,T,KO,I,33,71.0
2025-10-22,9:30:10.726751230,T,KO,I,57,71.0
2025-10-22,9:30:10.726753895,T,KO,I,63,71.0
2025-10-22,9:30:10.726760036,T,KO,F,137,71.0
2025-10-22,9:30:10.726760036,T,KO,F I,16,71.0
2025-10-22,9:30:10.726769005,T,KO,I,34,71.0
2025-10-22,9:30:10.726796111,T,KO,I,50,71.0
2025-10-22,9:30:10.726799030,T,KO,I,15,70.99
2025-10-22,9:30:10.726920058,T,KO,,200,70.99
2025-10-22,9:30:10.726920058,T,KO,,100,70.99
2025-10-22,9:30:10.727030646,T,KO,I,50,70.99
2025-10-22,9:30:10.727189967,T,KO,I,50,70.99
2025-10-22,9:30:10.727244103,T,KO,,200,70.99
2025-10-22,9:30:10.727436557,T,KO,I,50,70.99
2025-10-22,9:30:10.736488171,T,KO,,100,70.98
2025-10-22,9:30:10.736488171,T,KO,,182,70.99
2025-10-22,9:30:10.736506205,T,KO,I,18,70.99
2025-10-22,9:30:10.736542336,T,KO,I,15,70.98
2025-10-22,9:30:10.736776860,T,KO,I,57,70.98
2025-10-22,9:30:10.736903124,T,KO,I,50,70.98
2025-10-22,9:30:10.746616903,T,KO,I,15,70.98
2025-10-22,9:30:10.746616903,T,KO,I,15,70.98
2025-10-22,9:30:10.746619288,T,KO,,200,70.98
2025-10-22,9:30:10.746808693,T,KO,,100,70.98
2025-10-22,9:30:10.746808693,T,KO,,100,70.97
2025-10-22,9:30:10.746811724,T,KO,I,50,70.97
2025-10-22,9:30:10.746811724,T,KO,,200,70.97
2025-10-22,9:30:10.746886858,T,KO,I,50,70.98
2025-10-22,9:30:10.747091431,T,KO,I,30,70.97
2025-10-22,9:30:10.747094566,T,KO,I,50,70.97
2025-10-22,9:30:10.747094566,T,KO,,100,70.97
2025-10-22,9:30:10.766286609,T,KO,I,19,70.98
2025-10-22,9:30:10.766289188,T,KO,I,11,70.98
2025-10-22,9:30:10.787240086,T,KO,,100,70.96
2025-10-22,9:30:10.787240086,T,KO,,200,70.96
2025-10-22,9:30:10.787243065,T,KO,I,50,70.96
2025-10-22,9:30:10.959267782,T,KO,,100,70.945
2025-10-22,9:30:11.026336484,T,KO,I,50,70.93
2025-10-22,9:30:11.555882807,T,KO,I,2,70.92
2025-10-22,9:30:11.555882807,T,KO,I,98,70.92
2025-10-22,9:30:11.562267040,T,KO,F,250,70.905
2025-10-22,9:30:11.562267040,T,KO,F I,1,70.9
2025-10-22,9:30:11.562270025,T,KO,F I,2,70.9
2025-10-22,9:30:11.562273010,T,KO,F I,2,70.9
2025-10-22,9:30:11.562273010,T,KO,F I,10,70.9
2025-10-22,9:30:11.562275985,T,KO,F,100,70.9
2025-10-22,9:30:11.562278942,T,KO,F I,1,70.9
2025-10-22,9:30:11.563087817,T,KO,,100,70.9
2025-10-22,9:30:11.563256375,T,KO,F,100,70.9
2025-10-22,9:30:11.563256375,T,KO,F,200,70.9
2025-10-22,9:30:11.614612744,T,KO,I,8,70.9
2025-10-22,9:30:11.614615542,T,KO,I,70,70.9
2025-10-22,9:30:11.614618844,T,KO,I,25,70.9
2025-10-22,9:30:11.614618844,T,KO,I,28,70.9
2025-10-22,9:30:11.614621895,T,KO,I,7,70.9
2025-10-22,9:30:11.614624813,T,KO,I,2,70.9
2025-10-22,9:30:11.614624813,T,KO,I,38,70.9
2025-10-22,9:30:11.614628328,T,KO,,100,70.9
2025-10-22,9:30:11.614628328,T,KO,,100,70.9
2025-10-22,9:30:13.084628273,T,KO,F I,7,70.895
2025-10-22,9:30:13.084631934,T,KO,F,133,70.895
2025-10-22,9:30:13.084634418,T,KO,F,100,70.895
2025-10-22,9:30:13.084636985,T,KO,F,100,70.89
2025-10-22,9:30:13.084636985,T,KO,F,110,70.88
2025-10-22,9:30:13.084651901,T,KO,I,1,70.88
2025-10-22,9:30:13.084682893,T,KO,,239,70.88
2025-10-22,9:30:13.084685761,T,KO,,100,70.88
2025-10-22,9:30:13.265902544,T,KO,I,53,70.88
2025-10-22,9:30:13.316386818,T,KO,F,168,70.89
2025-10-22,9:30:13.316407776,T,KO,F I,32,70.89
2025-10-22,9:30:13.327741873,T,KO,,100,70.89
2025-10-22,9:30:13.440723925,T,KO,,100,70.89
2025-10-22,9:30:15.052879140,T,KO,,250,70.89
2025-10-22,9:30:15.052879140,T,KO,,100,70.89
2025-10-22,9:30:15.052881789,T,KO,I,50,70.88
2025-10-22,9:30:15.052908877,T,KO,,150,70.88
2025-10-22,9:30:15.059353539,T,KO,,100,70.89
2025-10-22,9:30:15.059353539,T,KO,I,17,70.89
2025-10-22,9:30:15.059356401,T,KO,I,57,70.89
2025-10-22,9:30:15.059356401,T,KO,,126,70.89
2025-10-22,9:30:15.059374379,T,KO,,584,70.89
2025-10-22,9:30:15.059380483,T,KO,F,185,70.89
2025-10-22,9:30:15.059387214,T,KO,,631,70.89
2025-10-22,9:30:15.059389405,T,KO,,250,70.89
2025-10-22,9:30:15.059395319,T,KO,I,29,70.89
2025-10-22,9:30:15.059416441,T,KO,F I,71,70.89
2025-10-22,9:30:15.059516242,T,KO,F,100,70.89
2025-10-22,9:30:15.059864429,T,KO,I,16,70.89
2025-10-22,9:30:15.083648151,T,KO,F I,1,70.88
2025-10-22,9:30:15.083756576,T,KO,,100,70.87
2025-10-22,9:30:15.084020954,T,KO,,100,70.87
2025-10-22,9:30:15.103185834,T,KO,I,5,70.86
2025-10-22,9:30:15.103185834,T,KO,I,50,70.86
2025-10-22,9:30:15.103191698,T,KO,,250,70.86
2025-10-22,9:30:15.103191698,T,KO,,100,70.86
2025-10-22,9:30:15.153531708,T,KO,I,1,70.85
2025-10-22,9:30:15.153534522,T,KO,I,30,70.85
2025-10-22,9:30:15.153537609,T,KO,I,2,70.85
2025-10-22,9:30:15.153537609,T,KO,I,30,70.85
2025-10-22,9:30:15.153540656,T,KO,I,1,70.85
2025-10-22,9:30:15.153543718,T,KO,I,50,70.85
2025-10-22,9:30:15.153543718,T,KO,,100,70.85
2025-10-22,9:30:15.203844693,T,KO,I,50,70.84
2025-10-22,9:30:15.203847373,T,KO,,100,70.84
2025-10-22,9:30:15.356045820,T,KO,,200,70.86
2025-10-22,9:30:15.367181383,T,KO,F,200,70.88
2025-10-22,9:30:15.367533552,T,KO,F I,50,70.89
2025-10-22,9:30:15.367533552,T,KO,F,200,70.89
2025-10-22,9:30:15.374997031,T,KO,F I,6,70.91
2025-10-22,9:30:15.375478128,T,KO,,100,70.9
2025-10-22,9:30:15.375478128,T,KO,,200,70.9
2025-10-22,9:30:15.375544280,T,KO,,100,70.91
2025-10-22,9:30:15.375565382,T,KO,I,1,70.91
2025-10-22,9:30:15.375571413,T,KO,,100,70.9
2025-10-22,9:30:15.562652933,T,KO,F,100,70.9
2025-10-22,9:30:16.115391020,T,KO,F,200,70.91
2025-10-22,9:30:16.115396656,T,KO,F,300,70.91
2025-10-22,9:30:16.115396656,T,KO,F,600,70.91
2025-10-22,9:30:16.115399349,T,KO,F,400,70.91
2025-10-22,9:30:16.115466189,T,KO,F,900,70.92
2025-10-22,9:30:16.116103044,T,KO,F,200,70.94
2025-10-22,9:30:16.116103044,T,KO,F I,2,70.94
2025-10-22,9:30:16.338669158,T,KO,,100,70.93
2025-10-22,9:30:16.338669158,T,KO,,200,70.93
2025-10-22,9:30:17.179038584,T,KO,I,7,70.93
2025-10-22,9:30:17.179041597,T,KO,,193,70.92
2025-10-22,9:30:17.179044641,T,KO,F I,7,70.92
2025-10-22,9:30:17.179507711,T,KO,,100,70.91
2025-10-22,9:30:17.713092635,T,KO,F,200,70.91
2025-10-22,9:30:17.713140642,T,KO,,300,70.9
2025-10-22,9:30:17.713206881,T,KO,,114,70.89
2025-10-22,9:30:17.713254955,T,KO,F,300,70.89
2025-10-22,9:30:17.713294073,T,KO,I,31,70.9
2025-10-22,9:30:17.713300110,T,KO,I,83,70.9
2025-10-22,9:30:17.713348177,T,KO,,100,70.9
2025-10-22,9:30:17.713651852,T,KO,,100,70.9
2025-10-22,9:30:17.714424750,T,KO,F I,2,70.9
2025-10-22,9:30:17.714530003,T,KO,F I,2,70.9
2025-10-22,9:30:17.714653298,T,KO,F I,57,70.9
2025-10-22,9:30:17.714713638,T,KO,F I,2,70.9
2025-10-22,9:30:17.714716449,T,KO,F I,2,70.9
2025-10-22,9:30:17.714734575,T,KO,F I,2,70.9
2025-10-22,9:30:17.714888006,T,KO,F I,2,70.9
2025-10-22,9:30:17.714915290,T,KO,I,7,70.9
2025-10-22,9:30:17.714915290,T,KO,I,57,70.9
2025-10-22,9:30:17.715050266,T,KO,F I,5,70.9
2025-10-22,9:30:17.715095345,T,KO,I,30,70.9
2025-10-22,9:30:17.715098311,T,KO,,100,70.89
2025-10-22,9:30:17.715221680,T,KO,,100,70.89
2025-10-22,9:30:17.715393089,T,KO,,100,70.89
2025-10-22,9:30:17.716610987,T,KO,F I,2,70.89
2025-10-22,9:30:17.716610987,T,KO,F I,9,70.89
2025-10-22,9:30:17.716809462,T,KO,,100,70.89
2025-10-22,9:30:17.716809462,T,KO,,100,70.89
2025-10-22,9:30:17.716812517,T,KO,I,2,70.89
2025-10-22,9:30:17.716815437,T,KO,I,9,70.89
2025-10-22,9:30:17.717080034,T,KO,,100,70.89
2025-10-22,9:30:17.717083107,T,KO,,100,70.89
2025-10-22,9:30:17.717922494,T,KO,,100,70.89
2025-10-22,9:30:17.717976159,T,KO,F I,2,70.89
2025-10-22,9:30:17.718280775,T,KO,,100,70.89
2025-10-22,9:30:17.718282910,T,KO,,100,70.89
2025-10-22,9:30:17.718282910,T,KO,I,2,70.89
2025-10-22,9:30:17.718532599,T,KO,I,70,70.9
2025-10-22,9:30:17.718550636,T,KO,,100,70.89
2025-10-22,9:30:17.719699257,T,KO,,100,70.89
2025-10-22,9:30:17.719702379,T,KO,,100,70.89
2025-10-22,9:30:17.726778171,T,KO,,200,70.9
2025-10-22,9:30:17.727286391,T,KO,,100,70.9
2025-10-22,9:30:17.727289453,T,KO,,100,70.89
2025-10-22,9:30:17.727292666,T,KO,I,72,70.89
2025-10-22,9:30:17.727292666,T,KO,,100,70.89
2025-10-22,9:30:17.727298454,T,KO,,200,70.89
2025-10-22,9:30:17.727298454,T,KO,I,22,70.89
2025-10-22,9:30:17.727298454,T,KO,,100,70.89
2025-10-22,9:30:17.727424704,T,KO,,100,70.89
2025-10-22,9:30:17.730329960,T,KO,I,74,70.89
2025-10-22,9:30:17.730332628,T,KO,I,72,70.89
2025-10-22,9:30:17.730335693,T,KO,,200,70.89
2025-10-22,9:30:17.731030331,T,KO,,100,70.89
2025-10-22,9:30:17.731033330,T,KO,,100,70.89
2025-10-22,9:30:17.731048300,T,KO,,100,70.89
2025-10-22,9:30:17.731385217,T,KO,,100,70.89
2025-10-22,9:30:18.639368539,T,KO,F I,44,70.96
2025-10-22,9:30:18.639368539,T,KO,F,200,70.96
2025-10-22,9:30:18.639370916,T,KO,F I,50,70.96
2025-10-22,9:30:18.639373797,T,KO,F,124,70.96
2025-10-22,9:30:18.639882025,T,KO,,100,70.95
2025-10-22,9:30:18.639884949,T,KO,,200,70.95
2025-10-22,9:30:18.639942133,T,KO,,100,70.95
2025-10-22,9:30:18.639972144,T,KO,,100,70.95
2025-10-22,9:30:18.640140595,T,KO,,200,70.95
2025-10-22,9:30:19.288692274,T,KO,I,20,70.97
2025-10-22,9:30:19.288716313,T,KO,F I,7,70.97
2025-10-22,9:30:19.288719377,T,KO,F I,70,70.97
2025-10-22,9:30:19.288722321,T,KO,F I,30,70.97
2025-10-22,9:30:19.289083211,T,KO,,100,70.96
2025-10-22,9:30:19.289086653,T,KO,,100,70.96
2025-10-22,9:30:19.289086653,T,KO,,100,70.96
2025-10-22,9:30:19.289089179,T,KO,,100,70.96
2025-10-22,9:30:19.291284415,T,KO,F,100,70.96
2025-10-22,9:30:19.291287477,T,KO,F,200,70.96
2025-10-22,9:30:19.291425723,T,KO,,100,70.96
2025-10-22,9:30:19.343016937,T,KO,F I,23,70.95
2025-10-22,9:30:20.642414608,T,KO,F I,14,70.92
2025-10-22,9:30:20.642414608,T,KO,F I,8,70.91
2025-10-22,9:30:20.642423538,T,KO,F,142,70.91
2025-10-22,9:30:20.642441577,T,KO,F I,50,70.91
2025-10-22,9:30:20.642441577,T,KO,F I,30,70.91
2025-10-22,9:30:20.642459643,T,KO,F I,38,70.91
2025-10-22,9:30:20.642459643,T,KO,F I,1,70.91
2025-10-22,9:30:22.136147112,T,KO,F,123,70.885
2025-10-22,9:30:22.136150528,T,KO,F,200,70.91
2025-10-22,9:30:22.136150528,T,KO,F I,50,70.91
2025-10-22,9:30:22.136171239,T,KO,F I,50,70.92
2025-10-22,9:30:22.136171239,T,KO,F,150,70.92
2025-10-22,9:30:22.136183210,T,KO,F I,50,70.92
2025-10-22,9:30:22.137007122,T,KO,I,50,70.91
2025-10-22,9:30:22.137010206,T,KO,I,70,70.91
2025-10-22,9:30:22.137022775,T,KO,I,30,70.91
2025-10-22,9:30:22.137026442,T,KO,I,7,70.91
2025-10-22,9:30:22.137281207,T,KO,,100,70.9
2025-10-22,9:30:22.137281207,T,KO,I,50,70.9
2025-10-22,9:30:22.137283875,T,KO,,100,70.9
2025-10-22,9:30:22.137340928,T,KO,F I,79,70.91
2025-10-22,9:30:22.137355987,T,KO,F I,79,70.91
2025-10-22,9:30:22.137362005,T,KO,F I,21,70.91
2025-10-22,9:30:22.137554458,T,KO,I,79,70.9
2025-10-22,9:30:22.137722846,T,KO,I,14,70.9
2025-10-22,9:30:22.137777047,T,KO,F I,65,70.91
2025-10-22,9:30:22.137867453,T,KO,,100,70.9
2025-10-22,9:30:22.137867453,T,KO,I,65,70.9
2025-10-22,9:30:22.137873219,T,KO,I,51,70.9
2025-10-22,9:30:22.137873219,T,KO,,200,70.9
2025-10-22,9:30:22.137876235,T,KO,I,40,70.9
2025-10-22,9:30:22.137921325,T,KO,F I,7,70.91
2025-10-22,9:30:22.138427181,T,KO,,100,70.9
2025-10-22,9:30:22.138427181,T,KO,I,7,70.9
2025-10-22,9:30:22.138429754,T,KO,,200,70.9
2025-10-22,9:30:22.138432608,T,KO,,100,70.9
2025-10-22,9:30:22.138474680,T,KO,F I,65,70.91
2025-10-22,9:30:22.138510788,T,KO,F,200,70.91
2025-10-22,9:30:22.138547483,T,KO,,100,70.91
2025-10-22,9:30:22.138547483,T,KO,I,74,70.91
2025-10-22,9:30:22.138552907,T,KO,,200,70.9
2025-10-22,9:30:22.138552907,T,KO,I,91,70.9
2025-10-22,9:30:22.138625083,T,KO,F I,9,70.91
2025-10-22,9:30:22.138634069,T,KO,I,9,70.9
2025-10-22,9:30:22.138634069,T,KO,,200,70.9
2025-10-22,9:30:22.138640037,T,KO,F I,9,70.9
2025-10-22,9:30:22.138646150,T,KO,I,91,70.9
2025-10-22,9:30:22.138676233,T,KO,I,9,70.91
2025-10-22,9:30:22.138793497,T,KO,,200,70.9
2025-10-22,9:30:22.139436952,T,KO,,200,70.91
2025-10-22,9:30:22.139578361,T,KO,,100,70.9
2025-10-22,9:30:22.139581292,T,KO,,200,70.9
2025-10-22,9:30:22.139641894,T,KO,F,200,70.91
2025-10-22,9:30:22.139716683,T,KO,F I,50,70.91
2025-10-22,9:30:22.139719678,T,KO,F,200,70.91
2025-10-22,9:30:22.139846023,T,KO,F I,2,70.91
2025-10-22,9:30:22.139852031,T,KO,F I,2,70.91
2025-10-22,9:30:22.139867061,T,KO,F I,2,70.91
2025-10-22,9:30:22.139867061,T,KO,I,94,70.91
2025-10-22,9:30:22.139993327,T,KO,F I,2,70.91
2025-10-22,9:30:22.140017367,T,KO,F,200,70.91
2025-10-22,9:30:22.140165159,T,KO,,100,70.91
2025-10-22,9:30:22.140167948,T,KO,,100,70.91
2025-10-22,9:30:22.140170729,T,KO,,200,70.91
2025-10-22,9:30:22.140507644,T,KO,,100,70.91
2025-10-22,9:30:22.140510601,T,KO,,200,70.91
2025-10-22,9:30:22.140748091,T,KO,,200,70.91
2025-10-22,9:30:22.145947496,T,KO,F,200,70.92
2025-10-22,9:30:22.170786588,T,KO,F,100,70.91
2025-10-22,9:30:23.122087329,T,KO,I,42,70.92
2025-10-22,9:30:24.531959301,T,KO,F I,60,70.93
2025-10-22,9:30:25.459819285,T,KO,F,100,70.91
2025-10-22,9:30:26.201563254,T,KO,F I,9,70.9
2025-10-22,9:30:31.062694778,T,KO,,200,70.84
2025-10-22,9:30:31.062697835,T,KO,I,50,70.84
2025-10-22,9:30:31.062803588,T,KO,F,100,70.85
2025-10-22,9:30:31.062815391,T,KO,F,100,70.86
2025-10-22,9:30:31.062818049,T,KO,F,116,70.86
2025-10-22,9:30:31.062941378,T,KO,F,100,70.86
2025-10-22,9:30:31.062947472,T,KO,F,100,70.86
2025-10-22,9:30:31.062947472,T,KO,F I,33,70.86
2025-10-22,9:30:31.063097713,T,KO,I,24,70.86
2025-10-22,9:30:31.063100790,T,KO,I,9,70.86
2025-10-22,9:30:31.063121916,T,KO,I,25,70.85
2025-10-22,9:30:31.063124875,T,KO,F I,33,70.85
2025-10-22,9:30:31.063136862,T,KO,I,91,70.86
2025-10-22,9:30:31.063693141,T,KO,,267,70.85
2025-10-22,9:30:31.063696464,T,KO,,100,70.85
2025-10-22,9:30:31.063696464,T,KO,,200,70.85
2025-10-22,9:30:31.063867989,T,KO,F,200,70.86
2025-10-22,9:30:31.063867989,T,KO,F I,50,70.86
2025-10-22,9:30:31.063873630,T,KO,F I,25,70.86
2025-10-22,9:30:31.064141348,T,KO,I,21,70.86
2025-10-22,9:30:31.064595373,T,KO,I,91,70.86
2025-10-22,9:30:31.064715636,T,KO,I,92,70.85
2025-10-22,9:30:31.064715636,T,KO,I,91,70.85
2025-10-22,9:30:31.064799868,T,KO,F,100,70.85
2025-10-22,9:30:31.064805895,T,KO,I,5,70.85
2025-10-22,9:30:31.064844923,T,KO,F,108,70.85
2025-10-22,9:30:31.064844923,T,KO,F I,92,70.85
2025-10-22,9:30:31.117509417,T,KO,,200,70.87
2025-10-22,9:30:31.117512465,T,KO,I,50,70.87
2025-10-22,9:30:31.117566770,T,KO,,200,70.86
2025-10-22,9:30:31.117566770,T,KO,I,92,70.86
2025-10-22,9:30:31.117597553,T,KO,,100,70.87
2025-10-22,9:30:31.117597553,T,KO,I,92,70.87
2025-10-22,9:30:31.117624047,T,KO,F,100,70.86
2025-10-22,9:30:31.117626723,T,KO,F I,92,70.86
2025-10-22,9:30:31.117642244,T,KO,F I,8,70.86
2025-10-22,9:30:31.117645270,T,KO,,100,70.85
2025-10-22,9:30:31.117648060,T,KO,I,57,70.85
2025-10-22,9:30:31.117714015,T,KO,I,50,70.85
2025-10-22,9:30:31.117714015,T,KO,,200,70.85
2025-10-22,9:30:31.117807141,T,KO,F I,45,70.86
2025-10-22,9:30:31.117816115,T,KO,F I,47,70.86
2025-10-22,9:30:31.117819146,T,KO,F I,50,70.86
2025-10-22,9:30:31.117822314,T,KO,F,100,70.86
2025-10-22,9:30:31.117825236,T,KO,F,100,70.87
2025-10-22,9:30:31.117831135,T,KO,F I,50,70.87
2025-10-22,9:30:31.117849210,T,KO,I,57,70.85
2025-10-22,9:30:31.118023643,T,KO,,100,70.86
2025-10-22,9:30:31.118056604,T,KO,F I,50,70.86
2025-10-22,9:30:31.118164965,T,KO,F I,92,70.86
2025-10-22,9:30:31.118176998,T,KO,F I,50,70.86
2025-10-22,9:30:31.118197969,T,KO,F I,58,70.86
2025-10-22,9:30:31.118268166,T,KO,,200,70.85
2025-10-22,9:30:31.118268166,T,KO,I,50,70.85
2025-10-22,9:30:31.118330775,T,KO,F,100,70.86
2025-10-22,9:30:31.118333825,T,KO,F I,50,70.86
2025-10-22,9:30:31.118337737,T,KO,F I,50,70.86
2025-10-22,9:30:31.118357475,T,KO,,200,70.85
2025-10-22,9:30:31.118369999,T,KO,F I,30,70.86
2025-10-22,9:30:31.118402700,T,KO,,100,70.85
2025-10-22,9:30:31.118502377,T,KO,I,50,70.85
2025-10-22,9:30:31.118507753,T,KO,I,70,70.85
2025-10-22,9:30:31.118507753,T,KO,I,50,70.85
2025-10-22,9:30:31.118553215,T,KO,I,50,70.85
2025-10-22,9:30:31.118838941,T,KO,I,50,70.86
2025-10-22,9:30:31.118842946,T,KO,,200,70.86
2025-10-22,9:30:31.118847709,T,KO,,100,70.86
2025-10-22,9:30:31.118847709,T,KO,I,26,70.86
2025-10-22,9:30:31.118889898,T,KO,,100,70.85
2025-10-22,9:30:31.118889898,T,KO,I,57,70.85
2025-10-22,9:30:31.118904644,T,KO,F,200,70.86
2025-10-22,9:30:31.118989269,T,KO,,100,70.85
2025-10-22,9:30:31.118989269,T,KO,,100,70.85
2025-10-22,9:30:31.119032264,T,KO,,200,70.86
2025-10-22,9:30:31.119032264,T,KO,I,57,70.86
2025-10-22,9:30:31.119036946,T,KO,,100,70.86
2025-10-22,9:30:31.119036946,T,KO,I,50,70.86
2025-10-22,9:30:31.119055057,T,KO,I,3,70.85
2025-10-22,9:30:31.119097185,T,KO,I,50,70.85
2025-10-22,9:30:31.119163603,T,KO,F I,6,70.85
2025-10-22,9:30:31.119257216,T,KO,I,9,70.85
2025-10-22,9:30:31.119289625,T,KO,I,85,70.85
2025-10-22,9:30:31.119428133,T,KO,F,106,70.85
2025-10-22,9:30:31.119428133,T,KO,F I,91,70.85
2025-10-22,9:30:31.119479427,T,KO,I,10,70.85
2025-10-22,9:30:31.119551237,T,KO,I,91,70.85
2025-10-22,9:30:31.119557233,T,KO,I,33,70.85
2025-10-22,9:30:31.119557233,T,KO,I,25,70.85
2025-10-22,9:30:31.119614360,T,KO,I,42,70.85
2025-10-22,9:30:31.119638561,T,KO,F,100,70.85
2025-10-22,9:30:31.119638561,T,KO,F,100,70.85
2025-10-22,9:30:31.119656431,T,KO,,100,70.85
2025-10-22,9:30:31.119656431,T,KO,I,58,70.85
2025-10-22,9:30:31.119659446,T,KO,,200,70.86
2025-10-22,9:30:31.119662443,T,KO,I,50,70.86
2025-10-22,9:30:31.119783079,T,KO,,100,70.85
2025-10-22,9:30:31.119848894,T,KO,I,33,70.85
2025-10-22,9:30:31.119848894,T,KO,I,50,70.85
2025-10-22,9:30:31.119851883,T,KO,I,5,70.85
2025-10-22,9:30:31.119969183,T,KO,,100,70.85
2025-10-22,9:30:31.119972336,T,KO,,100,70.84
2025-10-22,9:30:31.119972336,T,KO,I,50,70.84
2025-10-22,9:30:31.119993229,T,KO,F I,16,70.85
2025-10-22,9:30:31.120306073,T,KO,,184,70.85
2025-10-22,9:30:31.120306073,T,KO,,100,70.85
2025-10-22,9:30:31.120309042,T,KO,I,97,70.85
2025-10-22,9:30:31.120324059,T,KO,I,3,70.85
2025-10-22,9:30:31.120549609,T,KO,,200,70.86
2025-10-22,9:30:31.120687881,T,KO,,100,70.85
2025-10-22,9:30:31.120691336,T,KO,,200,70.85
2025-10-22,9:30:31.120691336,T,KO,I,30,70.85
2025-10-22,9:30:31.120693902,T,KO,,100,70.85
2025-10-22,9:30:31.120796271,T,KO,I,82,70.86
2025-10-22,9:30:31.120847273,T,KO,,102,70.85
2025-10-22,9:30:31.121502894,T,KO,I,29,70.85
2025-10-22,9:30:31.121671927,T,KO,I,71,70.85
2025-10-22,9:30:31.121674825,T,KO,,200,70.85
2025-10-22,9:30:31.121674825,T,KO,I,18,70.85
2025-10-22,9:30:31.121677362,T,KO,I,94,70.85
2025-10-22,9:30:31.123409399,T,KO,,150,70.86
2025-10-22,9:30:31.123430856,T,KO,I,1,70.86
2025-10-22,9:30:31.123430856,T,KO,I,49,70.86
2025-10-22,9:30:31.123430856,T,KO,I,50,70.86
2025-10-22,9:30:31.123632548,T,KO,I,92,70.85
2025-10-22,9:30:31.123635464,T,KO,,100,70.85
2025-10-22,9:30:31.123638011,T,KO,I,57,70.85
2025-10-22,9:30:31.123638011,T,KO,I,50,70.85
2025-10-22,9:30:31.123652970,T,KO,I,1,70.85
2025-10-22,9:30:31.123809527,T,KO,I,57,70.86
2025-10-22,9:30:31.123809527,T,KO,I,40,70.86
2025-10-22,9:30:31.124212282,T,KO,I,34,70.86
2025-10-22,9:30:31.124281456,T,KO,I,40,70.85
2025-10-22,9:30:31.124332706,T,KO,F,100,70.85
2025-10-22,9:30:31.124353814,T,KO,F I,57,70.85
2025-10-22,9:30:31.124353814,T,KO,I,99,70.85
2025-10-22,9:30:31.124365759,T,KO,F I,58,70.85
2025-10-22,9:30:31.124395758,T,KO,F I,1,70.85
2025-10-22,9:30:31.124416761,T,KO,,200,70.86
2025-10-22,9:30:31.124531102,T,KO,I,50,70.86
2025-10-22,9:30:31.124531102,T,KO,,100,70.86
2025-10-22,9:30:31.127399875,T,KO,I,50,70.86
2025-10-22,9:30:31.127403008,T,KO,,200,70.86
2025-10-22,9:30:31.128229848,T,KO,I,57,70.86
2025-10-22,9:30:31.128282441,T,KO,F I,3,70.86
2025-10-22,9:30:31.128284056,T,KO,F,100,70.86
2025-10-22,9:30:31.129441750,T,KO,F,200,70.87
2025-10-22,9:30:31.129580187,T,KO,F I,9,70.87
2025-10-22,9:30:31.129583196,T,KO,F I,9,70.87
2025-10-22,9:30:31.129589134,T,KO,I,9,70.87
2025-10-22,9:30:31.129601126,T,KO,F I,9,70.87
2025-10-22,9:30:31.129658328,T,KO,I,64,70.87
2025-10-22,9:30:31.133964511,T,KO,,200,70.86
2025-10-22,9:30:31.137392967,T,KO,F I,6,70.86
2025-10-22,9:30:31.137392967,T,KO,F I,3,70.86
2025-10-22,9:30:31.137395788,T,KO,F,100,70.86
2025-10-22,9:30:31.137398981,T,KO,F,200,70.86
2025-10-22,9:30:31.137398981,T,KO,F,100,70.86
2025-10-22,9:30:31.176212251,T,KO,,200,70.87
2025-10-22,9:30:31.176212251,T,KO,I,50,70.87
2025-10-22,9:30:31.176939903,T,KO,F,200,70.88
2025-10-22,9:30:31.176939903,T,KO,F I,50,70.88
2025-10-22,9:30:31.227757911,T,KO,I,99,70.87
2025-10-22,9:30:31.227763991,T,KO,,101,70.87
2025-10-22,9:30:31.227767021,T,KO,I,50,70.87
2025-10-22,9:30:31.860561105,T,KO,F I,50,70.885
2025-10-22,9:30:31.860612310,T,KO,F I,50,70.885
2025-10-22,9:30:34.176230358,T,KO,F,100,70.93
2025-10-22,9:30:34.176236786,T,KO,F,100,70.93
2025-10-22,9:30:34.176241901,T,KO,F I,50,70.94
2025-10-22,9:30:34.176241901,T,KO,F,200,70.94
2025-10-22,9:30:34.176245594,T,KO,F I,1,70.94
2025-10-22,9:30:34.176271631,T,KO,F I,50,70.95
2025-10-22,9:30:34.176271631,T,KO,F,200,70.95
2025-10-22,9:30:34.176358798,T,KO,,100,70.93
2025-10-22,9:30:34.176928327,T,KO,,100,70.95
2025-10-22,9:30:34.176930341,T,KO,,100,70.95
2025-10-22,9:30:34.176933397,T,KO,,100,70.95
2025-10-22,9:30:34.176933397,T,KO,,100,70.95
2025-10-22,9:30:34.176954194,T,KO,F,100,70.95
2025-10-22,9:30:34.176957244,T,KO,F,100,70.95
2025-10-22,9:30:34.177279049,T,KO,F I,50,70.97
2025-10-22,9:30:34.177279049,T,KO,F,200,70.97
2025-10-22,9:30:34.177773591,T,KO,,120,70.96
2025-10-22,9:30:34.177808208,T,KO,F,100,70.97
2025-10-22,9:30:34.177811623,T,KO,F I,44,70.97
2025-10-22,9:30:34.177814264,T,KO,F I,44,70.97
2025-10-22,9:30:34.177814264,T,KO,F I,9,70.97
2025-10-22,9:30:34.177817251,T,KO,F I,15,70.97
2025-10-22,9:30:34.177820391,T,KO,I,22,70.96
2025-10-22,9:30:34.177964590,T,KO,F,120,70.97
2025-10-22,9:30:34.177964590,T,KO,F I,22,70.97
2025-10-22,9:30:34.178412696,T,KO,,200,70.97
2025-10-22,9:30:34.178466813,T,KO,F,100,70.97
2025-10-22,9:30:34.179904322,T,KO,I,90,70.97
2025-10-22,9:30:34.181013914,T,KO,I,10,70.97
2025-10-22,9:30:34.181013914,T,KO,I,99,70.97
2025-10-22,9:30:34.181880659,T,KO,F I,92,70.98
2025-10-22,9:30:34.181882992,T,KO,F,200,70.98
2025-10-22,9:30:34.181885937,T,KO,F I,50,70.98
2025-10-22,9:30:34.181919629,T,KO,F I,50,70.99
2025-10-22,9:30:34.181919629,T,KO,F,200,70.99
2025-10-22,9:30:34.181922253,T,KO,F I,50,70.99
2025-10-22,9:30:34.181922253,T,KO,F I,5,70.99
2025-10-22,9:30:34.183344414,T,KO,I,11,70.98
2025-10-22,9:30:34.183368433,T,KO,F,189,70.98
2025-10-22,9:30:34.183371516,T,KO,F I,1,70.98
2025-10-22,9:30:34.188772521,T,KO,F,250,70.97
2025-10-22,9:30:34.188772521,T,KO,F I,20,70.98
2025-10-22,9:30:34.188790370,T,KO,F I,48,70.98
2025-10-22,9:30:34.188796565,T,KO,F I,32,70.98
2025-10-22,9:30:34.188796565,T,KO,F I,44,70.98
2025-10-22,9:30:34.188799603,T,KO,F I,56,70.98
2025-10-22,9:30:34.188802535,T,KO,F I,11,70.98
2025-10-22,9:30:34.188802535,T,KO,F,111,70.98
2025-10-22,9:30:34.188826469,T,KO,F I,39,70.98
2025-10-22,9:30:34.215176113,T,KO,F,200,70.97
2025-10-22,9:30:34.215178279,T,KO,F,100,70.97
2025-10-22,9:30:34.490989200,T,KO,F,250,70.96
2025-10-22,9:30:34.501307583,T,KO,F I,3,70.97
2025-10-22,9:30:34.501310005,T,KO,F,100,70.97
2025-10-22,9:30:34.501312897,T,KO,F I,39,70.97
2025-10-22,9:30:34.501312897,T,KO,F,650,70.97
2025-10-22,9:30:34.932937397,T,KO,,200,71.0
2025-10-22,9:30:34.932942895,T,KO,I,50,71.0
2025-10-22,9:30:34.932945962,T,KO,,100,71.0
2025-10-22,9:30:34.932948856,T,KO,,200,71.0
2025-10-22,9:30:34.932954838,T,KO,I,1,71.0
2025-10-22,9:30:34.932999911,T,KO,,300,70.99
2025-10-22,9:30:34.933020948,T,KO,I,3,70.99
2025-10-22,9:30:34.933063516,T,KO,F,100,70.98
2025-10-22,9:30:34.933066698,T,KO,,100,70.99
2025-10-22,9:30:34.933066698,T,KO,,299,70.99
2025-10-22,9:30:34.933114270,T,KO,F I,1,70.98
2025-10-22,9:30:34.933210447,T,KO,F,100,70.99
2025-10-22,9:30:34.933387859,T,KO,F,100,70.98
2025-10-22,9:30:34.933393872,T,KO,F I,50,70.98
2025-10-22,9:30:34.933393872,T,KO,F,200,70.98
2025-10-22,9:30:34.933478074,T,KO,F,200,70.98
2025-10-22,9:30:34.933517183,T,KO,I,3,70.98
2025-10-22,9:30:34.933718609,T,KO,F,100,70.98
2025-10-22,9:30:34.935384655,T,KO,,200,70.96
2025-10-22,9:30:34.935718358,T,KO,F I,4,70.95
2025-10-22,9:30:34.936446153,T,KO,,200,70.94
2025-10-22,9:30:34.937796439,T,KO,I,62,70.93
2025-10-22,9:30:35.063637084,T,KO,F I,14,70.95
2025-10-22,9:30:35.137652404,T,KO,,100,70.96
2025-10-22,9:30:35.855480115,T,KO,I,50,70.98
2025-10-22,9:30:36.909776679,T,KO,F I,18,70.99
2025-10-22,9:30:36.909779047,T,KO,F I,99,71.0
2025-10-22,9:30:36.909782132,T,KO,F,200,71.0
2025-10-22,9:30:36.909785117,T,KO,F I,83,71.0
2025-10-22,9:30:36.910106860,T,KO,,117,70.98
2025-10-22,9:30:36.910106860,T,KO,,100,70.98
2025-10-22,9:30:36.911869037,T,KO,,200,70.94
2025-10-22,9:30:36.913763648,T,KO,,100,70.93
2025-10-22,9:30:36.913766577,T,KO,,100,70.93
2025-10-22,9:30:36.914903240,T,KO,,200,70.92
2025-10-22,9:30:36.915087279,T,KO,F,100,70.93
2025-10-22,9:30:36.915087279,T,KO,F,100,70.93
2025-10-22,9:30:36.915089685,T,KO,F,117,70.93
2025-10-22,9:30:36.915161849,T,KO,F,100,70.93
2025-10-22,9:30:36.915186002,T,KO,F,100,70.93
2025-10-22,9:30:36.916034545,T,KO,,200,70.91
2025-10-22,9:30:36.916109179,T,KO,F I,92,70.92
2025-10-22,9:30:36.916298614,T,KO,F I,36,70.92
2025-10-22,9:30:36.917044541,T,KO,I,95,70.92
2025-10-22,9:30:36.917047723,T,KO,I,92,70.92
2025-10-22,9:30:36.917047723,T,KO,I,63,70.92
2025-10-22,9:30:36.917050479,T,KO,,137,70.92
2025-10-22,9:30:36.917107777,T,KO,,100,70.92
2025-10-22,9:30:36.917113527,T,KO,F I,23,70.92
2025-10-22,9:30:36.918454699,T,KO,F I,50,70.94
2025-10-22,9:30:36.918457734,T,KO,F,200,70.94
2025-10-22,9:30:36.939351558,T,KO,I,50,70.97
2025-10-22,9:30:36.939354510,T,KO,,200,70.97
2025-10-22,9:30:36.939583127,T,KO,F,200,70.96
2025-10-22,9:30:36.939601078,T,KO,I,1,70.96
2025-10-22,9:30:36.939604108,T,KO,I,99,70.96
2025-10-22,9:30:36.939805580,T,KO,F,100,70.95
2025-10-22,9:30:36.939805580,T,KO,F I,54,70.95
2025-10-22,9:30:36.939826586,T,KO,,196,70.95
2025-10-22,9:30:36.953079235,T,KO,F I,4,70.95
2025-10-22,9:30:36.953082166,T,KO,F,100,70.95
2025-10-22,9:30:36.960164126,T,KO,,100,70.96
2025-10-22,9:30:36.960164126,T,KO,,100,70.96
2025-10-22,9:30:36.960176165,T,KO,I,50,70.96
2025-10-22,9:30:36.967631395,T,KO,I,50,70.97
2025-10-22,9:30:36.967633820,T,KO,I,61,70.97
2025-10-22,9:30:36.967652602,T,KO,F,139,70.97
2025-10-22,9:30:37.012987898,T,KO,,123,70.975
2025-10-22,9:30:37.593497204,T,KO,F I,50,70.99
2025-10-22,9:30:37.593499544,T,KO,F,200,70.99
2025-10-22,9:30:37.593568693,T,KO,F I,17,71.0
2025-10-22,9:30:37.593568693,T,KO,F,200,71.0
2025-10-22,9:30:37.593571796,T,KO,F,100,71.0
2025-10-22,9:30:37.593571796,T,KO,F I,33,71.0
2025-10-22,9:30:37.593770241,T,KO,I,60,70.98
2025-10-22,9:30:37.593794250,T,KO,I,40,70.98
2025-10-22,9:30:37.593794250,T,KO,I,50,70.98
2025-10-22,9:30:37.593893480,T,KO,F I,60,70.98
2025-10-22,9:30:37.593893480,T,KO,F I,40,70.98
2025-10-22,9:30:37.593962649,T,KO,F,100,70.99
2025-10-22,9:30:37.593971583,T,KO,F,167,71.0
2025-10-22,9:30:37.593971583,T,KO,F I,50,71.0
2025-10-22,9:30:37.593974702,T,KO,F,200,71.0
2025-10-22,9:30:37.594068190,T,KO,,100,71.0
2025-10-22,9:30:37.594071454,T,KO,,100,71.0
2025-10-22,9:30:37.594071454,T,KO,,200,71.0
2025-10-22,9:30:37.594076936,T,KO,,1649,71.0
2025-10-22,9:30:37.594076936,T,KO,,234,71.0
2025-10-22,9:30:37.594112976,T,KO,F,200,71.0
2025-10-22,9:30:37.594242234,T,KO,F,100,71.0
2025-10-22,9:30:37.594567082,T,KO,F,100,71.0
2025-10-22,9:30:37.594597611,T,KO,F,100,71.0
2025-10-22,9:30:37.594609107,T,KO,F,100,71.0
2025-10-22,9:30:37.594609107,T,KO,F I,66,71.0
2025-10-22,9:30:37.595781999,T,KO,I,3,71.0
2025-10-22,9:30:37.595845094,T,KO,F I,3,71.0
2025-10-22,9:30:37.595920248,T,KO,F,100,71.01
2025-10-22,9:30:37.595923283,T,KO,F,100,71.01
2025-10-22,9:30:37.615115086,T,KO,,100,71.01
2025-10-22,9:30:39.134567954,T,KO,I,20,71.0
2025-10-22,9:30:39.134582919,T,KO,I,80,71.0
2025-10-22,9:30:42.427236202,T,KO,F I,68,71.01
2025-10-22,9:30:42.427239234,T,KO,F I,3,71.01
2025-10-22,9:30:46.909384543,T,KO,,200,70.98
2025-10-22,9:30:47.859765201,T,KO,,100,70.96
2025-10-22,9:30:47.860548635,T,KO,F I,50,70.97
2025-10-22,9:30:47.860550324,T,KO,F I,50,70.97
2025-10-22,9:30:47.860607220,T,KO,F I,50,70.98
2025-10-22,9:30:47.860613181,T,KO,F,200,70.98
2025-10-22,9:30:47.861864317,T,KO,I,50,70.97
2025-10-22,9:30:47.872623837,T,KO,,100,70.96
2025-10-22,9:30:47.872623837,T,KO,,150,70.95
2025-10-22,9:30:47.872644857,T,KO,I,1,70.95
2025-10-22,9:30:48.466733850,T,KO,I,50,70.94
2025-10-22,9:30:50.168613399,T,KO,,100,70.94
2025-10-22,9:30:50.168613399,T,KO,,100,70.93
2025-10-22,9:30:50.168631532,T,KO,I,1,70.93
2025-10-22,9:30:50.168643863,T,KO,I,99,70.93
2025-10-22,9:30:50.533457471,T,KO,F I,50,70.91
2025-10-22,9:30:50.533460457,T,KO,F,200,70.91
2025-10-22,9:30:50.536092618,T,KO,F I,53,70.9
2025-10-22,9:30:50.536103669,T,KO,F I,44,70.91
2025-10-22,9:30:50.536103669,T,KO,F I,50,70.91
2025-10-22,9:30:50.536107010,T,KO,F,200,70.91
2025-10-22,9:30:50.537062987,T,KO,F I,36,70.92
2025-10-22,9:30:50.537084070,T,KO,F I,36,70.92
2025-10-22,9:30:50.537111141,T,KO,,127,70.92
2025-10-22,9:30:50.537111141,T,KO,I,15,70.92
2025-10-22,9:30:51.297986215,T,KO,I,5,70.92
2025-10-22,9:30:51.297989315,T,KO,,158,70.92
2025-10-22,9:30:54.367225373,T,KO,F,100,70.92
2025-10-22,9:30:55.155561922,T,KO,I,50,70.91
2025-10-22,9:30:59.232768822,T,KO,F I,50,70.91
2025-10-22,9:30:59.233078566,T,KO,F I,1,70.92
2025-10-22,9:30:59.233156716,T,KO,F I,1,70.92
2025-10-22,9:30:59.233165753,T,KO,,120,70.92
2025-10-22,9:30:59.233207842,T,KO,,100,70.91
2025-10-22,9:30:59.233277059,T,KO,,200,70.9
2025-10-22,9:30:59.233325232,T,KO,F,100,70.91
2025-10-22,9:30:59.233343244,T,KO,I,1,70.91
2025-10-22,9:30:59.233475496,T,KO,F,100,70.92
2025-10-22,9:30:59.233559701,T,KO,,100,70.91
2025-10-22,9:30:59.233562802,T,KO,,125,70.91
2025-10-22,9:30:59.233562802,T,KO,I,1,70.91
2025-10-22,9:30:59.234037872,T,KO,I,50,70.91
2025-10-22,9:30:59.234251446,T,KO,,118,70.9
2025-10-22,9:30:59.234254413,T,KO,,200,70.9
2025-10-22,9:30:59.234786599,T,KO,,100,70.89
2025-10-22,9:30:59.234789797,T,KO,I,5,70.89
2025-10-22,9:30:59.234789797,T,KO,,195,70.89
2025-10-22,9:30:59.234910014,T,KO,F,125,70.89
2025-10-22,9:30:59.234912968,T,KO,F,125,70.89
2025-10-22,9:30:59.234916106,T,KO,F I,18,70.89
2025-10-22,9:30:59.234918968,T,KO,F I,50,70.89
2025-10-22,9:30:59.235057315,T,KO,F,100,70.9
2025-10-22,9:30:59.235057315,T,KO,F,143,70.9
2025-10-22,9:30:59.235081393,T,KO,F I,50,70.9
2025-10-22,9:30:59.235433237,T,KO,F,100,70.9
2025-10-22,9:30:59.235505350,T,KO,,125,70.9
2025-10-22,9:30:59.235508408,T,KO,,200,70.9
2025-10-22,9:30:59.235788066,T,KO,I,18,70.9
2025-10-22,9:30:59.235993079,T,KO,F,100,70.9
2025-10-22,9:30:59.235993079,T,KO,F,200,70.91
2025-10-22,9:30:59.235995772,T,KO,F,100,70.91
2025-10-22,9:30:59.235995772,T,KO,F I,50,70.91
2025-10-22,9:30:59.236004559,T,KO,F,200,70.9
2025-10-22,9:30:59.236064731,T,KO,I,50,70.9
2025-10-22,9:30:59.236169955,T,KO,I,50,70.91
2025-10-22,9:30:59.236173250,T,KO,,200,70.91
2025-10-22,9:30:59.236290318,T,KO,F,200,70.91
2025-10-22,9:30:59.236389967,T,KO,,100,70.91
2025-10-22,9:30:59.236389967,T,KO,I,5,70.91
2025-10-22,9:30:59.236393456,T,KO,,150,70.9
2025-10-22,9:30:59.236393456,T,KO,I,50,70.9
2025-10-22,9:30:59.236395540,T,KO,I,57,70.9
2025-10-22,9:30:59.236437562,T,KO,F,100,70.91
2025-10-22,9:30:59.236498028,T,KO,F I,50,70.91
2025-10-22,9:30:59.236660356,T,KO,,100,70.91
2025-10-22,9:30:59.236663852,T,KO,,200,70.9
2025-10-22,9:30:59.236663852,T,KO,I,43,70.9
2025-10-22,9:30:59.236666250,T,KO,I,50,70.9
2025-10-22,9:30:59.236801511,T,KO,F I,11,70.9
2025-10-22,9:30:59.236804495,T,KO,F I,89,70.9
2025-10-22,9:30:59.236822956,T,KO,I,13,70.9
2025-10-22,9:30:59.236936828,T,KO,I,70,70.9
2025-10-22,9:30:59.236951758,T,KO,F I,28,70.9
2025-10-22,9:30:59.237150275,T,KO,F I,5,70.9
2025-10-22,9:30:59.237180326,T,KO,F I,75,70.9
2025-10-22,9:30:59.237186318,T,KO,F I,5,70.9
2025-10-22,9:30:59.237207416,T,KO,F I,15,70.9
2025-10-22,9:30:59.237210460,T,KO,F I,85,70.9
2025-10-22,9:30:59.237279542,T,KO,F I,29,70.9
2025-10-22,9:30:59.237354834,T,KO,F I,86,70.9
2025-10-22,9:30:59.237874998,T,KO,I,5,70.9
2025-10-22,9:30:59.238741028,T,KO,F,100,70.9
2025-10-22,9:30:59.238741028,T,KO,F I,5,70.9
2025-10-22,9:31:00.144549569,T,KO,,200,70.88
2025-10-22,9:31:01.204045345,T,KO,F I,66,70.91
2025-10-22,9:31:01.204047954,T,KO,F I,1,70.91
2025-10-22,9:31:01.204204431,T,KO,,148,70.91
2025-10-22,9:31:01.204208204,T,KO,,202,70.91
2025-10-22,9:31:01.204210489,T,KO,I,80,70.91
2025-10-22,9:31:01.204228467,T,KO,I,1,70.91
2025-10-22,9:31:01.239755020,T,KO,F,200,70.94
2025-10-22,9:31:01.239755020,T,KO,F I,50,70.94
2025-10-22,9:31:01.239758070,T,KO,F I,33,70.94
2025-10-22,9:31:01.239779121,T,KO,I,1,70.94
2025-10-22,9:31:01.240046763,T,KO,F I,50,70.95
2025-10-22,9:31:01.240512823,T,KO,I,7,70.94
2025-10-22,9:31:01.240588041,T,KO,F I,7,70.95
2025-10-22,9:31:01.240603570,T,KO,F I,50,70.95
2025-10-22,9:31:01.240699308,T,KO,F,100,70.94
2025-10-22,9:31:01.240786569,T,KO,I,5,70.94
2025-10-22,9:31:01.241022005,T,KO,,200,70.94
2025-10-22,9:31:01.241024817,T,KO,,100,70.94
2025-10-22,9:31:01.241024817,T,KO,I,50,70.93
2025-10-22,9:31:01.241090257,T,KO,F,125,70.94
2025-10-22,9:31:01.241105236,T,KO,F I,50,70.94
2025-10-22,9:31:01.241108238,T,KO,F I,75,70.94
2025-10-22,9:31:01.241123446,T,KO,F I,25,70.94
2025-10-22,9:31:01.241123446,T,KO,F I,25,70.94
2025-10-22,9:31:01.241132316,T,KO,F I,25,70.94
2025-10-22,9:31:01.242969728,T,KO,,125,70.94
2025-10-22,9:31:01.243029860,T,KO,F,100,70.94
2025-10-22,9:31:01.243032836,T,KO,F,100,70.94
2025-10-22,9:31:01.244142557,T,KO,F I,5,70.94
2025-10-22,9:31:01.880295601,T,KO,,100,70.93
2025-10-22,9:31:01.880295601,T,KO,,200,70.93
2025-10-22,9:31:01.880620456,T,KO,F I,50,70.92
2025-10-22,9:31:01.880624123,T,KO,F I,70,70.92
2025-10-22,9:31:03.812283164,T,KO,F,100,70.92
2025-10-22,9:31:03.812286199,T,KO,F,100,70.93
2025-10-22,9:31:03.812313214,T,KO,F I,50,70.94
2025-10-22,9:31:03.812313214,T,KO,F I,8,70.94
2025-10-22,9:31:03.812451552,T,KO,F I,50,70.95
2025-10-22,9:31:03.812451552,T,KO,F,200,70.95
2025-10-22,9:31:03.812556853,T,KO,F,200,70.96
2025-10-22,9:31:03.812556853,T,KO,F I,50,70.96
2025-10-22,9:31:03.812999107,T,KO,F I,2,70.96
2025-10-22,9:31:03.813001900,T,KO,F,100,70.96
2025-10-22,9:31:03.813025891,T,KO,F,100,70.95
2025-10-22,9:31:03.813143153,T,KO,F,100,70.95
2025-10-22,9:31:03.813206351,T,KO,F,100,70.95
2025-10-22,9:31:03.813224344,T,KO,F I,98,70.95
2025-10-22,9:31:03.813242581,T,KO,F,600,70.95
2025-10-22,9:31:03.813245524,T,KO,F I,1,70.95
2025-10-22,9:31:03.813251455,T,KO,F,100,70.95
2025-10-22,9:31:03.813284577,T,KO,F,100,70.95
2025-10-22,9:31:03.813305558,T,KO,F,100,70.95
2025-10-22,9:31:03.814292007,T,KO,I,9,70.96
2025-10-22,9:31:03.814595818,T,KO,I,91,70.96
2025-10-22,9:31:03.814599262,T,KO,I,5,70.95
2025-10-22,9:31:03.814599262,T,KO,I,50,70.95
2025-10-22,9:31:03.814643731,T,KO,,100,70.96
2025-10-22,9:31:03.814667856,T,KO,F,100,70.96
2025-10-22,9:31:03.814667856,T,KO,F,100,70.96
2025-10-22,9:31:03.814728006,T,KO,F I,50,70.96
2025-10-22,9:31:03.814788381,T,KO,F,100,70.96
2025-10-22,9:31:03.814791113,T,KO,F I,24,70.95
2025-10-22,9:31:03.815230127,T,KO,F,124,70.96
2025-10-22,9:31:03.815230127,T,KO,F I,50,70.96
2025-10-22,9:31:03.815816519,T,KO,F,200,70.97
2025-10-22,9:31:03.815816519,T,KO,F I,50,70.97
2025-10-22,9:31:03.816556357,T,KO,F,100,70.97
2025-10-22,9:31:03.816577413,T,KO,I,32,70.97
2025-10-22,9:31:03.816589361,T,KO,F I,68,70.97
2025-10-22,9:31:03.818685373,T,KO,,100,70.97
2025-10-22,9:31:03.820697233,T,KO,,100,70.97
2025-10-22,9:31:03.863263562,T,KO,,124,70.96
2025-10-22,9:31:03.863263562,T,KO,I,76,70.96
2025-10-22,9:31:03.873650349,T,KO,,100,70.95
2025-10-22,9:31:04.450387903,T,KO,,100,70.93
2025-10-22,9:31:04.499122089,T,KO,F I,50,70.92
2025-10-22,9:31:05.136044966,T,KO,,100,70.92
2025-10-22,9:31:06.919277093,T,KO,F,136,70.92
2025-10-22,9:31:06.919322926,T,KO,F I,50,70.93
2025-10-22,9:31:06.919415563,T,KO,F I,50,70.94
2025-10-22,9:31:06.919418436,T,KO,F,200,70.94
2025-10-22,9:31:06.919755250,T,KO,F I,50,70.95
2025-10-22,9:31:06.919755250,T,KO,F,200,70.95
2025-10-22,9:31:06.920059037,T,KO,,243,70.93
2025-10-22,9:31:06.920077057,T,KO,I,1,70.93
2025-10-22,9:31:06.920107527,T,KO,I,56,70.93
2025-10-22,9:31:06.920107527,T,KO,I,84,70.93
2025-10-22,9:31:06.920173819,T,KO,,100,70.93
2025-10-22,9:31:06.920177234,T,KO,I,51,70.92
2025-10-22,9:31:06.920182347,T,KO,I,50,70.92
2025-10-22,9:31:06.920182347,T,KO,,100,70.92
2025-10-22,9:31:06.920215353,T,KO,F,124,70.94
2025-10-22,9:31:06.920233370,T,KO,F I,50,70.94
2025-10-22,9:31:06.920242382,T,KO,,100,70.93
2025-10-22,9:31:06.920257537,T,KO,F,243,70.94
2025-10-22,9:31:06.920257537,T,KO,F I,56,70.94
2025-10-22,9:31:06.920266511,T,KO,F I,1,70.94
2025-10-22,9:31:06.920288382,T,KO,,124,70.93
2025-10-22,9:31:06.920345601,T,KO,,200,70.93
2025-10-22,9:31:06.920345601,T,KO,I,50,70.93
2025-10-22,9:31:06.920350660,T,KO,F I,51,70.94
2025-10-22,9:31:06.920474921,T,KO,F I,51,70.93
2025-10-22,9:31:06.920476997,T,KO,,100,70.93
2025-10-22,9:31:06.920510084,T,KO,F I,49,70.93
2025-10-22,9:31:06.920513143,T,KO,F I,2,70.94
2025-10-22,9:31:06.920543210,T,KO,I,44,70.93
2025-10-22,9:31:06.920546112,T,KO,,100,70.93
2025-10-22,9:31:06.920724422,T,KO,F,100,70.93
2025-10-22,9:31:06.920726903,T,KO,F,107,70.93
2025-10-22,9:31:06.920726903,T,KO,F,200,70.93
2025-10-22,9:31:06.920729619,T,KO,F,100,70.93
2025-10-22,9:31:06.920744594,T,KO,F,107,70.93
2025-10-22,9:31:06.920756650,T,KO,F I,43,70.93
2025-10-22,9:31:06.920777766,T,KO,F I,57,70.93
2025-10-22,9:31:06.920801725,T,KO,I,5,70.93
2025-10-22,9:31:06.920804743,T,KO,I,95,70.93
2025-10-22,9:31:06.920855935,T,KO,I,50,70.92
2025-10-22,9:31:06.920988169,T,KO,F,100,70.92
2025-10-22,9:31:06.921000207,T,KO,F I,5,70.92
2025-10-22,9:31:06.921013068,T,KO,F I,95,70.92
2025-10-22,9:31:06.921013068,T,KO,F I,5,70.93
2025-10-22,9:31:06.921015230,T,KO,F I,10,70.93
2025-10-22,9:31:06.921024286,T,KO,F I,85,70.93
2025-10-22,9:31:06.921027690,T,KO,F I,5,70.93
2025-10-22,9:31:06.921027690,T,KO,F I,10,70.93
2025-10-22,9:31:06.921039393,T,KO,F I,5,70.93
2025-10-22,9:31:06.921045980,T,KO,F,100,70.93
2025-10-22,9:31:06.921048374,T,KO,F I,10,70.93
2025-10-22,9:31:06.921061138,T,KO,F I,75,70.93
2025-10-22,9:31:06.921061138,T,KO,F I,50,70.93
2025-10-22,9:31:06.921088416,T,KO,,100,70.93
2025-10-22,9:31:06.921088416,T,KO,I,5,70.92
2025-10-22,9:31:06.921093793,T,KO,,124,70.92
2025-10-22,9:31:06.921093793,T,KO,I,50,70.92
2025-10-22,9:31:06.921097375,T,KO,,195,70.92
2025-10-22,9:31:06.921097375,T,KO,F,100,70.93
2025-10-22,9:31:06.921103022,T,KO,F,100,70.93
2025-10-22,9:31:06.921105446,T,KO,F I,50,70.93
2025-10-22,9:31:06.921120933,T,KO,F,100,70.93
2025-10-22,9:31:06.921120933,T,KO,F I,5,70.93
2025-10-22,9:31:06.921138521,T,KO,F I,5,70.93
2025-10-22,9:31:06.921201951,T,KO,I,5,70.92
2025-10-22,9:31:06.921201951,T,KO,I,50,70.92
2025-10-22,9:31:06.921247248,T,KO,,100,70.92
2025-10-22,9:31:06.921249813,T,KO,I,74,70.92
2025-10-22,9:31:06.921319041,T,KO,F I,50,70.92
2025-10-22,9:31:06.921361155,T,KO,I,45,70.92
2025-10-22,9:31:06.921379296,T,KO,I,50,70.92
2025-10-22,9:31:06.921466566,T,KO,,100,70.92
2025-10-22,9:31:06.921469493,T,KO,I,5,70.92
2025-10-22,9:31:06.921469493,T,KO,I,50,70.92
2025-10-22,9:31:06.921577741,T,KO,F,100,70.92
2025-10-22,9:31:06.921577741,T,KO,F I,50,70.92
2025-10-22,9:31:06.921673882,T,KO,F I,50,70.92
2025-10-22,9:31:06.921926515,T,KO,F I,50,70.92
2025-10-22,9:31:06.923417962,T,KO,,200,70.93
2025-10-22,9:31:06.923559541,T,KO,,100,70.93
2025-10-22,9:31:06.923559541,T,KO,,100,70.93
2025-10-22,9:31:06.923562371,T,KO,I,50,70.93
2025-10-22,9:31:06.923601515,T,KO,F I,98,70.93
2025-10-22,9:31:06.925204350,T,KO,,156,70.93
2025-10-22,9:31:07.618009626,T,KO,F,100,70.93
2025-10-22,9:31:07.618012927,T,KO,F I,48,70.94
2025-10-22,9:31:07.618015543,T,KO,F,200,70.94
2025-10-22,9:31:07.618058123,T,KO,,300,70.93
2025-10-22,9:31:07.618069900,T,KO,F,200,70.95
2025-10-22,9:31:07.618069900,T,KO,F I,50,70.95
2025-10-22,9:31:07.618082218,T,KO,F,100,70.935
2025-10-22,9:31:07.618082218,T,KO,F I,24,70.93
2025-10-22,9:31:07.618099584,T,KO,,100,70.94
2025-10-22,9:31:07.618102611,T,KO,I,11,70.94
2025-10-22,9:31:07.618199003,T,KO,F,300,70.94
2025-10-22,9:31:07.618230259,T,KO,F I,24,70.94
2025-10-22,9:31:07.618230259,T,KO,F I,11,70.94
2025-10-22,9:31:07.618232100,T,KO,F,100,70.94
2025-10-22,9:31:07.618902801,T,KO,F I,50,70.96
2025-10-22,9:31:07.618905597,T,KO,F,200,70.96
2025-10-22,9:31:07.619419814,T,KO,F I,50,70.97
2025-10-22,9:31:07.619419814,T,KO,F,200,70.97
2025-10-22,9:31:07.619422791,T,KO,F I,29,70.97
2025-10-22,9:31:07.732985211,T,KO,I,51,70.965
2025-10-22,9:31:07.933451784,T,KO,,100,70.97
2025-10-22,9:31:08.763208976,T,KO,F I,53,70.98
2025-10-22,9:31:08.763208976,T,KO,F I,50,70.98
2025-10-22,9:31:08.763211862,T,KO,F I,40,70.98
2025-10-22,9:31:08.763227692,T,KO,I,1,70.98
2025-10-22,9:31:08.763253979,T,KO,I,54,70.96
2025-10-22,9:31:08.763278144,T,KO,I,46,70.96
2025-10-22,9:31:08.763278144,T,KO,,100,70.96
2025-10-22,9:31:08.763906520,T,KO,I,5,70.97
2025-10-22,9:31:08.764063522,T,KO,F I,50,70.98
2025-10-22,9:31:08.764069438,T,KO,F,100,70.98
2025-10-22,9:31:08.764069438,T,KO,F I,77,70.98
2025-10-22,9:31:08.764074988,T,KO,F,200,70.98
2025-10-22,9:31:08.764078567,T,KO,F,100,70.98
2025-10-22,9:31:08.764111011,T,KO,F,200,70.99
2025-10-22,9:31:08.764117112,T,KO,F I,50,70.99
2025-10-22,9:31:08.764117112,T,KO,F I,67,70.99
2025-10-22,9:31:08.764316220,T,KO,,100,70.98
2025-10-22,9:31:08.764481605,T,KO,F,100,70.99
2025-10-22,9:31:08.764484744,T,KO,F,100,70.99
2025-10-22,9:31:08.764487010,T,KO,F,200,70.99
2025-10-22,9:31:08.764493006,T,KO,F,400,70.99
2025-10-22,9:31:08.764523137,T,KO,F,200,70.99
2025-10-22,9:31:08.764553163,T,KO,F,200,70.99
2025-10-22,9:31:08.764574130,T,KO,F,200,70.99
2025-10-22,9:31:08.776449684,T,KO,,100,70.99
2025-10-22,9:31:08.776449684,T,KO,,183,70.98
2025-10-22,9:31:08.776452465,T,KO,,100,70.98
2025-10-22,9:31:08.776467593,T,KO,F,100,70.98
2025-10-22,9:31:08.776519081,T,KO,F,100,70.98
2025-10-22,9:31:08.776521889,T,KO,F I,24,70.98
2025-10-22,9:31:08.776524917,T,KO,F,124,70.98
2025-10-22,9:31:08.776536710,T,KO,F I,52,70.98
2025-10-22,9:31:08.776539675,T,KO,F I,48,70.99
2025-10-22,9:31:08.776545787,T,KO,F,100,70.99
2025-10-22,9:31:08.776551660,T,KO,F,100,70.99
2025-10-22,9:31:08.776560747,T,KO,F,100,70.99
2025-10-22,9:31:08.777301492,T,KO,F,100,70.98
2025-10-22,9:31:08.777303783,T,KO,F I,48,70.98
2025-10-22,9:31:08.777306448,T,KO,F,100,70.98
2025-10-22,9:31:08.777306448,T,KO,F,200,70.98
2025-10-22,9:31:08.800029004,T,KO,F,250,70.97
2025-10-22,9:31:08.800032311,T,KO,F I,50,70.98
2025-10-22,9:31:08.800032311,T,KO,F I,50,70.98
2025-10-22,9:31:08.800037604,T,KO,F,200,70.98
2025-10-22,9:31:08.922495445,T,KO,F,250,70.975
2025-10-22,9:31:08.922499125,T,KO,F,200,70.99
2025-10-22,9:31:08.922504398,T,KO,F I,50,70.99
2025-10-22,9:31:08.922633612,T,KO,,100,70.985
2025-10-22,9:31:08.922633612,T,KO,,200,70.98
2025-10-22,9:31:08.922664577,T,KO,F,100,70.98
2025-10-22,9:31:08.922729800,T,KO,F,200,70.98
2025-10-22,9:31:08.922729800,T,KO,F,100,70.98
2025-10-22,9:31:08.922748606,T,KO,F,100,70.97
2025-10-22,9:31:08.922765906,T,KO,F,100,70.98
2025-10-22,9:31:08.922768944,T,KO,F,100,70.98
2025-10-22,9:31:08.922850146,T,KO,F I,50,70.98
2025-10-22,9:31:08.922853200,T,KO,F,100,70.98
2025-10-22,9:31:08.922907305,T,KO,F I,6,70.98
2025-10-22,9:31:08.923030540,T,KO,F,100,70.98
2025-10-22,9:31:08.923045666,T,KO,F,100,70.98
2025-10-22,9:31:08.923183951,T,KO,F I,6,70.98
2025-10-22,9:31:08.923183951,T,KO,F I,94,70.98
2025-10-22,9:31:08.923207956,T,KO,F I,6,70.98
2025-10-22,9:31:08.923207956,T,KO,F I,94,70.98
2025-10-22,9:31:08.923211053,T,KO,F I,6,70.98
2025-10-22,9:31:08.923226065,T,KO,F,100,70.98
2025-10-22,9:31:08.923310564,T,KO,F I,6,70.98
2025-10-22,9:31:08.923316311,T,KO,F,100,70.98
2025-10-22,9:31:08.923349363,T,KO,F I,6,70.98
2025-10-22,9:31:08.923349363,T,KO,F I,94,70.98
2025-10-22,9:31:08.923370321,T,KO,F,106,70.98
2025-10-22,9:31:08.923373464,T,KO,F I,94,70.98
2025-10-22,9:31:08.923421520,T,KO,I,6,70.98
2025-10-22,9:31:08.923425126,T,KO,I,50,70.98
2025-10-22,9:31:08.923425126,T,KO,,200,70.98
2025-10-22,9:31:08.923484632,T,KO,,100,70.98
2025-10-22,9:31:08.923710618,T,KO,F,100,70.98
2025-10-22,9:31:08.923716897,T,KO,F,200,70.98
2025-10-22,9:31:08.923716897,T,KO,F,100,70.98
2025-10-22,9:31:08.923716897,T,KO,F I,50,70.99
2025-10-22,9:31:08.923767279,T,KO,F,100,70.98
2025-10-22,9:31:08.923833934,T,KO,F,100,70.99
2025-10-22,9:31:08.923836510,T,KO,F,200,70.99
2025-10-22,9:31:08.923839949,T,KO,F I,14,70.99
2025-10-22,9:31:09.768250655,T,KO,,100,70.98
2025-10-22,9:31:10.127579597,T,KO,,100,70.98
2025-10-22,9:31:10.859676133,T,KO,F,100,70.98
2025-10-22,9:31:10.859679185,T,KO,F,100,70.97
2025-10-22,9:31:11.056449805,T,KO,,100,70.965
2025-10-22,9:31:11.056453005,T,KO,,100,70.97
2025-10-22,9:31:11.056453005,T,KO,I,50,70.98
2025-10-22,9:31:11.077072927,T,KO,F,150,70.98
2025-10-22,9:31:11.077951156,T,KO,,100,70.98
2025-10-22,9:31:11.077990134,T,KO,,100,70.98
2025-10-22,9:31:11.078026227,T,KO,I,50,70.98
2025-10-22,9:31:11.078101398,T,KO,I,50,70.98
2025-10-22,9:31:11.435962981,T,KO,,100,70.97
2025-10-22,9:31:11.435965685,T,KO,I,9,70.96
2025-10-22,9:31:11.435977926,T,KO,F I,41,70.96
2025-10-22,9:31:11.436263468,T,KO,F,100,70.97
2025-10-22,9:31:11.436434811,T,KO,F,161,70.98
2025-10-22,9:31:11.436437965,T,KO,F I,24,70.98
2025-10-22,9:31:11.437361068,T,KO,F I,53,70.99
2025-10-22,9:31:12.538259009,T,KO,F,200,70.98
2025-10-22,9:31:12.538262140,T,KO,F,100,70.98
2025-10-22,9:31:12.538304539,T,KO,F,200,70.97
2025-10-22,9:31:12.538307488,T,KO,F I,50,70.97
2025-10-22,9:31:12.538322621,T,KO,,100,70.97
2025-10-22,9:31:12.538568815,T,KO,F,200,70.96
2025-10-22,9:31:12.545620579,T,KO,,250,70.96
2025-10-22,9:31:12.547088162,T,KO,,100,70.97
2025-10-22,9:31:12.548465761,T,KO,F,200,70.98
2025-10-22,9:31:12.548468729,T,KO,F I,50,70.98
2025-10-22,9:31:12.549857788,T,KO,F,100,70.975
2025-10-22,9:31:12.549857788,T,KO,F,100,70.975
2025-10-22,9:31:12.549926816,T,KO,F I,50,70.975
2025-10-22,9:31:12.549929835,T,KO,F I,50,70.98
2025-10-22,9:31:12.549929835,T,KO,F I,50,70.98
2025-10-22,9:31:12.550164440,T,KO,F I,6,70.98
2025-10-22,9:31:12.558271793,T,KO,,100,70.98
2025-10-22,9:31:12.559364184,T,KO,F,250,70.98
2025-10-22,9:31:12.559366843,T,KO,F I,38,70.99
2025-10-22,9:31:12.559369494,T,KO,F,162,70.99
2025-10-22,9:31:12.559372328,T,KO,F I,88,70.99
2025-10-22,9:31:12.559697103,T,KO,F I,52,70.99
2025-10-22,9:31:12.559784408,T,KO,F,100,70.99
2025-10-22,9:31:12.559910619,T,KO,F I,6,70.99
2025-10-22,9:31:12.559914304,T,KO,F I,6,70.99
2025-10-22,9:31:12.559922988,T,KO,I,94,70.99
2025-10-22,9:31:12.559922988,T,KO,,200,70.99
2025-10-22,9:31:12.559973774,T,KO,F I,6,70.99
2025-10-22,9:31:12.560151303,T,KO,F,100,70.99
2025-10-22,9:31:12.560151303,T,KO,F,100,70.99
2025-10-22,9:31:12.560196285,T,KO,F,100,70.99
2025-10-22,9:31:12.560199420,T,KO,F I,6,70.99
2025-10-22,9:31:12.560346751,T,KO,F I,6,70.99
2025-10-22,9:31:12.560352760,T,KO,F I,22,70.99
2025-10-22,9:31:12.560367766,T,KO,F,100,70.99
2025-10-22,9:31:12.560373939,T,KO,F I,6,70.99
2025-10-22,9:31:12.560377144,T,KO,F I,94,70.99
2025-10-22,9:31:12.560379701,T,KO,F I,6,70.99
2025-10-22,9:31:12.560379701,T,KO,F I,22,70.99
2025-10-22,9:31:12.560395225,T,KO,F I,72,70.99
2025-10-22,9:31:12.560395225,T,KO,F I,6,70.99
2025-10-22,9:31:12.561330008,T,KO,I,60,70.99
2025-10-22,9:31:12.562386232,T,KO,F,100,70.99
2025-10-22,9:31:12.562386232,T,KO,F I,60,70.99
2025-10-22,9:31:12.562386232,T,KO,F I,50,70.99
2025-10-22,9:31:12.562392459,T,KO,F,100,71.0
2025-10-22,9:31:12.562392459,T,KO,F,200,71.0
2025-10-22,9:31:12.562398157,T,KO,F I,50,71.0
2025-10-22,9:31:12.562398157,T,KO,F I,14,71.0
2025-10-22,9:31:12.562404530,T,KO,F,100,71.0
2025-10-22,9:31:12.562406774,T,KO,F,100,71.0
2025-10-22,9:31:12.562836619,T,KO,F I,57,71.0
2025-10-22,9:31:12.563441000,T,KO,,124,70.99
2025-10-22,9:31:12.563445343,T,KO,,100,70.99
2025-10-22,9:31:12.563450120,T,KO,,200,70.99
2025-10-22,9:31:12.563450120,T,KO,I,50,70.99
2025-10-22,9:31:12.563450120,T,KO,I,13,70.99
2025-10-22,9:31:12.563630593,T,KO,F,257,70.99
2025-10-22,9:31:12.563651566,T,KO,F,100,71.0
2025-10-22,9:31:12.563669604,T,KO,F,100,71.0
2025-10-22,9:31:12.563669604,T,KO,F,100,71.0
2025-10-22,9:31:12.563676650,T,KO,F I,50,71.0
2025-10-22,9:31:12.563676650,T,KO,F I,27,71.0
2025-10-22,9:31:12.563676650,T,KO,F I,8,71.0
2025-10-22,9:31:12.563690704,T,KO,F I,43,71.0
2025-10-22,9:31:12.563702669,T,KO,F I,27,71.0
2025-10-22,9:31:12.563708834,T,KO,F I,22,71.0
2025-10-22,9:31:12.563763241,T,KO,F I,34,71.0
2025-10-22,9:31:12.563763241,T,KO,F I,34,71.0
2025-10-22,9:31:12.564054871,T,KO,,100,70.99
2025-10-22,9:31:12.564054871,T,KO,I,50,70.99
2025-10-22,9:31:12.564057463,T,KO,,200,70.99
2025-10-22,9:31:12.564060533,T,KO,I,16,70.99
2025-10-22,9:31:12.564325762,T,KO,F,124,71.0
2025-10-22,9:31:12.564328161,T,KO,F,200,71.0
2025-10-22,9:31:12.564328161,T,KO,F I,16,71.0
2025-10-22,9:31:12.564448407,T,KO,,100,71.0
2025-10-22,9:31:12.564523648,T,KO,F I,50,70.995
2025-10-22,9:31:12.566418140,T,KO,F I,29,70.99
2025-10-22,9:31:12.566421390,T,KO,F,200,70.99
2025-10-22,9:31:12.566421390,T,KO,F I,5,70.99
2025-10-22,9:31:12.566424104,T,KO,F I,95,70.99
2025-10-22,9:31:12.567121903,T,KO,F,100,70.98
2025-10-22,9:31:12.567121903,T,KO,F,200,70.98
2025-10-22,9:31:12.567494865,T,KO,F I,6,70.98
2025-10-22,9:31:12.572570782,T,KO,F,200,70.98
2025-10-22,9:31:12.572570782,T,KO,F I,50,70.98
2025-10-22,9:31:12.573021834,T,KO,F I,6,70.98
2025-10-22,9:31:12.573021834,T,KO,F I,6,70.98
2025-10-22,9:31:12.573042989,T,KO,I,1,70.98
2025-10-22,9:31:12.573067314,T,KO,F,193,70.98
2025-10-22,9:31:12.573070786,T,KO,F I,7,70.98
2025-10-22,9:31:12.573070786,T,KO,F I,94,70.98
2025-10-22,9:31:12.573076573,T,KO,F I,93,70.98
2025-10-22,9:31:12.574429841,T,KO,F,100,70.98
2025-10-22,9:31:12.574432380,T,KO,F,100,70.98
2025-10-22,9:31:12.574432380,T,KO,F,200,70.98
2025-10-22,9:31:12.585907589,T,KO,,200,70.97
2025-10-22,9:31:12.585980333,T,KO,F,300,70.98
2025-10-22,9:31:12.585983402,T,KO,F,100,70.98
2025-10-22,9:31:12.585986316,T,KO,F,124,70.98
2025-10-22,9:31:12.585986316,T,KO,F,200,70.98
2025-10-22,9:31:12.585988811,T,KO,F,250,70.98
2025-10-22,9:31:12.586001073,T,KO,I,1,70.98
2025-10-22,9:31:12.586004489,T,KO,I,1,70.98
2025-10-22,9:31:12.586644615,T,KO,,124,70.97
2025-10-22,9:31:12.586647373,T,KO,,124,70.97
2025-10-22,9:31:12.586650622,T,KO,,300,70.97
2025-10-22,9:31:12.586653430,T,KO,I,2,70.97
2025-10-22,9:31:12.586653430,T,KO,I,50,70.97
2025-10-22,9:31:12.586656318,T,KO,,200,70.97
2025-10-22,9:31:12.586861552,T,KO,F,100,70.98
2025-10-22,9:31:12.586861552,T,KO,F,124,70.98
2025-10-22,9:31:12.586867187,T,KO,F I,57,70.98
2025-10-22,9:31:12.586867187,T,KO,F,200,70.98
2025-10-22,9:31:12.586870745,T,KO,F I,50,70.98
2025-10-22,9:31:12.586911936,T,KO,,100,70.97
2025-10-22,9:31:12.587020691,T,KO,I,57,70.97
2025-10-22,9:31:12.587020691,T,KO,I,64,70.97
2025-10-22,9:31:12.587047288,T,KO,F,136,70.97
2025-10-22,9:31:12.587047288,T,KO,F,100,70.97
2025-10-22,9:31:12.587122541,T,KO,F I,20,70.97
2025-10-22,9:31:12.587197579,T,KO,I,25,70.97
2025-10-22,9:31:12.587212651,T,KO,F I,25,70.97
2025-10-22,9:31:12.587305855,T,KO,F,200,70.97
2025-10-22,9:31:12.587570536,T,KO,F,200,70.96
2025-10-22,9:31:12.588391423,T,KO,I,6,70.96
2025-10-22,9:31:12.588394510,T,KO,I,8,70.96
2025-10-22,9:31:12.588394510,T,KO,,200,70.96
2025-10-22,9:31:12.588825261,T,KO,F,100,70.96
2025-10-22,9:31:12.588830877,T,KO,F,200,70.96
2025-10-22,9:31:12.588830877,T,KO,F I,50,70.96
2025-10-22,9:31:12.588833504,T,KO,F,100,70.96
2025-10-22,9:31:12.588833504,T,KO,F I,8,70.96
2025-10-22,9:31:12.588897098,T,KO,F I,92,70.96
2025-10-22,9:31:12.589197435,T,KO,F,200,70.95
2025-10-22,9:31:12.589874305,T,KO,F,200,70.95
2025-10-22,9:31:12.589877049,T,KO,F I,50,70.95
2025-10-22,9:31:12.590135701,T,KO,F,200,70.95
2025-10-22,9:31:12.591049852,T,KO,,100,70.95
2025-10-22,9:31:12.599442834,T,KO,,100,70.95
2025-10-22,9:31:12.769242219,T,KO,,100,70.96
2025-10-22,9:31:12.769281329,T,KO,,100,70.96
2025-10-22,9:31:12.769326446,T,KO,I,50,70.96
2025-10-22,9:31:14.250290692,T,KO,F,250,70.965
2025-10-22,9:31:14.250294440,T,KO,F,200,70.98
2025-10-22,9:31:14.250300385,T,KO,F I,50,70.98
2025-10-22,9:31:14.250342180,T,KO,I,50,70.98
2025-10-22,9:31:14.250344937,T,KO,I,50,70.98
2025-10-22,9:31:14.250348959,T,KO,I,63,70.97
2025-10-22,9:31:14.250350814,T,KO,,137,70.97
2025-10-22,9:31:14.250353846,T,KO,I,63,70.97
2025-10-22,9:31:14.250419979,T,KO,,100,70.97
2025-10-22,9:31:14.250489646,T,KO,,100,70.97
2025-10-22,9:31:14.250492354,T,KO,F I,7,70.98
2025-10-22,9:31:14.250498415,T,KO,F I,50,70.98
2025-10-22,9:31:14.250504545,T,KO,F,100,70.98
2025-10-22,9:31:14.250513259,T,KO,F,200,70.98
2025-10-22,9:31:14.250516206,T,KO,F I,7,70.98
2025-10-22,9:31:14.250528221,T,KO,F I,50,70.98
2025-10-22,9:31:14.250534226,T,KO,F I,6,70.98
2025-10-22,9:31:14.250534226,T,KO,F I,94,70.98
2025-10-22,9:31:14.250540311,T,KO,F I,43,70.98
2025-10-22,9:31:14.250540311,T,KO,F I,50,70.98
2025-10-22,9:31:14.250552894,T,KO,F,111,70.97
2025-10-22,9:31:14.250558576,T,KO,F,111,70.97
2025-10-22,9:31:14.250561904,T,KO,F I,89,70.97
2025-10-22,9:31:14.250600378,T,KO,F,200,70.97
2025-10-22,9:31:14.250648781,T,KO,,200,70.97
2025-10-22,9:31:14.250648781,T,KO,I,61,70.97
2025-10-22,9:31:14.250660735,T,KO,F,100,70.96
2025-10-22,9:31:14.250660735,T,KO,F,156,70.96
2025-10-22,9:31:14.250835125,T,KO,F I,39,70.97
2025-10-22,9:31:14.250838036,T,KO,F,161,70.97
2025-10-22,9:31:14.250877265,T,KO,F,100,70.97
2025-10-22,9:31:14.250877265,T,KO,F,131,70.97
2025-10-22,9:31:14.250898482,T,KO,I,1,70.965
2025-10-22,9:31:14.250901515,T,KO,F I,18,70.97
2025-10-22,9:31:14.250901515,T,KO,F,149,70.97
2025-10-22,9:31:14.250916155,T,KO,F I,51,70.97
2025-10-22,9:31:14.250916155,T,KO,F I,97,70.97
2025-10-22,9:31:14.250982750,T,KO,F,200,70.97
2025-10-22,9:31:14.251009356,T,KO,F I,18,70.97
2025-10-22,9:31:14.251054468,T,KO,F I,5,70.97
2025-10-22,9:31:14.251213956,T,KO,F I,50,70.97
2025-10-22,9:31:14.251307121,T,KO,F I,97,70.97
2025-10-22,9:31:14.251616770,T,KO,F I,50,70.97
2025-10-22,9:31:14.251631839,T,KO,F I,53,70.97
2025-10-22,9:31:14.251707235,T,KO,F,100,70.98
2025-10-22,9:31:14.251707235,T,KO,F I,50,70.98
2025-10-22,9:31:14.251710005,T,KO,F,137,70.98
2025-10-22,9:31:14.251752168,T,KO,F I,63,70.98
2025-10-22,9:31:14.252302521,T,KO,F I,63,70.98
2025-10-22,9:31:14.252302521,T,KO,F I,14,70.98
2025-10-22,9:31:14.252323583,T,KO,I,1,70.98
2025-10-22,9:31:14.252567409,T,KO,F I,6,70.98
2025-10-22,9:31:14.252636316,T,KO,F I,50,70.99
2025-10-22,9:31:14.252642392,T,KO,F,200,70.99
2025-10-22,9:31:14.255394723,T,KO,,100,70.99
2025-10-22,9:31:14.255394723,T,KO,,151,70.98
2025-10-22,9:31:14.255415308,T,KO,F I,49,70.98
2025-10-22,9:31:14.255418446,T,KO,F I,51,70.98
2025-10-22,9:31:14.255463203,T,KO,F,100,70.98
2025-10-22,9:31:14.255466008,T,KO,F I,31,70.98
2025-10-22,9:31:14.255466008,T,KO,F,131,70.98
2025-10-22,9:31:14.255472016,T,KO,F I,88,70.98
2025-10-22,9:31:14.255475092,T,KO,F I,5,70.99
2025-10-22,9:31:14.255478194,T,KO,F,100,70.99
2025-10-22,9:31:14.255484042,T,KO,F I,26,70.99
2025-10-22,9:31:14.255487183,T,KO,F I,74,70.99
2025-10-22,9:31:14.255490207,T,KO,F I,26,70.99
2025-10-22,9:31:14.255493040,T,KO,F I,74,70.99
2025-10-22,9:31:14.255499544,T,KO,I,1,70.99
2025-10-22,9:31:14.255499544,T,KO,I,1,70.99
2025-10-22,9:31:14.255502170,T,KO,F I,24,70.99
2025-10-22,9:31:14.255505334,T,KO,F,176,70.99
2025-10-22,9:31:14.255511079,T,KO,F I,24,70.99
2025-10-22,9:31:14.255514729,T,KO,F I,26,70.99
2025-10-22,9:31:14.255517114,T,KO,F I,24,70.99
2025-10-22,9:31:14.255565226,T,KO,F I,4,70.99
2025-10-22,9:31:14.255667523,T,KO,F,100,70.99
2025-10-22,9:31:14.257691297,T,KO,F,100,70.99
2025-10-22,9:31:14.257712434,T,KO,I,1,70.99
2025-10-22,9:31:14.257769878,T,KO,F I,99,70.99
2025-10-22,9:31:14.257769878,T,KO,F I,4,70.99
2025-10-22,9:31:14.257775455,T,KO,F I,6,70.99
2025-10-22,9:31:14.257820613,T,KO,F I,65,70.99
2025-10-22,9:31:14.257826680,T,KO,F I,35,70.99
2025-10-22,9:31:14.260848765,T,KO,F I,28,70.97
2025-10-22,9:31:14.260872852,T,KO,F,172,70.97
2025-10-22,9:31:16.401999430,T,KO,F,100,70.95
2025-10-22,9:31:16.405824611,T,KO,,100,70.95
2025-10-22,9:31:16.407905648,T,KO,,100,70.95
2025-10-22,9:31:16.596671410,T,KO,F,100,70.97
2025-10-22,9:31:16.596671410,T,KO,F,100,70.97
2025-10-22,9:31:16.596677134,T,KO,F I,50,70.97
2025-10-22,9:31:16.596677134,T,KO,F I,66,70.97
2025-10-22,9:31:16.596707260,T,KO,F I,50,70.98
2025-10-22,9:31:16.596722409,T,KO,,300,70.96
2025-10-22,9:31:16.596747061,T,KO,I,1,70.97
2025-10-22,9:31:16.597108175,T,KO,F,100,70.98
2025-10-22,9:31:16.597108175,T,KO,F,100,70.98
2025-10-22,9:31:16.597110177,T,KO,F,300,70.98
2025-10-22,9:31:16.815902450,T,KO,F,200,71.0
2025-10-22,9:31:16.815905831,T,KO,F,100,71.0
2025-10-22,9:31:16.815905831,T,KO,F I,50,71.0
2025-10-22,9:31:16.815908365,T,KO,F I,14,71.0
2025-10-22,9:31:16.816130837,T,KO,,100,71.0
2025-10-22,9:31:16.816160848,T,KO,F I,18,70.99
2025-10-22,9:31:16.816166882,T,KO,F I,91,71.0
2025-10-22,9:31:16.817202044,T,KO,F,282,70.99
2025-10-22,9:31:16.817205951,T,KO,F I,51,70.99
2025-10-22,9:31:16.817205951,T,KO,F I,17,70.99
2025-10-22,9:31:16.817210428,T,KO,F,183,70.99
2025-10-22,9:31:16.817829896,T,KO,F,100,70.98
2025-10-22,9:31:16.818479482,T,KO,F I,53,70.97
2025-10-22,9:31:16.818530606,T,KO,I,18,70.97
2025-10-22,9:31:16.818551618,T,KO,F,282,70.97
2025-10-22,9:31:16.818554571,T,KO,F I,18,70.97
2025-10-22,9:31:16.818579203,T,KO,,182,70.97
2025-10-22,9:31:16.818689934,T,KO,,100,70.97
2025-10-22,9:31:16.839563255,T,KO,,100,70.98
2025-10-22,9:31:16.839563255,T,KO,I,56,70.98
2025-10-22,9:31:16.839584681,T,KO,F I,44,70.98
2025-10-22,9:31:16.839586968,T,KO,F,200,70.98
2025-10-22,9:31:16.839589756,T,KO,F,100,70.98
2025-10-22,9:31:17.855610680,T,KO,,100,70.98
2025-10-22,9:31:17.855615249,T,KO,,100,70.97
2025-10-22,9:31:17.855628720,T,KO,,100,70.97
2025-10-22,9:31:17.856161735,T,KO,,100,70.98
2025-10-22,9:31:17.856165241,T,KO,,131,70.99
2025-10-22,9:31:17.856167286,T,KO,,100,70.99
2025-10-22,9:31:17.856170252,T,KO,,100,70.99
2025-10-22,9:31:17.856173053,T,KO,I,59,70.99
2025-10-22,9:31:17.856175994,T,KO,,124,70.99
2025-10-22,9:31:17.856181957,T,KO,I,1,70.99
2025-10-22,9:31:17.856188012,T,KO,I,1,70.99
2025-10-22,9:31:17.856242101,T,KO,F I,74,70.99
2025-10-22,9:31:17.858052686,T,KO,F I,80,70.98
2025-10-22,9:31:17.858080882,T,KO,F I,51,70.98
2025-10-22,9:31:17.858080882,T,KO,F,116,70.98
2025-10-22,9:31:17.858085726,T,KO,F I,59,70.98
2025-10-22,9:31:17.858085726,T,KO,F,131,70.98
2025-10-22,9:31:17.858088706,T,KO,F,200,70.98
2025-10-22,9:31:17.858091610,T,KO,F,100,70.98
2025-10-22,9:31:17.858091610,T,KO,F I,50,70.98
2025-10-22,9:31:17.858362351,T,KO,I,51,70.99
2025-10-22,9:31:17.858366260,T,KO,,131,70.99
2025-10-22,9:31:17.858371263,T,KO,,280,70.99
2025-10-22,9:31:17.858371263,T,KO,,100,70.99
2025-10-22,9:31:17.858375298,T,KO,I,1,70.99
2025-10-22,9:31:17.858375298,T,KO,,200,70.99
2025-10-22,9:31:17.858380378,T,KO,I,4,70.99
2025-10-22,9:31:17.858380378,T,KO,I,48,70.99
2025-10-22,9:31:17.858392652,T,KO,I,1,70.99
2025-10-22,9:31:17.858627329,T,KO,,200,70.99
2025-10-22,9:31:17.859089959,T,KO,F I,52,70.99
2025-10-22,9:31:17.859116994,T,KO,F I,48,70.99
2025-10-22,9:31:18.014807553,T,KO,F I,41,70.98
2025-10-22,9:31:18.014810112,T,KO,F,104,70.98
2025-10-22,9:31:18.014810112,T,KO,F I,41,70.98
2025-10-22,9:31:18.014860978,T,KO,F I,57,70.98
2025-10-22,9:31:18.014860978,T,KO,F I,57,70.98
2025-10-22,9:31:18.015026707,T,KO,I,44,70.98
2025-10-22,9:31:18.015026707,T,KO,I,35,70.98
2025-10-22,9:31:18.015029392,T,KO,,200,70.97
2025-10-22,9:31:18.015029392,T,KO,I,50,70.97
2025-10-22,9:31:18.561966110,T,KO,F,200,70.99
2025-10-22,9:31:18.561969046,T,KO,F I,53,70.99
2025-10-22,9:31:18.561972116,T,KO,F I,17,70.99
2025-10-22,9:31:18.561987155,T,KO,I,1,70.99
2025-10-22,9:31:19.355917344,T,KO,,100,70.99
2025-10-22,9:31:19.355917344,T,KO,,100,70.99
2025-10-22,9:31:19.355920036,T,KO,,101,70.98
2025-10-22,9:31:19.355938210,T,KO,I,1,70.98
2025-10-22,9:31:24.996577770,T,KO,,100,71.0
2025-10-22,9:31:24.996604568,T,KO,,100,71.0
2025-10-22,9:31:24.996604568,T,KO,,146,71.0
2025-10-22,9:31:24.996607581,T,KO,F,154,71.0
2025-10-22,9:31:24.996842251,T,KO,,100,71.0
2025-10-22,9:31:24.996845279,T,KO,I,8,71.0
2025-10-22,9:31:24.996848228,T,KO,,100,71.0
2025-10-22,9:31:24.996899258,T,KO,F I,8,71.0
2025-10-22,9:31:24.997251204,T,KO,F I,72,70.99
2025-10-22,9:31:24.997263730,T,KO,F,128,70.99
2025-10-22,9:31:24.997389520,T,KO,I,9,70.99
2025-10-22,9:31:24.997389520,T,KO,I,91,71.0
2025-10-22,9:31:24.997413476,T,KO,I,1,71.0
2025-10-22,9:31:24.997590993,T,KO,F,200,70.98
2025-10-22,9:31:25.004101542,T,KO,F,200,70.98
2025-10-22,9:31:25.004104428,T,KO,F I,51,70.98
2025-10-22,9:31:25.004224713,T,KO,F,100,70.97
2025-10-22,9:31:25.004227747,T,KO,F I,50,70.97
2025-10-22,9:31:25.004227747,T,KO,F,200,70.97
2025-10-22,9:31:25.004823204,T,KO,F I,64,70.97
2025-10-22,9:31:25.004853548,T,KO,F I,64,70.97
2025-10-22,9:31:25.004968347,T,KO,I,36,70.97
2025-10-22,9:31:25.004970550,T,KO,,200,70.96
2025-10-22,9:31:25.044355425,T,KO,F,200,70.95
2025-10-22,9:31:25.044355425,T,KO,F,100,70.95
2025-10-22,9:31:25.044617020,T,KO,F I,68,70.94
2025-10-22,9:31:25.044622960,T,KO,,132,70.94
2025-10-22,9:31:26.152235995,T,KO,F I,1,70.93
2025-10-22,9:31:26.152239139,T,KO,F,100,70.93
2025-10-22,9:31:26.152239139,T,KO,F,150,70.92
2025-10-22,9:31:26.152269136,T,KO,F I,50,70.92
2025-10-22,9:31:26.152606624,T,KO,,100,70.93
2025-10-22,9:31:26.152606624,T,KO,I,50,70.93
2025-10-22,9:31:26.152609669,T,KO,,200,70.93
2025-10-22,9:31:26.152672559,T,KO,F,250,70.93
2025-10-22,9:31:26.152726187,T,KO,I,8,70.93
2025-10-22,9:31:26.153162202,T,KO,I,92,70.93
2025-10-22,9:31:26.153225358,T,KO,F I,8,70.93
2025-10-22,9:31:26.153352542,T,KO,I,16,70.93
2025-10-22,9:31:26.153352542,T,KO,,200,70.94
2025-10-22,9:31:26.155516788,T,KO,I,54,70.95
2025-10-22,9:31:26.155576968,T,KO,F I,8,70.95
2025-10-22,9:31:26.155576968,T,KO,F,100,70.95
2025-10-22,9:31:26.155598032,T,KO,F,200,70.95
2025-10-22,9:31:28.018261349,T,KO,F I,10,70.92
2025-10-22,9:31:29.594920665,T,KO,F I,8,70.91
2025-10-22,9:31:29.594922916,T,KO,F I,7,70.91
2025-10-22,9:31:29.594976729,T,KO,F I,32,70.92
2025-10-22,9:31:29.594979687,T,KO,F,200,70.92
2025-10-22,9:31:29.595085023,T,KO,,100,70.91
2025-10-22,9:31:29.595085023,T,KO,,117,70.91
2025-10-22,9:31:29.595106017,T,KO,I,1,70.91
2025-10-22,9:31:29.595235589,T,KO,,100,70.92
2025-10-22,9:31:29.595239510,T,KO,,117,70.92
2025-10-22,9:31:29.595241751,T,KO,,100,70.92
2025-10-22,9:31:29.595244386,T,KO,,100,70.92
2025-10-22,9:31:29.595302317,T,KO,I,44,70.92
2025-10-22,9:31:29.595308265,T,KO,,100,70.91
2025-10-22,9:31:29.595308265,T,KO,,131,70.91
2025-10-22,9:31:29.595308265,T,KO,I,58,70.91
2025-10-22,9:31:29.595337642,T,KO,F I,46,70.92
2025-10-22,9:31:29.595358613,T,KO,I,1,70.92
2025-10-22,9:31:29.595364640,T,KO,F I,11,70.92
2025-10-22,9:31:29.595364640,T,KO,F I,47,70.92
2025-10-22,9:31:29.595376651,T,KO,,100,70.915
2025-10-22,9:31:29.595376651,T,KO,I,42,70.91
2025-10-22,9:31:29.595379769,T,KO,,150,70.91
2025-10-22,9:31:29.595379769,T,KO,F I,58,70.92
2025-10-22,9:31:29.595383008,T,KO,F I,26,70.92
2025-10-22,9:31:29.595386259,T,KO,F I,59,70.92
2025-10-22,9:31:29.595415743,T,KO,F I,41,70.92
2025-10-22,9:31:29.595415743,T,KO,F I,58,70.92
2025-10-22,9:31:29.595421772,T,KO,F I,1,70.92
2025-10-22,9:31:29.595455499,T,KO,I,50,70.91
2025-10-22,9:31:29.595512096,T,KO,I,50,70.915
2025-10-22,9:31:29.595554122,T,KO,,100,70.91
2025-10-22,9:31:29.595596540,T,KO,I,50,70.915
2025-10-22,9:31:29.595599505,T,KO,,200,70.91
2025-10-22,9:31:29.595599505,T,KO,I,10,70.91
2025-10-22,9:31:29.595620348,T,KO,F I,41,70.92
2025-10-22,9:31:29.595620348,T,KO,F,100,70.92
2025-10-22,9:31:29.595650329,T,KO,I,50,70.91
2025-10-22,9:31:29.595653354,T,KO,I,41,70.91
2025-10-22,9:31:29.595719518,T,KO,,159,70.91
2025-10-22,9:31:29.595722778,T,KO,I,50,70.91
2025-10-22,9:31:29.595722778,T,KO,I,6,70.91
2025-10-22,9:31:29.595755585,T,KO,F,100,70.91
2025-10-22,9:31:29.595755585,T,KO,F I,31,70.92
2025-10-22,9:31:29.595758670,T,KO,F,100,70.92
2025-10-22,9:31:29.595764657,T,KO,F I,60,70.92
2025-10-22,9:31:29.595776692,T,KO,I,1,70.92
2025-10-22,9:31:29.595797754,T,KO,,200,70.91
2025-10-22,9:31:29.595917970,T,KO,I,31,70.91
2025-10-22,9:31:29.595924395,T,KO,,100,70.91
2025-10-22,9:31:29.595924395,T,KO,,100,70.91
2025-10-22,9:31:29.595924395,T,KO,,200,70.91
2025-10-22,9:31:29.595927929,T,KO,I,40,70.91
2025-10-22,9:31:29.595927929,T,KO,I,1,70.91
2025-10-22,9:31:29.595933226,T,KO,I,11,70.91
2025-10-22,9:31:29.596164569,T,KO,F I,13,70.91
2025-10-22,9:31:29.596179551,T,KO,F I,36,70.91
2025-10-22,9:31:29.596182734,T,KO,F I,70,70.91
2025-10-22,9:31:29.596185588,T,KO,I,1,70.91
2025-10-22,9:31:29.596224756,T,KO,,200,70.9
2025-10-22,9:31:29.596248762,T,KO,I,50,70.9
2025-10-22,9:31:29.596272793,T,KO,I,50,70.9
2025-10-22,9:31:29.596483292,T,KO,F,100,70.91
2025-10-22,9:31:29.596510381,T,KO,I,6,70.9
2025-10-22,9:31:29.596513480,T,KO,I,48,70.9
2025-10-22,9:31:29.600194175,T,KO,F,131,70.91
2025-10-22,9:31:29.600194175,T,KO,F,100,70.91
2025-10-22,9:31:30.131590104,T,KO,I,27,70.91
2025-10-22,9:31:30.131590104,T,KO,,160,70.91
2025-10-22,9:31:30.131592872,T,KO,I,13,70.91
2025-10-22,9:31:30.131607852,T,KO,F I,87,70.91
2025-10-22,9:31:33.395311446,T,KO,F,100,70.94
2025-10-22,9:31:33.395861498,T,KO,I,32,70.95
2025-10-22,9:31:33.395900560,T,KO,I,49,70.93
2025-10-22,9:31:33.395994383,T,KO,F,100,70.95
2025-10-22,9:31:33.396358488,T,KO,F,465,70.96
2025-10-22,9:31:33.396360722,T,KO,F,100,70.96
2025-10-22,9:31:33.397362046,T,KO,F I,27,70.96
2025-10-22,9:31:33.401972036,T,KO,F I,60,70.96
2025-10-22,9:31:34.269514288,T,KO,F I,50,70.97
2025-10-22,9:31:35.210611811,T,KO,F I,31,70.96
2025-10-22,9:31:35.211477776,T,KO,,200,70.97
2025-10-22,9:31:35.211480808,T,KO,I,50,70.97
2025-10-22,9:31:35.211507848,T,KO,,137,70.96
2025-10-22,9:31:35.211510922,T,KO,I,63,70.96
2025-10-22,9:31:35.211968057,T,KO,I,42,70.96
2025-10-22,9:31:35.211968057,T,KO,I,6,70.96
2025-10-22,9:31:40.254413807,T,KO,,200,70.95
2025-10-22,9:31:40.254428941,T,KO,I,1,70.95
2025-10-22,9:31:40.659812409,T,KO,,100,70.95
2025-10-22,9:31:47.907064428,T,KO,F,300,70.94
2025-10-22,9:31:47.915565672,T,KO,,100,70.94
2025-10-22,9:31:47.925254745,T,KO,,100,70.94
2025-10-22,9:31:47.936348267,T,KO,,200,70.94
2025-10-22,9:31:52.406693475,T,KO,I,19,70.96
2025-10-22,9:31:52.406708415,T,KO,F,201,70.96
2025-10-22,9:31:52.406771635,T,KO,F,151,70.97
2025-10-22,9:31:52.407180620,T,KO,F I,15,70.98
2025-10-22,9:31:52.409396848,T,KO,F,106,71.0
2025-10-22,9:31:52.441471542,T,KO,,100,71.0
2025-10-22,9:31:52.449331956,T,KO,F,250,70.99
2025-10-22,9:31:52.449804313,T,KO,F I,50,70.98
2025-10-22,9:31:52.449804313,T,KO,F I,35,70.98
2025-10-22,9:31:52.449813218,T,KO,F,165,70.98
2025-10-22,9:31:52.449813218,T,KO,F,100,70.98
2025-10-22,9:31:52.463183100,T,KO,F I,50,70.99
2025-10-22,9:31:52.463183100,T,KO,F,100,70.99
2025-10-22,9:31:52.463186802,T,KO,F,200,70.99
2025-10-22,9:31:52.463679159,T,KO,,100,71.0
2025-10-22,9:31:52.463682132,T,KO,,100,71.0
2025-10-22,9:31:52.463682132,T,KO,I,57,71.0
2025-10-22,9:31:52.463985845,T,KO,,200,71.0
2025-10-22,9:31:52.464440018,T,KO,,100,71.0
2025-10-22,9:31:52.464551269,T,KO,,100,71.0
2025-10-22,9:31:52.464608466,T,KO,F,100,71.0
2025-10-22,9:31:52.464614317,T,KO,F,165,71.0
2025-10-22,9:31:52.464617453,T,KO,F,250,71.0
2025-10-22,9:31:52.465107542,T,KO,,100,71.0
2025-10-22,9:31:52.465110502,T,KO,I,66,71.0
2025-10-22,9:31:52.465110502,T,KO,I,54,71.0
2025-10-22,9:31:52.465131710,T,KO,I,1,71.0
2025-10-22,9:31:52.465149748,T,KO,I,99,71.0
2025-10-22,9:31:52.465236922,T,KO,F I,63,71.0
2025-10-22,9:31:52.465654870,T,KO,I,63,71.0
2025-10-22,9:31:52.465654870,T,KO,,100,71.0
2025-10-22,9:31:52.465778267,T,KO,F,100,71.0
2025-10-22,9:31:52.465793217,T,KO,F,100,71.0
2025-10-22,9:31:52.466208220,T,KO,I,9,71.0
2025-10-22,9:31:52.466212249,T,KO,,100,71.0
2025-10-22,9:31:52.466214315,T,KO,,100,71.0
2025-10-22,9:31:52.466217249,T,KO,,200,71.0
2025-10-22,9:31:52.466217249,T,KO,,100,71.0
2025-10-22,9:31:52.466415976,T,KO,F,100,71.0
2025-10-22,9:31:52.466418701,T,KO,F I,9,71.0
2025-10-22,9:31:52.466427683,T,KO,F,200,71.0
2025-10-22,9:31:52.466436756,T,KO,F,100,71.0
2025-10-22,9:31:52.466629719,T,KO,I,26,71.0
2025-10-22,9:31:52.466632297,T,KO,,100,71.0
2025-10-22,9:31:52.466636441,T,KO,,100,71.0
2025-10-22,9:31:52.466636441,T,KO,,100,71.0
2025-10-22,9:31:52.466641539,T,KO,,200,71.0
2025-10-22,9:31:52.466641539,T,KO,I,17,71.0
2025-10-22,9:31:52.466641539,T,KO,,100,71.0
2025-10-22,9:31:54.080573212,T,KO,I,72,70.985
2025-10-22,9:31:55.281528574,T,KO,I,15,70.97
2025-10-22,9:31:55.514346062,T,KO,F,250,70.98
2025-10-22,9:32:00.217791475,T,KO,F I,2,70.96
2025-10-22,9:32:00.217908813,T,KO,,168,70.97
2025-10-22,9:32:00.217965912,T,KO,,100,70.96
2025-10-22,9:32:00.217968873,T,KO,I,31,70.96
2025-10-22,9:32:00.217986886,T,KO,I,1,70.96
2025-10-22,9:32:00.218146354,T,KO,I,68,70.96
2025-10-22,9:32:00.218182401,T,KO,I,85,70.97
2025-10-22,9:32:00.218186195,T,KO,I,1,70.97
2025-10-22,9:32:00.218188495,T,KO,I,31,70.97
2025-10-22,9:32:00.218209473,T,KO,I,1,70.97
2025-10-22,9:32:00.218243221,T,KO,I,67,70.97
2025-10-22,9:32:00.672501521,T,KO,,100,70.975
2025-10-22,9:32:01.680809009,T,KO,F,168,70.96
2025-10-22,9:32:01.680812870,T,KO,F I,85,70.96
2025-10-22,9:32:01.680812870,T,KO,F I,70,70.96
2025-10-22,9:32:01.680815024,T,KO,F I,1,70.96
2025-10-22,9:32:01.682670555,T,KO,I,39,70.96
2025-10-22,9:32:01.682673871,T,KO,I,28,70.96
2025-10-22,9:32:01.682676565,T,KO,,200,70.96
2025-10-22,9:32:01.682686678,T,KO,I,70,70.95
2025-10-22,9:32:01.682686678,T,KO,,166,70.95
2025-10-22,9:32:01.682941061,T,KO,F I,3,70.96
2025-10-22,9:32:01.683106610,T,KO,F I,97,70.96
2025-10-22,9:32:01.683109979,T,KO,F,200,70.95
2025-10-22,9:32:01.683112500,T,KO,F I,28,70.95
2025-10-22,9:32:01.683112500,T,KO,I,50,70.95
2025-10-22,9:32:01.683248335,T,KO,,100,70.96
2025-10-22,9:32:01.683250989,T,KO,,200,70.96
2025-10-22,9:32:01.683254294,T,KO,I,50,70.96
2025-10-22,9:32:01.683578596,T,KO,F I,66,70.96
2025-10-22,9:32:01.683584675,T,KO,F,100,70.96
2025-10-22,9:32:01.683587626,T,KO,F,100,70.96
2025-10-22,9:32:01.683725972,T,KO,I,9,70.96
2025-10-22,9:32:01.683798422,T,KO,,200,70.96
2025-10-22,9:32:01.684231152,T,KO,,100,70.96
2025-10-22,9:32:01.699579775,T,KO,F,200,70.97
2025-10-22,9:32:01.840558947,T,KO,I,9,70.97
2025-10-22,9:32:01.840558947,T,KO,I,57,70.97
2025-10-22,9:32:01.840612624,T,KO,,168,70.98
2025-10-22,9:32:01.840633623,T,KO,I,1,70.98
2025-10-22,9:32:01.840781001,T,KO,I,31,70.98
2025-10-22,9:32:01.842414146,T,KO,F,100,71.0
2025-10-22,9:32:01.842416956,T,KO,F I,12,71.0
2025-10-22,9:32:01.842422937,T,KO,F,188,71.0
2025-10-22,9:32:01.842422937,T,KO,F,195,71.0
2025-10-22,9:32:01.842438282,T,KO,F I,5,71.0
2025-10-22,9:32:01.845709780,T,KO,F,350,71.0
2025-10-22,9:32:01.846196866,T,KO,I,9,71.0
2025-10-22,9:32:01.846196866,T,KO,,200,71.0
2025-10-22,9:32:01.967102985,T,KO,,100,71.0
2025-10-22,9:32:03.344383292,T,KO,F I,69,70.96
2025-10-22,9:32:05.164444591,T,KO,,100,70.95
2025-10-22,9:32:05.164444591,T,KO,,100,70.94
2025-10-22,9:32:05.164447577,T,KO,F,100,70.94
2025-10-22,9:32:05.166269455,T,KO,F I,70,70.93
2025-10-22,9:32:05.215491557,T,KO,F,200,70.91
2025-10-22,9:32:05.215493676,T,KO,F I,50,70.91
2025-10-22,9:32:05.254316238,T,KO,,250,70.9
2025-10-22,9:32:05.254388378,T,KO,,100,70.9
2025-10-22,9:32:05.266405058,T,KO,,100,70.9
2025-10-22,9:32:05.295998471,T,KO,,250,70.915
2025-10-22,9:32:05.355248576,T,KO,F,250,70.915
2025-10-22,9:32:05.703751640,T,KO,,250,70.915
2025-10-22,9:32:06.640389506,T,KO,,250,70.915
2025-10-22,9:32:07.256581066,T,KO,F,250,70.91
2025-10-22,9:32:07.847061494,T,KO,F,100,70.91
2025-10-22,9:32:09.302831751,T,KO,,308,70.89
2025-10-22,9:32:10.139548036,T,KO,F I,28,70.85
2025-10-22,9:32:10.139969192,T,KO,I,50,70.86
2025-10-22,9:32:10.139971626,T,KO,,200,70.86
2025-10-22,9:32:10.140080898,T,KO,F I,50,70.87
2025-10-22,9:32:10.140083017,T,KO,F,200,70.87
2025-10-22,9:32:10.140085877,T,KO,F,100,70.87
2025-10-22,9:32:10.140476880,T,KO,F I,50,70.88
2025-10-22,9:32:10.140476880,T,KO,F,200,70.88
2025-10-22,9:32:10.140759524,T,KO,F I,29,70.88
2025-10-22,9:32:10.140759524,T,KO,F,100,70.87
2025-10-22,9:32:10.140858732,T,KO,F,100,70.87
2025-10-22,9:32:10.140861754,T,KO,F I,79,70.87
2025-10-22,9:32:10.140876854,T,KO,I,1,70.87
2025-10-22,9:32:10.140892328,T,KO,I,20,70.87
2025-10-22,9:32:10.140892328,T,KO,,200,70.87
2025-10-22,9:32:10.140934810,T,KO,F I,8,70.87
2025-10-22,9:32:10.140985119,T,KO,,142,70.87
2025-10-22,9:32:10.141159500,T,KO,F I,18,70.87
2025-10-22,9:32:10.141159500,T,KO,F I,15,70.87
2025-10-22,9:32:10.141496221,T,KO,F I,48,70.87
2025-10-22,9:32:10.141496221,T,KO,F I,24,70.86
2025-10-22,9:32:10.141763910,T,KO,,100,70.87
2025-10-22,9:32:10.142230141,T,KO,F I,43,70.87
2025-10-22,9:32:10.142232953,T,KO,F I,40,70.87
2025-10-22,9:32:10.142236774,T,KO,F I,1,70.87
2025-10-22,9:32:10.142236774,T,KO,F I,3,70.87
2025-10-22,9:32:10.142239164,T,KO,F I,17,70.87
2025-10-22,9:32:10.142242047,T,KO,F I,7,70.87
2025-10-22,9:32:10.142326225,T,KO,F,100,70.87
2025-10-22,9:32:10.142329203,T,KO,F,100,70.87
2025-10-22,9:32:10.226872583,T,KO,F,449,70.89
2025-10-22,9:32:10.226875617,T,KO,F,200,70.89
2025-10-22,9:32:10.226875617,T,KO,F,100,70.89
2025-10-22,9:32:10.227293634,T,KO,I,17,70.89
2025-10-22,9:32:10.371862997,T,KO,,100,70.89
2025-10-22,9:32:10.372026223,T,KO,F,100,70.9
2025-10-22,9:32:10.372032371,T,KO,F,182,70.9
2025-10-22,9:32:10.372032371,T,KO,F I,70,70.9
2025-10-22,9:32:10.372037393,T,KO,F,200,70.9
2025-10-22,9:32:10.372049299,T,KO,I,1,70.9
2025-10-22,9:32:10.372145575,T,KO,F,100,70.9
2025-10-22,9:32:10.372377843,T,KO,F,200,70.9
2025-10-22,9:32:10.372380263,T,KO,F,100,70.9
2025-10-22,9:32:10.372383208,T,KO,F,124,70.9
2025-10-22,9:32:10.372392269,T,KO,F,125,70.9
2025-10-22,9:32:11.079679771,T,KO,F I,8,70.9
2025-10-22,9:32:11.079911280,T,KO,F I,92,70.9
2025-10-22,9:32:12.023444529,T,KO,,100,70.885
2025-10-22,9:32:13.564958558,T,KO,I,50,70.87
2025-10-22,9:32:13.564961060,T,KO,,110,70.87
2025-10-22,9:32:13.564976089,T,KO,I,1,70.87
2025-10-22,9:32:13.616693307,T,KO,,200,70.89
2025-10-22,9:32:13.616697030,T,KO,I,50,70.89
2025-10-22,9:32:13.616699430,T,KO,I,2,70.89
2025-10-22,9:32:13.616699430,T,KO,,100,70.89
2025-10-22,9:32:13.738269864,T,KO,I,27,70.89
2025-10-22,9:32:14.199355001,T,KO,I,74,70.89
2025-10-22,9:32:14.199716804,T,KO,I,64,70.91
2025-10-22,9:32:14.199716804,T,KO,,100,70.91
2025-10-22,9:32:14.199719315,T,KO,,200,70.91
2025-10-22,9:32:14.482981589,T,KO,,200,70.9
2025-10-22,9:32:14.482985400,T,KO,,100,70.9
2025-10-22,9:32:14.482985400,T,KO,I,50,70.9
2025-10-22,9:32:20.189445286,T,KO,F I,64,70.89
2025-10-22,9:32:20.189445286,T,KO,F I,50,70.88
2025-10-22,9:32:20.189451516,T,KO,F,200,70.88
2025-10-22,9:32:20.189451516,T,KO,F I,50,70.88
2025-10-22,9:32:20.189865927,T,KO,F,200,70.87
2025-10-22,9:32:20.190513153,T,KO,F I,70,70.88
2025-10-22,9:32:20.190513153,T,KO,F,200,70.88
2025-10-22,9:32:20.190516664,T,KO,F I,50,70.88
2025-10-22,9:32:20.190516664,T,KO,F I,63,70.88
2025-10-22,9:32:20.190518632,T,KO,F,100,70.88
2025-10-22,9:32:20.191402671,T,KO,F I,80,70.88
2025-10-22,9:32:20.191406070,T,KO,F I,70,70.88
2025-10-22,9:32:20.191408674,T,KO,F,200,70.88
2025-10-22,9:32:20.191477822,T,KO,F I,9,70.88
2025-10-22,9:32:20.191480834,T,KO,F I,9,70.88
2025-10-22,9:32:20.191883897,T,KO,F,100,70.88
2025-10-22,9:32:20.191887077,T,KO,F,100,70.88
2025-10-22,9:32:20.191887077,T,KO,F I,9,70.88
2025-10-22,9:32:20.191956537,T,KO,F,100,70.88
2025-10-22,9:32:20.191958931,T,KO,F I,91,70.88
2025-10-22,9:32:20.204435701,T,KO,,100,70.88
2025-10-22,9:32:20.204435701,T,KO,,100,70.88
2025-10-22,9:32:20.208360132,T,KO,I,63,70.87
2025-10-22,9:32:20.208360132,T,KO,,100,70.87
2025-10-22,9:32:20.208366038,T,KO,,100,70.87
2025-10-22,9:32:20.208366038,T,KO,I,28,70.87
2025-10-22,9:32:20.208381065,T,KO,F,172,70.87
2025-10-22,9:32:20.238895108,T,KO,,100,70.86
2025-10-22,9:32:20.238895108,T,KO,,124,70.86
2025-10-22,9:32:20.411178034,T,KO,F,200,70.84
2025-10-22,9:32:20.411178034,T,KO,F I,50,70.84
2025-10-22,9:32:20.411196889,T,KO,I,1,70.84
2025-10-22,9:32:20.411418652,T,KO,F I,99,70.84
2025-10-22,9:32:20.411418652,T,KO,F I,1,70.83
2025-10-22,9:32:20.614011369,T,KO,F,100,70.82
2025-10-22,9:32:20.614014451,T,KO,F I,49,70.83
2025-10-22,9:32:20.614017221,T,KO,,100,70.83
2025-10-22,9:32:21.130473330,T,KO,F,100,70.83
2025-10-22,9:32:21.130506351,T,KO,I,50,70.82
2025-10-22,9:32:21.130509405,T,KO,,200,70.82
2025-10-22,9:32:21.131297162,T,KO,,100,70.83
2025-10-22,9:32:21.131300281,T,KO,I,63,70.83
2025-10-22,9:32:21.131300281,T,KO,I,34,70.83
2025-10-22,9:32:21.131318315,T,KO,I,1,70.83
2025-10-22,9:32:21.131342318,T,KO,I,65,70.83
2025-10-22,9:32:21.131342318,T,KO,I,71,70.83
2025-10-22,9:32:21.131345339,T,KO,,100,70.83
2025-10-22,9:32:21.131468696,T,KO,F I,3,70.83
2025-10-22,9:32:21.131652138,T,KO,I,31,70.83
2025-10-22,9:32:21.131655633,T,KO,I,1,70.83
2025-10-22,9:32:21.131658156,T,KO,F I,46,70.825
2025-10-22,9:32:24.361419954,T,KO,F I,46,70.83
2025-10-22,9:32:24.361423191,T,KO,F I,31,70.83
2025-10-22,9:32:24.361426972,T,KO,F I,38,70.83
2025-10-22,9:32:24.361426972,T,KO,F I,25,70.83
2025-10-22,9:32:24.361428550,T,KO,F I,59,70.83
2025-10-22,9:32:24.361696214,T,KO,F,154,70.84
2025-10-22,9:32:24.361723348,T,KO,I,63,70.84
2025-10-22,9:32:24.361726298,T,KO,I,78,70.84
2025-10-22,9:32:24.939769274,T,KO,I,65,70.84
2025-10-22,9:32:24.939772181,T,KO,I,20,70.84
2025-10-22,9:32:24.939775066,T,KO,I,77,70.84
2025-10-22,9:32:24.939808890,T,KO,F,100,70.83
2025-10-22,9:32:24.939808890,T,KO,F,200,70.83
2025-10-22,9:32:24.943516064,T,KO,I,3,70.81
2025-10-22,9:32:24.943516064,T,KO,I,77,70.81
2025-10-22,9:32:24.943552129,T,KO,F,997,70.8
2025-10-22,9:32:24.943555728,T,KO,F I,1,70.8
2025-10-22,9:32:24.943558654,T,KO,F I,20,70.8
2025-10-22,9:32:24.943558654,T,KO,F,200,70.8
2025-10-22,9:32:24.943564424,T,KO,F I,50,70.8
2025-10-22,9:32:24.944352047,T,KO,F I,2,70.79
2025-10-22,9:32:24.944356262,T,KO,F I,1,70.79
2025-10-22,9:32:24.944358014,T,KO,F I,10,70.79
2025-10-22,9:32:24.944360972,T,KO,F I,9,70.79
2025-10-22,9:32:24.946799903,T,KO,F I,1,70.77
2025-10-22,9:32:24.946808871,T,KO,F,200,70.77
2025-10-22,9:32:24.968725612,T,KO,,100,70.78
2025-10-22,9:32:24.968728688,T,KO,I,61,70.78
2025-10-22,9:32:24.968731030,T,KO,I,50,70.78
2025-10-22,9:32:24.968733995,T,KO,,200,70.78
2025-10-22,9:32:24.968733995,T,KO,I,73,70.78
2025-10-22,9:32:25.144575223,T,KO,I,35,70.78
2025-10-22,9:32:25.144578320,T,KO,I,73,70.78
2025-10-22,9:32:25.144578320,T,KO,I,77,70.78
2025-10-22,9:32:25.144580889,T,KO,I,1,70.78
2025-10-22,9:32:25.144625946,T,KO,,200,70.77
2025-10-22,9:32:25.144625946,T,KO,I,50,70.77
2025-10-22,9:32:28.325380107,T,KO,F I,1,70.75
2025-10-22,9:32:28.325382910,T,KO,F I,2,70.75
2025-10-22,9:32:28.325386195,T,KO,F I,1,70.75
2025-10-22,9:32:28.325386195,T,KO,F I,78,70.75
2025-10-22,9:32:28.325388795,T,KO,F I,1,70.75
2025-10-22,9:32:28.325469943,T,KO,F,200,70.74
2025-10-22,9:32:28.325554119,T,KO,F I,4,70.74
2025-10-22,9:32:28.904144249,T,KO,I,5,70.725
2025-10-22,9:32:30.127520954,T,KO,,181,70.725
2025-10-22,9:32:30.127523976,T,KO,,100,70.71
2025-10-22,9:32:30.127526966,T,KO,I,19,70.71
2025-10-22,9:32:30.127536055,T,KO,I,1,70.71
2025-10-22,9:32:30.127560125,T,KO,,150,70.71
2025-10-22,9:32:30.127572059,T,KO,I,30,70.71
2025-10-22,9:32:30.127599111,T,KO,F,179,70.72
2025-10-22,9:32:30.127617653,T,KO,I,1,70.72
2025-10-22,9:32:30.127620203,T,KO,I,1,70.72
2025-10-22,9:32:30.129195968,T,KO,,523,70.74
2025-10-22,9:32:30.129226028,T,KO,F I,4,70.75
2025-10-22,9:32:30.130747638,T,KO,,200,70.76
2025-10-22,9:32:30.197317204,T,KO,F,250,70.765
2025-10-22,9:32:30.197317204,T,KO,F,178,70.77
2025-10-22,9:32:30.197320251,T,KO,F,155,70.77
2025-10-22,9:32:30.197335291,T,KO,F I,50,70.77
2025-10-22,9:32:30.197340166,T,KO,F,100,70.77
2025-10-22,9:32:30.197344295,T,KO,F,100,70.77
2025-10-22,9:32:30.197344295,T,KO,F,100,70.77
2025-10-22,9:32:30.198965386,T,KO,F,200,70.77
2025-10-22,9:32:30.198965386,T,KO,F I,99,70.77
2025-10-22,9:32:30.927847197,T,KO,,100,70.76
2025-10-22,9:32:30.927910268,T,KO,I,86,70.76
2025-10-22,9:32:30.927949390,T,KO,F I,14,70.76
2025-10-22,9:32:30.927955716,T,KO,F I,14,70.76
2025-10-22,9:32:30.927955716,T,KO,F I,14,70.76
2025-10-22,9:32:30.927964682,T,KO,F I,14,70.76
2025-10-22,9:32:30.928689204,T,KO,I,27,70.76
2025-10-22,9:32:30.929729788,T,KO,F I,65,70.77
2025-10-22,9:32:30.929729788,T,KO,F I,20,70.77
2025-10-22,9:32:30.929732621,T,KO,F,200,70.77
2025-10-22,9:32:30.930268689,T,KO,F,176,70.78
2025-10-22,9:32:30.930270909,T,KO,F I,24,70.78
2025-10-22,9:32:30.943962525,T,KO,F,200,70.785
2025-10-22,9:32:30.943962525,T,KO,F I,50,70.785
2025-10-22,9:32:30.943965766,T,KO,F,100,70.79
2025-10-22,9:32:30.943968568,T,KO,F I,50,70.79
2025-10-22,9:32:30.943986631,T,KO,I,1,70.79
2025-10-22,9:32:30.944040768,T,KO,F I,49,70.79
2025-10-22,9:32:31.781123805,T,KO,F,100,70.82
2025-10-22,9:32:31.781541466,T,KO,,100,70.82
2025-10-22,9:32:31.781803017,T,KO,F,100,70.83
2025-10-22,9:32:31.781833438,T,KO,,100,70.83
2025-10-22,9:32:31.781836166,T,KO,I,35,70.83
2025-10-22,9:32:32.807302475,T,KO,,200,70.85
2025-10-22,9:32:32.807305838,T,KO,I,50,70.85
2025-10-22,9:32:32.807347627,T,KO,F,100,70.85
2025-10-22,9:32:32.807371789,T,KO,I,1,70.85
2025-10-22,9:32:32.807389703,T,KO,F I,64,70.85
2025-10-22,9:32:32.807389703,T,KO,F I,1,70.85
2025-10-22,9:32:32.807411335,T,KO,I,49,70.85
2025-10-22,9:32:32.807585572,T,KO,F,100,70.86
2025-10-22,9:32:32.807589680,T,KO,F I,64,70.86
2025-10-22,9:32:32.807589680,T,KO,F,205,70.86
2025-10-22,9:32:32.807594729,T,KO,F I,72,70.86
2025-10-22,9:32:32.807598095,T,KO,F I,50,70.86
2025-10-22,9:32:32.807598095,T,KO,F,200,70.86
2025-10-22,9:32:32.807603310,T,KO,F I,67,70.86
2025-10-22,9:32:32.807603310,T,KO,F I,33,70.86
2025-10-22,9:32:32.807606285,T,KO,F I,35,70.86
2025-10-22,9:32:32.807606285,T,KO,F I,10,70.86
2025-10-22,9:32:32.807610209,T,KO,F I,35,70.86
2025-10-22,9:32:32.807675480,T,KO,F I,86,70.85
2025-10-22,9:32:32.807702698,T,KO,F I,14,70.85
2025-10-22,9:32:32.807705607,T,KO,F,100,70.85
2025-10-22,9:32:32.807705607,T,KO,F I,64,70.85
2025-10-22,9:32:32.808475268,T,KO,F,100,70.83
2025-10-22,9:32:32.808478350,T,KO,F,200,70.83
2025-10-22,9:32:32.808478350,T,KO,F I,50,70.83
2025-10-22,9:32:35.297608889,T,KO,F I,80,70.83
2025-10-22,9:32:35.297611845,T,KO,F,136,70.83
2025-10-22,9:32:35.297614892,T,KO,F,200,70.83
2025-10-22,9:32:35.297614892,T,KO,F I,52,70.83
2025-10-22,9:32:35.297744299,T,KO,F I,40,70.84
2025-10-22,9:32:35.318280311,T,KO,F,100,70.84
2025-10-22,9:32:35.318280311,T,KO,F,150,70.83
2025-10-22,9:32:35.318283321,T,KO,F I,50,70.83
2025-10-22,9:32:35.318286195,T,KO,F I,50,70.83
2025-10-22,9:32:35.318379372,T,KO,F,100,70.82
2025-10-22,9:32:35.318379372,T,KO,F I,64,70.82
2025-10-22,9:32:35.319017381,T,KO,F,471,70.82
2025-10-22,9:32:35.319019850,T,KO,F,129,70.82
2025-10-22,9:32:35.319062032,T,KO,F I,10,70.82
2025-10-22,9:32:35.519702805,T,KO,F,100,70.81
2025-10-22,9:32:35.519721244,T,KO,I,1,70.81
2025-10-22,9:32:35.519730037,T,KO,F I,99,70.81
2025-10-22,9:32:35.519730037,T,KO,F I,53,70.81
2025-10-22,9:32:37.478730648,T,KO,F,149,70.8
2025-10-22,9:32:38.476822918,T,KO,,100,70.78
2025-10-22,9:32:38.476825868,T,KO,,150,70.77
2025-10-22,9:32:38.486933019,T,KO,F I,64,70.79
2025-10-22,9:32:38.487215744,T,KO,F,200,70.8
2025-10-22,9:32:40.111101369,T,KO,F,200,70.82
2025-10-22,9:32:40.111104375,T,KO,F I,32,70.82
2025-10-22,9:32:40.111107592,T,KO,F,100,70.82
2025-10-22,9:32:40.111597519,T,KO,F I,24,70.83
2025-10-22,9:32:40.866581747,T,KO,I,40,70.84
2025-10-22,9:32:40.866605712,T,KO,F I,58,70.84
2025-10-22,9:32:40.866624032,T,KO,,102,70.84
2025-10-22,9:32:40.866627577,T,KO,,200,70.84
2025-10-22,9:32:40.866629861,T,KO,,200,70.84
2025-10-22,9:32:40.866632779,T,KO,,100,70.84
2025-10-22,9:32:43.073348598,T,KO,I,39,70.86
2025-10-22,9:32:43.073348598,T,KO,I,61,70.87
2025-10-22,9:32:43.573692791,T,KO,F I,52,70.87
2025-10-22,9:32:43.573698820,T,KO,F I,48,70.87
2025-10-22,9:32:43.573698820,T,KO,F I,4,70.86
2025-10-22,9:32:43.573710341,T,KO,F I,48,70.86
2025-10-22,9:32:43.573891424,T,KO,F I,62,70.87
2025-10-22,9:32:43.573893928,T,KO,F I,22,70.87
2025-10-22,9:32:43.573914865,T,KO,I,1,70.87
2025-10-22,9:32:43.574152433,T,KO,F I,67,70.87
2025-10-22,9:32:43.574582415,T,KO,F,100,70.86
2025-10-22,9:32:43.581827305,T,KO,F I,62,70.85
2025-10-22,9:32:43.581854181,T,KO,F I,50,70.84
2025-10-22,9:32:43.581854181,T,KO,F,200,70.84
2025-10-22,9:32:43.582127432,T,KO,F,200,70.83
2025-10-22,9:32:43.586488668,T,KO,F,200,70.82
2025-10-22,9:32:43.586488668,T,KO,F I,64,70.82
2025-10-22,9:32:43.586514873,T,KO,F I,36,70.82
2025-10-22,9:32:43.649662384,T,KO,F,300,70.82
2025-10-22,9:32:45.819657729,T,KO,F,200,70.84
2025-10-22,9:32:45.819672677,T,KO,I,1,70.84
2025-10-22,9:32:45.819681694,T,KO,,233,70.84
2025-10-22,9:32:55.128039861,T,KO,F I,50,70.84
2025-10-22,9:32:55.427294612,T,KO,F,100,70.85
2025-10-22,9:32:56.401305665,T,KO,F,100,70.83
2025-10-22,9:32:56.401305665,T,KO,F I,50,70.83
2025-10-22,9:33:03.486402404,T,KO,F I,50,70.83
2025-10-22,9:33:03.486405350,T,KO,F,200,70.83
2025-10-22,9:33:03.486465844,T,KO,F I,50,70.82
2025-10-22,9:33:03.486468484,T,KO,F,200,70.82
2025-10-22,9:33:03.486818165,T,KO,F,200,70.81
2025-10-22,9:33:03.486820476,T,KO,F I,50,70.81
2025-10-22,9:33:03.487466894,T,KO,I,50,70.82
2025-10-22,9:33:03.650452159,T,KO,F,100,70.8
2025-10-22,9:33:03.650521291,T,KO,F I,50,70.79
2025-10-22,9:33:03.650524319,T,KO,F,200,70.79
2025-10-22,9:33:05.137644292,T,KO,,200,70.77
2025-10-22,9:33:05.205323462,T,KO,I,1,70.77
2025-10-22,9:33:05.238946452,T,KO,I,1,70.77
2025-10-22,9:33:06.371681498,T,KO,,484,70.79
2025-10-22,9:33:06.372731008,T,KO,,110,70.79
2025-10-22,9:33:06.372748905,T,KO,I,1,70.79
2025-10-22,9:33:06.391802316,T,KO,,139,70.79
2025-10-22,9:33:08.245793048,T,KO,I,2,70.78
2025-10-22,9:33:10.413515104,T,KO,I,6,70.76
2025-10-22,9:33:10.413662453,T,KO,,100,70.77
2025-10-22,9:33:10.413683473,T,KO,I,1,70.77
2025-10-22,9:33:10.414041363,T,KO,I,66,70.76
2025-10-22,9:33:10.414047408,T,KO,,100,70.76
2025-10-22,9:33:10.414047408,T,KO,,100,70.76
2025-10-22,9:33:10.414050368,T,KO,I,85,70.76
2025-10-22,9:33:10.414059619,T,KO,I,15,70.76
2025-10-22,9:33:10.414059619,T,KO,I,50,70.76
2025-10-22,9:33:10.414615686,T,KO,,100,70.76
2025-10-22,9:33:10.415190510,T,KO,F I,2,70.76
2025-10-22,9:33:10.415193093,T,KO,F I,98,70.76
2025-10-22,9:33:10.797899533,T,KO,I,20,70.76
2025-10-22,9:33:10.797917568,T,KO,F I,80,70.76
2025-10-22,9:33:19.673019068,T,KO,F,100,70.735
2025-10-22,9:33:19.778374961,T,KO,I,66,70.75
2025-10-22,9:33:27.056883514,T,KO,F,100,70.73
2025-10-22,9:33:30.522535747,T,KO,F,100,70.72
2025-10-22,9:33:30.850689318,T,KO,I,15,70.73
2025-10-22,9:33:32.347615621,T,KO,F,100,70.73
2025-10-22,9:33:35.363985867,T,KO,I,50,70.71
2025-10-22,9:33:35.363989368,T,KO,,112,70.71
2025-10-22,9:33:35.364004231,T,KO,I,1,70.71
2025-10-22,9:33:35.364085146,T,KO,F,100,70.71
2025-10-22,9:33:35.539904920,T,KO,,200,70.72
2025-10-22,9:33:35.545335878,T,KO,F I,21,70.73
2025-10-22,9:33:35.545347920,T,KO,F I,13,70.73
2025-10-22,9:33:35.552405709,T,KO,F I,15,70.74
2025-10-22,9:33:37.551615240,T,KO,I,1,70.715
2025-10-22,9:33:37.619153718,T,KO,F I,20,70.7
2025-10-22,9:33:37.619156823,T,KO,F I,1,70.7
2025-10-22,9:33:37.620468022,T,KO,I,21,70.68
2025-10-22,9:33:37.620521947,T,KO,I,62,70.69
