DATE,TIME_M,EX,SYM_ROOT,TR_SCOND,SIZE,PRICE
2025-12-26,9:30:00.920775443,T,KO,TI,1,69.97
2025-12-26,9:30:00.920778169,T,KO,TI,1,69.97
2025-12-26,9:30:01.103833198,T,KO,FTI,4,69.96
2025-12-26,9:30:01.136653297,T,KO,FTI,1,70.0
2025-12-26,9:30:01.136695417,T,KO,FTI,1,70.0
2025-12-26,9:30:01.136713471,T,KO,FTI,2,70.0
2025-12-26,9:30:01.136716461,T,KO,FTI,1,70.0
2025-12-26,9:30:01.137212718,T,KO,FTI,96,70.0
2025-12-26,9:30:01.138770393,T,KO,FTI,1,70.04
2025-12-26,9:30:01.138773375,T,KO,FTI,2,70.04
2025-12-26,9:30:01.138833532,T,KO,FTI,67,70.04
2025-12-26,9:30:01.342827308,T,KO,F I,19,70.07
2025-12-26,9:30:01.342836508,T,KO,Q,19,70.07
2025-12-26,9:30:01.342908614,T,KO,I,50,70.05
2025-12-26,9:30:01.363618916,T,KO,I,50,70.05
2025-12-26,9:30:01.363618916,T,KO,,100,70.05
2025-12-26,9:30:01.458275371,T,KO,,100,70.05
2025-12-26,9:30:03.044471965,T,KO,I,45,70.05
2025-12-26,9:30:04.061753371,T,KO,,200,70.06
2025-12-26,9:30:04.224948536,T,KO,F,100,70.06
2025-12-26,9:30:04.224963485,T,KO,I,1,70.06
2025-12-26,9:30:04.409061924,T,KO,F I,1,70.05
2025-12-26,9:30:04.409089009,T,KO,,198,70.05
2025-12-26,9:30:06.401845127,T,KO,I,50,70.04
2025-12-26,9:30:06.401872087,T,KO,F I,22,70.03
2025-12-26,9:30:06.401875220,T,KO,F I,50,70.03
2025-12-26,9:30:10.784903844,T,KO,F I,1,70.04
2025-12-26,9:30:11.656114774,T,KO,I,50,70.03
2025-12-26,9:30:11.656490730,T,KO,I,50,70.03
2025-12-26,9:30:11.656490730,T,KO,I,17,70.03
2025-12-26,9:30:11.663416168,T,KO,,100,70.05
2025-12-26,9:30:11.663416168,T,KO,I,50,70.05
2025-12-26,9:30:12.577668653,T,KO,,100,70.04
2025-12-26,9:30:14.427894313,T,KO,I,5,70.04
2025-12-26,9:30:20.321811362,T,KO,I,50,70.02
2025-12-26,9:30:28.350347604,T,KO,F,100,70.0
2025-12-26,9:30:28.350350960,T,KO,F I,45,70.0
2025-12-26,9:30:28.350350960,T,KO,F I,50,70.0
2025-12-26,9:30:28.379342529,T,KO,I,50,69.99
2025-12-26,9:30:30.137912824,T,KO,F I,90,70.03
2025-12-26,9:30:30.137931437,T,KO,I,10,70.03
2025-12-26,9:30:30.137931437,T,KO,,609,70.03
2025-12-26,9:30:30.137933866,T,KO,I,1,70.03
2025-12-26,9:30:30.570686325,T,KO,,100,70.04
2025-12-26,9:30:30.570686325,T,KO,,100,70.04
2025-12-26,9:30:30.570688608,T,KO,F,100,70.04
2025-12-26,9:30:30.570691687,T,KO,,100,70.04
2025-12-26,9:30:41.371807554,T,KO,,100,70.025
2025-12-26,9:30:44.922185940,T,KO,,158,70.02
2025-12-26,9:30:44.922606830,T,KO,F,100,70.04
2025-12-26,9:30:44.922606830,T,KO,F I,77,70.04
2025-12-26,9:30:44.922621647,T,KO,I,1,70.04
2025-12-26,9:30:44.923181057,T,KO,I,22,70.04
2025-12-26,9:30:44.923181057,T,KO,I,8,70.04
2025-12-26,9:30:45.146303320,T,KO,F I,6,70.035
2025-12-26,9:30:55.562144215,T,KO,,100,70.015
2025-12-26,9:31:02.904175301,T,KO,I,50,70.02
2025-12-26,9:31:04.083214356,T,KO,,100,70.03
2025-12-26,9:31:04.083271522,T,KO,F,100,70.02
2025-12-26,9:31:04.105307972,T,KO,F,100,70.02
2025-12-26,9:31:04.105310923,T,KO,F,100,70.02
2025-12-26,9:31:04.105332069,T,KO,I,1,70.02
2025-12-26,9:31:04.105686908,T,KO,,100,70.02
2025-12-26,9:31:04.105710869,T,KO,I,1,70.02
2025-12-26,9:31:04.112458995,T,KO,F I,50,70.02
2025-12-26,9:31:04.112461996,T,KO,F I,1,70.02
2025-12-26,9:31:06.082426775,T,KO,F I,20,70.04
2025-12-26,9:31:06.082856807,T,KO,F I,20,70.04
2025-12-26,9:31:14.029721315,T,KO,,100,70.025
2025-12-26,9:31:14.029724613,T,KO,,100,70.03
2025-12-26,9:31:14.029724613,T,KO,,100,70.04
2025-12-26,9:31:14.029727346,T,KO,I,20,70.04
2025-12-26,9:31:15.205596918,T,KO,,100,70.04
2025-12-26,9:31:15.205615015,T,KO,I,1,70.04
2025-12-26,9:31:15.205635959,T,KO,I,99,70.04
2025-12-26,9:31:15.212528914,T,KO,,100,70.03
2025-12-26,9:31:15.212532183,T,KO,I,16,70.03
2025-12-26,9:31:15.212532183,T,KO,I,50,70.03
2025-12-26,9:31:15.235211829,T,KO,F I,1,70.04
2025-12-26,9:31:15.235214456,T,KO,F I,20,70.04
2025-12-26,9:31:15.235217472,T,KO,F I,16,70.04
2025-12-26,9:31:15.235403885,T,KO,F,100,70.04
2025-12-26,9:31:15.235424941,T,KO,I,1,70.04
2025-12-26,9:31:15.236291000,T,KO,F I,50,70.04
2025-12-26,9:31:15.237545022,T,KO,I,14,70.04
2025-12-26,9:31:15.244347189,T,KO,F,100,70.045
2025-12-26,9:31:15.244359153,T,KO,F I,50,70.05
2025-12-26,9:31:15.244380283,T,KO,F I,50,70.05
2025-12-26,9:31:15.244380283,T,KO,F I,50,70.05
2025-12-26,9:31:15.244488506,T,KO,F,100,70.05
2025-12-26,9:31:15.244491520,T,KO,F I,26,70.05
2025-12-26,9:31:15.244747076,T,KO,F I,24,70.05
2025-12-26,9:31:15.245384607,T,KO,F I,50,70.05
2025-12-26,9:31:15.245384607,T,KO,F,100,70.05
2025-12-26,9:31:15.245679390,T,KO,,100,70.05
2025-12-26,9:31:15.245682703,T,KO,,100,70.05
2025-12-26,9:31:15.245802738,T,KO,F I,50,70.05
2025-12-26,9:31:15.266046841,T,KO,F,100,70.055
2025-12-26,9:31:15.266061923,T,KO,F I,50,70.06
2025-12-26,9:31:15.266082907,T,KO,F,100,70.06
2025-12-26,9:31:15.267580555,T,KO,I,42,70.05
2025-12-26,9:31:16.245789308,T,KO,F I,50,70.05
2025-12-26,9:31:16.248516711,T,KO,,200,70.05
2025-12-26,9:31:22.979823269,T,KO,,100,70.03
2025-12-26,9:31:27.204555057,T,KO,,100,70.03
2025-12-26,9:31:29.051565996,T,KO,I,50,70.0
2025-12-26,9:31:29.051770510,T,KO,I,50,70.0
2025-12-26,9:31:29.051806617,T,KO,F I,50,70.0
2025-12-26,9:31:29.051806617,T,KO,F I,50,69.99
2025-12-26,9:31:29.065922285,T,KO,,100,70.0
2025-12-26,9:31:29.074733164,T,KO,F,100,70.0
2025-12-26,9:31:32.167027922,T,KO,I,10,70.0
2025-12-26,9:31:32.167030914,T,KO,I,40,69.99
2025-12-26,9:31:32.167042976,T,KO,I,10,69.99
2025-12-26,9:31:32.167045922,T,KO,I,40,69.99
2025-12-26,9:31:32.382148232,T,KO,F I,27,70.0
2025-12-26,9:31:32.382151297,T,KO,F,100,70.0
2025-12-26,9:31:33.093609686,T,KO,F,100,70.01
2025-12-26,9:31:33.093612690,T,KO,F,100,70.01
2025-12-26,9:31:33.093612690,T,KO,F,527,70.01
2025-12-26,9:31:39.318777785,T,KO,F I,27,70.01
2025-12-26,9:31:43.469765524,T,KO,F,100,70.0
2025-12-26,9:31:43.469768704,T,KO,F I,25,70.0
2025-12-26,9:31:43.469768704,T,KO,F I,2,70.0
2025-12-26,9:31:43.469861167,T,KO,,186,70.0
2025-12-26,9:31:43.496294522,T,KO,,100,69.995
2025-12-26,9:31:43.496294522,T,KO,I,85,70.0
2025-12-26,9:31:43.525623045,T,KO,F I,75,70.0
2025-12-26,9:31:43.525848991,T,KO,F,100,70.0
2025-12-26,9:31:43.525854554,T,KO,F I,1,70.0
2025-12-26,9:31:43.525857548,T,KO,F,100,70.0
2025-12-26,9:31:43.526233842,T,KO,I,50,69.99
2025-12-26,9:31:43.535643012,T,KO,F,100,70.0
2025-12-26,9:31:43.535643012,T,KO,F I,50,70.0
2025-12-26,9:31:43.535645850,T,KO,F I,50,70.0
2025-12-26,9:31:43.535654873,T,KO,F I,50,70.0
2025-12-26,9:31:43.535660959,T,KO,I,1,70.0
2025-12-26,9:31:43.535706074,T,KO,I,1,70.0
2025-12-26,9:31:55.216915283,T,KO,F,100,70.01
2025-12-26,9:31:55.216915283,T,KO,F,200,70.01
2025-12-26,9:31:55.216975386,T,KO,I,1,70.01
2025-12-26,9:31:55.217264067,T,KO,F,100,70.01
2025-12-26,9:31:55.227395224,T,KO,I,85,70.01
2025-12-26,9:31:56.181459486,T,KO,F I,2,70.01
2025-12-26,9:31:56.182133045,T,KO,,100,70.01
2025-12-26,9:31:56.182136530,T,KO,,100,70.01
2025-12-26,9:31:58.850216414,T,KO,,100,69.99
2025-12-26,9:31:58.850258553,T,KO,F I,1,69.99
2025-12-26,9:32:02.567856706,T,KO,F I,33,70.0
2025-12-26,9:32:02.567880649,T,KO,F I,67,70.0
2025-12-26,9:32:06.845980448,T,KO,,250,70.015
2025-12-26,9:32:16.418913992,T,KO,F I,2,70.03
2025-12-26,9:32:16.462782461,T,KO,F,100,70.05
2025-12-26,9:32:16.462782461,T,KO,F,100,70.05
2025-12-26,9:32:16.470495811,T,KO,F I,50,70.06
2025-12-26,9:32:16.485588827,T,KO,F I,50,70.07
2025-12-26,9:32:16.486551676,T,KO,I,2,70.07
2025-12-26,9:32:16.486551676,T,KO,I,1,70.07
2025-12-26,9:32:16.486554102,T,KO,I,50,70.07
2025-12-26,9:32:16.486566572,T,KO,F I,50,70.07
2025-12-26,9:32:16.493356331,T,KO,F,100,70.07
2025-12-26,9:32:16.493374282,T,KO,I,1,70.07
2025-12-26,9:32:16.494553138,T,KO,F I,1,70.07
2025-12-26,9:32:30.244987952,T,KO,,100,70.055
2025-12-26,9:32:32.806554596,T,KO,I,1,70.05
2025-12-26,9:32:51.254927964,T,KO,F I,14,70.04
2025-12-26,9:32:55.715775916,T,KO,I,10,70.04
2025-12-26,9:33:16.401378304,T,KO,I,1,70.03
2025-12-26,9:33:16.401378304,T,KO,,200,70.03
2025-12-26,9:33:20.774579809,T,KO,,100,70.02
2025-12-26,9:33:32.836420863,T,KO,F I,2,70.03
2025-12-26,9:33:32.836697954,T,KO,I,30,70.03
2025-12-26,9:33:32.836697954,T,KO,,100,70.03
2025-12-26,9:33:32.836701213,T,KO,I,28,70.03
2025-12-26,9:33:32.836703571,T,KO,I,25,70.03
2025-12-26,9:33:32.836703571,T,KO,I,50,70.03
2025-12-26,9:33:32.836706782,T,KO,I,57,70.03
2025-12-26,9:33:34.300457683,T,KO,I,33,70.0
2025-12-26,9:33:34.300662185,T,KO,F I,67,70.0
2025-12-26,9:33:42.009657147,T,KO,I,2,69.99
2025-12-26,9:33:42.009657147,T,KO,F I,2,69.99
2025-12-26,9:33:42.009660153,T,KO,F I,2,69.99
2025-12-26,9:33:42.010796835,T,KO,I,96,69.99
2025-12-26,9:33:42.075279430,T,KO,,100,70.0
2025-12-26,9:33:42.075283266,T,KO,I,16,70.0
2025-12-26,9:33:42.075301307,T,KO,F I,84,70.0
2025-12-26,9:33:42.075306765,T,KO,F I,16,70.0
2025-12-26,9:33:42.075306765,T,KO,F I,84,70.0
2025-12-26,9:33:42.075309817,T,KO,I,1,70.0
2025-12-26,9:33:58.015439196,T,KO,I,25,70.03
2025-12-26,9:33:59.560158163,T,KO,F I,10,70.02
2025-12-26,9:34:06.465383835,T,KO,I,1,70.03
2025-12-26,9:34:19.086695334,T,KO,,100,70.02
2025-12-26,9:34:19.086710498,T,KO,F I,15,70.02
2025-12-26,9:34:19.086710498,T,KO,I,1,70.02
2025-12-26,9:34:19.086720127,T,KO,F I,84,70.02
2025-12-26,9:34:23.565060223,T,KO,F,100,70.03
2025-12-26,9:34:45.931582173,T,KO,,100,70.02
2025-12-26,9:35:00.096109215,T,KO,F,100,70.02
2025-12-26,9:35:00.096109215,T,KO,F,200,70.02
2025-12-26,9:35:00.096127131,T,KO,,100,70.02
2025-12-26,9:35:00.096133023,T,KO,I,1,70.02
2025-12-26,9:35:00.096142323,T,KO,I,99,70.02
2025-12-26,9:35:00.096142323,T,KO,I,1,70.02
2025-12-26,9:35:00.096151082,T,KO,,193,70.02
2025-12-26,9:35:00.142452338,T,KO,,100,70.02
2025-12-26,9:35:00.151861668,T,KO,I,50,70.03
2025-12-26,9:35:04.366381154,T,KO,F I,8,70.03
2025-12-26,9:35:04.377697199,T,KO,F I,1,70.03
2025-12-26,9:35:06.764472696,T,KO,F I,6,70.03
2025-12-26,9:35:06.764484678,T,KO,F I,4,70.03
2025-12-26,9:35:06.772916694,T,KO,F I,1,70.03
2025-12-26,9:35:06.865967743,T,KO,I,50,70.02
2025-12-26,9:35:11.873526580,T,KO,I,1,70.02
2025-12-26,9:35:17.240778457,T,KO,I,5,70.02
2025-12-26,9:35:17.918024330,T,KO,I,1,70.03
2025-12-26,9:35:24.669896841,T,KO,I,5,70.03
2025-12-26,9:35:24.692964813,T,KO,I,1,70.03
2025-12-26,9:35:25.398589269,T,KO,,100,70.025
2025-12-26,9:35:28.928877129,T,KO,F I,18,70.03
2025-12-26,9:35:28.949286797,T,KO,F I,1,70.03
2025-12-26,9:35:36.194198457,T,KO,I,1,70.03
2025-12-26,9:35:36.215961471,T,KO,F I,5,70.03
2025-12-26,9:35:36.225960105,T,KO,F I,1,70.03
2025-12-26,9:35:39.059720119,T,KO,I,47,70.03
2025-12-26,9:35:39.059720119,T,KO,I,20,70.03
2025-12-26,9:35:39.059723803,T,KO,I,33,70.03
2025-12-26,9:35:39.059735434,T,KO,I,1,70.03
2025-12-26,9:35:47.059456591,T,KO,I,40,70.02
2025-12-26,9:35:50.797572400,T,KO,I,7,70.015
2025-12-26,9:35:50.808253935,T,KO,F I,15,70.015
2025-12-26,9:35:50.819524794,T,KO,F I,1,70.015
2025-12-26,9:35:51.264133621,T,KO,I,26,70.005
2025-12-26,9:35:51.276862897,T,KO,I,2,70.005
2025-12-26,9:35:54.157501533,T,KO,I,10,69.99
2025-12-26,9:35:54.168155994,T,KO,F I,16,70.0
2025-12-26,9:35:54.182560276,T,KO,F I,1,69.995
2025-12-26,9:35:55.230014933,T,KO,I,5,69.98
2025-12-26,9:35:55.244371059,T,KO,F I,13,69.98
2025-12-26,9:36:10.528154431,T,KO,I,2,69.975
2025-12-26,9:36:10.581053450,T,KO,I,40,69.98
2025-12-26,9:36:13.014755644,T,KO,F I,19,69.99
2025-12-26,9:36:13.027220274,T,KO,F I,1,69.99
2025-12-26,9:36:13.027223337,T,KO,F I,1,69.99
2025-12-26,9:36:13.135517218,T,KO,F I,10,69.99
2025-12-26,9:36:13.146833121,T,KO,F I,1,69.985
2025-12-26,9:36:16.867426325,T,KO,F I,9,69.99
2025-12-26,9:36:16.867426325,T,KO,F I,7,69.99
2025-12-26,9:36:16.889796561,T,KO,F I,2,69.99
2025-12-26,9:36:16.890013103,T,KO,F I,41,69.99
2025-12-26,9:36:16.890016053,T,KO,F,100,69.99
2025-12-26,9:36:16.912765241,T,KO,F I,24,69.995
2025-12-26,9:36:16.923573011,T,KO,F I,2,69.995
2025-12-26,9:36:16.934233396,T,KO,F I,1,69.995
2025-12-26,9:36:18.097839727,T,KO,I,50,70.0
2025-12-26,9:36:18.097842682,T,KO,I,50,70.0
2025-12-26,9:36:18.097854807,T,KO,I,1,70.0
2025-12-26,9:36:18.099647349,T,KO,I,49,70.0
2025-12-26,9:36:18.099647349,T,KO,I,51,70.0
2025-12-26,9:36:18.106034279,T,KO,F I,13,70.0
2025-12-26,9:36:18.106055266,T,KO,F I,50,70.0
2025-12-26,9:36:18.106055266,T,KO,F,110,70.0
2025-12-26,9:36:18.130888834,T,KO,I,28,70.0
2025-12-26,9:36:18.130888834,T,KO,,100,70.0
2025-12-26,9:36:18.130891387,T,KO,I,50,70.0
2025-12-26,9:36:18.136241890,T,KO,F I,40,70.01
2025-12-26,9:36:18.136241890,T,KO,F I,50,70.01
2025-12-26,9:36:18.136244589,T,KO,F I,50,70.01
2025-12-26,9:36:18.136244589,T,KO,F I,4,70.01
2025-12-26,9:36:18.136262271,T,KO,I,56,70.01
2025-12-26,9:36:18.154542734,T,KO,F I,20,70.02
2025-12-26,9:36:18.199963501,T,KO,I,1,70.015
2025-12-26,9:36:29.986107441,T,KO,F I,48,70.03
2025-12-26,9:36:29.998911890,T,KO,F I,5,70.03
2025-12-26,9:36:32.615010587,T,KO,I,47,70.03
2025-12-26,9:36:32.615014145,T,KO,I,50,70.03
2025-12-26,9:36:32.615016508,T,KO,I,3,70.03
2025-12-26,9:36:32.615028546,T,KO,I,1,70.03
2025-12-26,9:36:32.615040638,T,KO,F I,96,70.03
2025-12-26,9:36:32.789784082,T,KO,I,1,70.03
2025-12-26,9:36:32.789823561,T,KO,F I,26,70.03
2025-12-26,9:36:32.789825941,T,KO,F I,27,70.03
2025-12-26,9:36:32.815964150,T,KO,F I,5,70.03
2025-12-26,9:36:32.826750819,T,KO,F I,1,70.03
2025-12-26,9:36:39.406360984,T,KO,F I,10,70.03
2025-12-26,9:36:53.905895001,T,KO,F I,10,70.03
2025-12-26,9:36:53.905897611,T,KO,F,100,70.04
2025-12-26,9:36:53.905900719,T,KO,F I,50,70.04
2025-12-26,9:36:53.905900719,T,KO,F,100,70.04
2025-12-26,9:36:53.905903730,T,KO,F I,25,70.04
2025-12-26,9:36:53.906351700,T,KO,,100,70.03
2025-12-26,9:36:53.906351700,T,KO,,100,70.03
2025-12-26,9:36:53.906358449,T,KO,I,39,70.03
2025-12-26,9:36:53.906358449,T,KO,I,50,70.03
2025-12-26,9:36:53.906361001,T,KO,I,25,70.03
2025-12-26,9:36:53.906361001,T,KO,,100,70.03
2025-12-26,9:36:53.906363763,T,KO,I,51,70.03
2025-12-26,9:36:53.906372847,T,KO,I,1,70.03
2025-12-26,9:36:53.906532723,T,KO,F,100,70.04
2025-12-26,9:36:53.906532723,T,KO,F I,24,70.04
2025-12-26,9:36:53.906532723,T,KO,F,100,70.04
2025-12-26,9:36:53.906542173,T,KO,F I,96,70.04
2025-12-26,9:36:53.906542173,T,KO,F,100,70.04
2025-12-26,9:36:53.906544977,T,KO,F I,50,70.04
2025-12-26,9:36:53.906547167,T,KO,F I,52,70.04
2025-12-26,9:36:53.906688680,T,KO,F I,30,70.04
2025-12-26,9:36:53.906836123,T,KO,,100,70.035
2025-12-26,9:36:53.906836123,T,KO,I,24,70.03
2025-12-26,9:36:53.906838933,T,KO,,100,70.03
2025-12-26,9:36:53.906838933,T,KO,I,30,70.03
2025-12-26,9:36:53.907031864,T,KO,F I,70,70.03
2025-12-26,9:36:53.907031864,T,KO,F I,30,70.03
2025-12-26,9:36:53.907038653,T,KO,F,102,70.03
2025-12-26,9:36:53.907038653,T,KO,F I,55,70.03
2025-12-26,9:36:53.907038653,T,KO,F,100,70.03
2025-12-26,9:36:53.907043399,T,KO,F I,40,70.03
2025-12-26,9:36:53.907043399,T,KO,F I,64,70.03
2025-12-26,9:36:53.907046799,T,KO,F I,60,70.03
2025-12-26,9:36:53.907046799,T,KO,F I,15,70.03
2025-12-26,9:36:53.907248262,T,KO,F I,50,70.04
2025-12-26,9:36:53.907251986,T,KO,F,100,70.04
2025-12-26,9:36:53.907251986,T,KO,F I,30,70.04
2025-12-26,9:36:53.911066926,T,KO,F I,4,70.04
2025-12-26,9:36:53.911066926,T,KO,F I,24,70.04
2025-12-26,9:36:53.911081978,T,KO,F,200,70.04
2025-12-26,9:36:53.926704240,T,KO,F,100,70.04
2025-12-26,9:36:53.926704240,T,KO,F I,24,70.04
2025-12-26,9:36:53.926707236,T,KO,F I,76,70.04
2025-12-26,9:36:53.926719663,T,KO,F I,24,70.04
2025-12-26,9:36:53.926719663,T,KO,F I,4,70.04
2025-12-26,9:36:53.926723509,T,KO,F I,30,70.04
2025-12-26,9:36:53.926723509,T,KO,F I,20,70.04
2025-12-26,9:36:53.926725318,T,KO,I,1,70.04
2025-12-26,9:36:53.941391222,T,KO,I,10,70.035
2025-12-26,9:36:53.949850367,T,KO,F I,9,70.035
2025-12-26,9:36:53.962796174,T,KO,F I,1,70.035
2025-12-26,9:37:03.129137132,T,KO,F,100,70.04
2025-12-26,9:37:03.129137132,T,KO,F I,40,70.04
2025-12-26,9:37:03.129140028,T,KO,F,100,70.04
2025-12-26,9:37:04.097325915,T,KO,I,20,70.05
2025-12-26,9:37:10.260137335,T,KO,F,219,70.07
2025-12-26,9:37:10.260140634,T,KO,F I,40,70.07
2025-12-26,9:37:10.260164428,T,KO,I,89,70.07
2025-12-26,9:37:10.893686198,T,KO,F,100,70.06
2025-12-26,9:37:21.506529116,T,KO,F I,89,70.07
2025-12-26,9:37:25.579209821,T,KO,I,50,70.08
2025-12-26,9:37:25.579209821,T,KO,I,1,70.08
2025-12-26,9:37:34.703739708,T,KO,I,1,70.075
2025-12-26,9:37:34.768062368,T,KO,I,75,70.065
2025-12-26,9:37:34.775282587,T,KO,F I,16,70.065
2025-12-26,9:37:35.016144270,T,KO,F I,3,70.06
2025-12-26,9:37:35.016144270,T,KO,F I,50,70.06
2025-12-26,9:37:56.703991722,T,KO,I,11,70.06
2025-12-26,9:37:56.715836996,T,KO,I,2,70.06
2025-12-26,9:37:56.727567832,T,KO,F I,2,70.055
2025-12-26,9:37:57.908390239,T,KO,F I,50,70.05
2025-12-26,9:37:57.908645825,T,KO,F I,50,70.05
2025-12-26,9:37:57.909785511,T,KO,I,4,70.05
2025-12-26,9:37:57.909785511,T,KO,I,6,70.05
2025-12-26,9:37:57.910468155,T,KO,F,100,70.05
2025-12-26,9:37:57.911132729,T,KO,,110,70.055
2025-12-26,9:37:57.911704270,T,KO,,100,70.05
2025-12-26,9:37:57.911704270,T,KO,I,2,70.05
2025-12-26,9:37:57.911704270,T,KO,I,50,70.05
2025-12-26,9:37:57.940951728,T,KO,F I,75,70.055
2025-12-26,9:37:57.955383180,T,KO,F I,42,70.055
2025-12-26,9:38:00.100821767,T,KO,I,23,70.055
2025-12-26,9:38:00.108261513,T,KO,I,2,70.055
2025-12-26,9:38:00.219045312,T,KO,I,1,70.055
2025-12-26,9:38:00.973461036,T,KO,I,16,70.055
2025-12-26,9:38:02.390249328,T,KO,I,2,70.06
2025-12-26,9:38:02.995143032,T,KO,I,20,70.08
2025-12-26,9:38:02.995145976,T,KO,I,80,70.08
2025-12-26,9:38:02.995161119,T,KO,I,1,70.08
2025-12-26,9:38:03.114912211,T,KO,F I,24,70.085
2025-12-26,9:38:03.126038721,T,KO,F I,2,70.085
2025-12-26,9:38:03.326225502,T,KO,,100,70.09
2025-12-26,9:38:13.332491006,T,KO,F I,50,70.065
2025-12-26,9:38:13.354509365,T,KO,F I,5,70.065
2025-12-26,9:38:13.365572761,T,KO,F I,1,70.065
2025-12-26,9:38:41.548120341,T,KO,I,1,70.075
2025-12-26,9:38:41.577701873,T,KO,F I,4,70.075
2025-12-26,9:38:41.591315213,T,KO,F I,1,70.075
2025-12-26,9:38:42.496952191,T,KO,I,10,70.07
2025-12-26,9:38:46.864767816,T,KO,F,100,70.07
2025-12-26,9:38:46.891456423,T,KO,F I,11,70.08
2025-12-26,9:38:56.254459715,T,KO,F I,11,70.06
2025-12-26,9:38:56.254462717,T,KO,F I,89,70.06
2025-12-26,9:38:56.254478181,T,KO,F I,11,70.06
2025-12-26,9:38:56.267342399,T,KO,F I,42,70.065
2025-12-26,9:38:56.278610240,T,KO,F I,5,70.065
2025-12-26,9:39:00.119065911,T,KO,F I,29,70.075
2025-12-26,9:39:00.131665914,T,KO,F I,4,70.075
2025-12-26,9:39:21.892894276,T,KO,F I,29,70.08
2025-12-26,9:39:21.892897300,T,KO,F,100,70.08
2025-12-26,9:39:22.929312638,T,KO,F I,1,70.08
2025-12-26,9:39:22.929315648,T,KO,F I,19,70.08
2025-12-26,9:39:25.108229989,T,KO,F I,13,70.09
2025-12-26,9:39:25.133953325,T,KO,F I,11,70.085
2025-12-26,9:39:25.133956288,T,KO,F I,9,70.09
2025-12-26,9:39:31.909417025,T,KO,F I,9,70.09
2025-12-26,9:39:34.223067403,T,KO,I,10,70.085
2025-12-26,9:39:35.076355609,T,KO,I,1,70.085
2025-12-26,9:39:35.095180433,T,KO,I,1,70.085
2025-12-26,9:39:36.810895681,T,KO,I,11,70.08
2025-12-26,9:39:38.917872775,T,KO,I,1,70.075
2025-12-26,9:39:40.843884794,T,KO,I,10,70.075
2025-12-26,9:39:43.693462504,T,KO,I,7,70.075
2025-12-26,9:39:43.706603782,T,KO,I,1,70.075
2025-12-26,9:39:46.986374015,T,KO,I,14,70.07
2025-12-26,9:39:47.013188945,T,KO,F I,29,70.065
2025-12-26,9:39:47.023464403,T,KO,F I,5,70.065
2025-12-26,9:40:03.255700890,T,KO,F I,11,70.08
2025-12-26,9:40:03.258891669,T,KO,I,34,70.08
2025-12-26,9:40:03.258894400,T,KO,I,2,70.08
2025-12-26,9:40:03.258921454,T,KO,,280,70.075
2025-12-26,9:40:10.660325835,T,KO,I,34,70.07
2025-12-26,9:40:10.660325835,T,KO,I,2,70.07
2025-12-26,9:40:10.696351917,T,KO,,100,70.07
2025-12-26,9:40:10.696354661,T,KO,,100,70.07
2025-12-26,9:40:10.696354661,T,KO,I,1,70.07
2025-12-26,9:40:18.557939151,T,KO,F I,1,70.06
2025-12-26,9:40:18.557939151,T,KO,F,100,70.06
2025-12-26,9:40:18.557942149,T,KO,F,100,70.06
2025-12-26,9:40:27.341847419,T,KO,,100,70.05
2025-12-26,9:40:27.359336983,T,KO,F I,10,70.06
2025-12-26,9:40:27.359379131,T,KO,I,28,70.05
2025-12-26,9:40:27.386184954,T,KO,F I,4,70.05
2025-12-26,9:40:27.397028797,T,KO,F I,1,70.05
2025-12-26,9:40:28.386908669,T,KO,F I,1,70.05
2025-12-26,9:40:31.533398234,T,KO,F I,1,70.045
2025-12-26,9:40:40.416389352,T,KO,F I,11,70.05
2025-12-26,9:40:40.437045525,T,KO,F I,1,70.06
2025-12-26,9:40:42.661713935,T,KO,F I,1,70.05
2025-12-26,9:40:46.416372214,T,KO,I,1,70.05
2025-12-26,9:40:49.049764992,T,KO,F I,3,70.05
2025-12-26,9:40:49.070397179,T,KO,F I,7,70.055
2025-12-26,9:40:49.092138916,T,KO,F I,1,70.05
2025-12-26,9:41:00.023542534,T,KO,,100,70.055
2025-12-26,9:41:00.091366172,T,KO,F I,59,70.06
2025-12-26,9:41:00.091372122,T,KO,F,100,70.06
2025-12-26,9:41:00.091372122,T,KO,F I,74,70.06
2025-12-26,9:41:00.091384111,T,KO,I,1,70.06
2025-12-26,9:41:00.091396203,T,KO,,425,70.06
2025-12-26,9:41:00.091450364,T,KO,I,1,70.06
2025-12-26,9:41:00.091456338,T,KO,F I,96,70.06
2025-12-26,9:41:00.097510151,T,KO,,110,70.065
2025-12-26,9:41:00.097512791,T,KO,,100,70.065
2025-12-26,9:41:00.097516455,T,KO,I,2,70.07
2025-12-26,9:41:00.097516455,T,KO,I,50,70.07
2025-12-26,9:41:00.097519728,T,KO,I,40,70.07
2025-12-26,9:41:00.097521919,T,KO,,120,70.07
2025-12-26,9:41:00.097521919,T,KO,,583,70.07
2025-12-26,9:41:00.097552435,T,KO,,329,70.07
2025-12-26,9:41:00.097573071,T,KO,I,50,70.07
2025-12-26,9:41:00.098360770,T,KO,I,37,70.07
2025-12-26,9:41:00.121386859,T,KO,F I,50,70.07
2025-12-26,9:41:00.121389845,T,KO,F I,10,70.07
2025-12-26,9:41:00.121392568,T,KO,F I,25,70.07
2025-12-26,9:41:00.121392568,T,KO,F I,37,70.07
2025-12-26,9:41:00.121395659,T,KO,F I,78,70.07
2025-12-26,9:41:00.121395659,T,KO,F I,22,70.07
2025-12-26,9:41:00.154682008,T,KO,I,4,70.07
2025-12-26,9:41:17.911203538,T,KO,F I,53,70.055
2025-12-26,9:41:17.925207859,T,KO,F I,6,70.055
2025-12-26,9:41:18.546652997,T,KO,F I,44,70.05
2025-12-26,9:41:18.546893517,T,KO,F I,56,70.05
2025-12-26,9:41:18.560149074,T,KO,F I,36,70.055
2025-12-26,9:41:18.576444951,T,KO,F I,3,70.055
2025-12-26,9:41:18.589345614,T,KO,F I,1,70.055
2025-12-26,9:41:25.413329985,T,KO,F I,11,70.055
2025-12-26,9:41:25.464776480,T,KO,F I,1,70.055
2025-12-26,9:41:25.857063743,T,KO,,100,70.055
2025-12-26,9:41:25.863279546,T,KO,F I,32,70.055
2025-12-26,9:41:25.873843787,T,KO,F I,14,70.055
2025-12-26,9:41:25.886786565,T,KO,F I,1,70.055
2025-12-26,9:41:27.687766895,T,KO,F I,13,70.045
2025-12-26,9:41:27.692569674,T,KO,,100,70.04
2025-12-26,9:41:27.692572362,T,KO,,100,70.04
2025-12-26,9:41:27.692572362,T,KO,I,25,70.04
2025-12-26,9:41:27.692575339,T,KO,I,50,70.04
2025-12-26,9:41:27.698637792,T,KO,F I,33,70.04
2025-12-26,9:41:27.698640784,T,KO,F I,1,70.04
2025-12-26,9:41:27.698640784,T,KO,F I,66,70.04
2025-12-26,9:41:27.698649758,T,KO,F I,34,70.04
2025-12-26,9:41:27.698658731,T,KO,I,1,70.04
2025-12-26,9:41:27.699467765,T,KO,I,1,70.04
2025-12-26,9:41:27.710546048,T,KO,F I,18,70.04
2025-12-26,9:41:27.721771832,T,KO,F I,2,70.04
2025-12-26,9:41:40.894043666,T,KO,I,33,70.03
2025-12-26,9:41:40.894747469,T,KO,,100,70.03
2025-12-26,9:41:40.912718137,T,KO,F I,30,70.04
2025-12-26,9:41:40.912718137,T,KO,F I,49,70.04
2025-12-26,9:41:40.923240169,T,KO,F I,8,70.04
2025-12-26,9:41:40.935843204,T,KO,F I,1,70.04
2025-12-26,9:41:46.229034579,T,KO,F I,21,70.035
2025-12-26,9:41:46.239803208,T,KO,F I,2,70.035
2025-12-26,9:41:48.575099049,T,KO,F I,30,70.03
2025-12-26,9:41:48.601177213,T,KO,F I,30,70.03
2025-12-26,9:41:48.601685357,T,KO,,100,70.03
2025-12-26,9:41:48.601685357,T,KO,I,30,70.03
2025-12-26,9:41:48.601688393,T,KO,I,1,70.03
2025-12-26,9:41:48.601688393,T,KO,I,30,70.03
2025-12-26,9:41:48.604467541,T,KO,I,1,70.03
2025-12-26,9:41:48.604469976,T,KO,I,30,70.03
2025-12-26,9:41:48.604472982,T,KO,I,50,70.03
2025-12-26,9:41:48.611747293,T,KO,F I,90,70.035
2025-12-26,9:41:48.622958015,T,KO,F I,9,70.035
2025-12-26,9:41:48.632971841,T,KO,F I,1,70.035
2025-12-26,9:41:49.994500585,T,KO,F I,45,70.035
2025-12-26,9:41:50.006643468,T,KO,F I,4,70.035
2025-12-26,9:41:50.017995455,T,KO,F I,1,70.035
2025-12-26,9:41:50.049630851,T,KO,F I,27,70.035
2025-12-26,9:41:50.059761929,T,KO,F I,3,70.035
2025-12-26,9:42:00.133384887,T,KO,F,118,70.03
2025-12-26,9:42:00.161083787,T,KO,F I,11,70.03
2025-12-26,9:42:00.184566722,T,KO,F I,2,70.03
2025-12-26,9:42:01.473803288,T,KO,F I,10,70.02
2025-12-26,9:42:01.508412670,T,KO,F I,33,70.03
2025-12-26,9:42:01.508412670,T,KO,F I,11,70.03
2025-12-26,9:42:01.521226215,T,KO,F I,4,70.025
2025-12-26,9:42:07.443582086,T,KO,I,40,70.025
2025-12-26,9:42:08.233933418,T,KO,F I,14,70.04
2025-12-26,9:42:08.245802802,T,KO,F I,1,70.035
2025-12-26,9:42:14.445091211,T,KO,I,33,70.03
2025-12-26,9:42:14.445091211,T,KO,I,19,70.03
2025-12-26,9:42:14.445109248,T,KO,I,31,70.03
2025-12-26,9:42:14.445112180,T,KO,I,30,70.03
2025-12-26,9:42:14.445121189,T,KO,I,3,70.03
2025-12-26,9:42:14.461029379,T,KO,F I,1,70.03
2025-12-26,9:42:14.461029379,T,KO,F I,11,70.03
2025-12-26,9:42:14.471070029,T,KO,F I,1,70.03
2025-12-26,9:42:14.696556063,T,KO,I,1,70.03
2025-12-26,9:42:14.716959724,T,KO,F I,1,70.03
2025-12-26,9:42:16.601334681,T,KO,I,30,70.03
2025-12-26,9:42:16.621575911,T,KO,F I,3,70.03
2025-12-26,9:42:19.544970335,T,KO,I,1,70.03
2025-12-26,9:42:19.544973377,T,KO,I,12,70.03
2025-12-26,9:42:19.545701026,T,KO,,100,70.025
2025-12-26,9:42:19.546260464,T,KO,I,20,70.025
2025-12-26,9:42:19.568363050,T,KO,F I,36,70.03
2025-12-26,9:42:19.591358802,T,KO,F I,4,70.03
2025-12-26,9:42:21.659976510,T,KO,F I,1,70.03
2025-12-26,9:42:30.991732559,T,KO,I,43,70.03
2025-12-26,9:42:31.011546760,T,KO,F I,4,70.04
2025-12-26,9:42:31.032840473,T,KO,F I,1,70.04
2025-12-26,9:42:34.842265230,T,KO,,120,70.035
2025-12-26,9:42:34.880143372,T,KO,I,50,70.03
2025-12-26,9:42:34.885199141,T,KO,F,100,70.03
2025-12-26,9:42:34.885201631,T,KO,F I,51,70.03
2025-12-26,9:42:34.885201631,T,KO,F I,1,70.03
2025-12-26,9:42:34.885219501,T,KO,I,1,70.03
2025-12-26,9:42:34.891540539,T,KO,F I,20,70.03
2025-12-26,9:42:34.902618988,T,KO,F I,2,70.03
2025-12-26,9:42:34.913619120,T,KO,F I,1,70.03
2025-12-26,9:42:36.004614752,T,KO,I,49,70.025
2025-12-26,9:42:36.004617582,T,KO,I,10,70.025
2025-12-26,9:42:36.004620499,T,KO,I,15,70.025
2025-12-26,9:42:48.324779608,T,KO,,100,70.025
2025-12-26,9:42:48.341818107,T,KO,F I,10,70.025
2025-12-26,9:42:48.352042572,T,KO,F I,1,70.025
2025-12-26,9:42:48.410318353,T,KO,F I,1,70.01
2025-12-26,9:42:48.422491257,T,KO,F I,31,70.005
2025-12-26,9:42:48.432998338,T,KO,F I,3,70.005
2025-12-26,9:42:48.444732237,T,KO,F I,1,70.005
2025-12-26,9:42:48.747006193,T,KO,,150,70.0
2025-12-26,9:42:48.747006193,T,KO,I,50,70.0
2025-12-26,9:42:48.757564266,T,KO,F I,76,69.995
2025-12-26,9:42:48.770907044,T,KO,F I,1,70.0
2025-12-26,9:42:48.770907044,T,KO,F I,7,70.0
2025-12-26,9:42:59.389057821,T,KO,,100,69.995
2025-12-26,9:42:59.392585310,T,KO,F I,10,70.0
2025-12-26,9:42:59.406983590,T,KO,I,20,69.995
2025-12-26,9:42:59.414943455,T,KO,I,68,69.995
2025-12-26,9:42:59.418227280,T,KO,I,52,69.995
2025-12-26,9:43:02.799585517,T,KO,F I,38,70.0
2025-12-26,9:43:03.452515512,T,KO,I,84,70.005
2025-12-26,9:43:03.655339703,T,KO,F I,1,70.01
2025-12-26,9:43:03.655342605,T,KO,F I,49,70.01
2025-12-26,9:43:11.536792452,T,KO,I,40,70.015
2025-12-26,9:43:14.662286239,T,KO,I,60,70.02
2025-12-26,9:43:14.662289424,T,KO,I,40,70.02
2025-12-26,9:43:14.662292407,T,KO,I,40,70.02
2025-12-26,9:43:14.662295229,T,KO,,100,70.02
2025-12-26,9:43:19.558851169,T,KO,I,1,70.025
2025-12-26,9:43:19.558854168,T,KO,I,99,70.025
2025-12-26,9:43:21.234486960,T,KO,F I,40,70.03
2025-12-26,9:43:21.235289924,T,KO,,100,70.03
2025-12-26,9:43:21.235289924,T,KO,I,4,70.03
2025-12-26,9:43:21.235311870,T,KO,I,1,70.03
2025-12-26,9:43:21.235314076,T,KO,,100,70.03
2025-12-26,9:43:21.235338075,T,KO,I,1,70.03
2025-12-26,9:43:21.235353332,T,KO,F I,41,70.03
2025-12-26,9:43:21.235638900,T,KO,,100,70.03
2025-12-26,9:43:21.235641723,T,KO,I,1,70.03
2025-12-26,9:43:21.235644710,T,KO,,100,70.03
2025-12-26,9:43:21.235647777,T,KO,I,42,70.03
2025-12-26,9:43:21.235651321,T,KO,I,1,70.03
2025-12-26,9:43:21.235651321,T,KO,I,40,70.03
2025-12-26,9:43:21.235651321,T,KO,I,1,70.03
2025-12-26,9:43:21.235662833,T,KO,,126,70.03
2025-12-26,9:43:21.240765964,T,KO,I,42,70.03
2025-12-26,9:43:21.258460098,T,KO,F I,38,70.04
2025-12-26,9:43:21.267226024,T,KO,F I,4,70.04
2025-12-26,9:43:21.277976539,T,KO,F I,1,70.04
2025-12-26,9:43:29.321202625,T,KO,F I,6,70.04
2025-12-26,9:43:33.579434154,T,KO,I,48,70.03
2025-12-26,9:43:33.599681410,T,KO,F I,5,70.04
2025-12-26,9:43:34.416330463,T,KO,I,27,70.04
2025-12-26,9:43:34.416330463,T,KO,,100,70.04
2025-12-26,9:43:34.416336780,T,KO,,100,70.04
2025-12-26,9:43:34.416336780,T,KO,I,1,70.04
2025-12-26,9:43:34.416336780,T,KO,I,4,70.04
2025-12-26,9:43:34.416346008,T,KO,F,100,70.04
2025-12-26,9:43:41.874191379,T,KO,F I,25,70.05
2025-12-26,9:43:41.874210231,T,KO,F I,75,70.05
2025-12-26,9:43:41.874949278,T,KO,I,2,70.05
2025-12-26,9:43:41.874952394,T,KO,,100,70.05
2025-12-26,9:43:41.874952394,T,KO,I,44,70.05
2025-12-26,9:43:41.874955701,T,KO,I,53,70.05
2025-12-26,9:43:41.893085389,T,KO,F I,31,70.05
2025-12-26,9:43:41.895701610,T,KO,I,10,70.05
2025-12-26,9:43:41.911290879,T,KO,F I,3,70.05
2025-12-26,9:43:41.911294161,T,KO,F I,3,70.05
2025-12-26,9:43:41.911294161,T,KO,F I,49,70.05
2025-12-26,9:43:41.923505826,T,KO,F I,1,70.05
2025-12-26,9:43:43.906109814,T,KO,I,1,70.05
2025-12-26,9:43:43.906109814,T,KO,I,3,70.05
2025-12-26,9:43:43.927472820,T,KO,F I,7,70.05
2025-12-26,9:43:43.938120977,T,KO,F I,1,70.05
2025-12-26,9:43:44.247702411,T,KO,F I,50,70.05
2025-12-26,9:43:44.247705360,T,KO,F,160,70.05
2025-12-26,9:43:44.264515450,T,KO,F I,41,70.055
2025-12-26,9:43:44.274884073,T,KO,F I,4,70.055
2025-12-26,9:43:44.287123223,T,KO,F I,1,70.055
2025-12-26,9:43:44.944191105,T,KO,F I,8,70.05
2025-12-26,9:43:44.971441992,T,KO,F I,1,70.05
2025-12-26,9:43:47.669900706,T,KO,F I,40,70.05
2025-12-26,9:43:47.690262270,T,KO,F I,3,70.045
2025-12-26,9:43:47.700712081,T,KO,F I,2,70.045
2025-12-26,9:43:47.711014831,T,KO,F I,1,70.045
2025-12-26,9:43:52.938168840,T,KO,F,100,70.04
2025-12-26,9:43:55.075148440,T,KO,I,56,70.035
2025-12-26,9:43:56.812806858,T,KO,F I,4,70.03
2025-12-26,9:43:56.812806858,T,KO,F I,1,70.03
2025-12-26,9:43:56.825842879,T,KO,F I,37,70.025
2025-12-26,9:43:56.836049235,T,KO,F I,4,70.025
2025-12-26,9:44:00.082503555,T,KO,F I,79,70.025
2025-12-26,9:44:00.082503555,T,KO,F I,5,70.03
2025-12-26,9:44:00.082507166,T,KO,F I,2,70.03
2025-12-26,9:44:00.082507166,T,KO,F I,14,70.03
2025-12-26,9:44:00.082512177,T,KO,F I,47,70.03
2025-12-26,9:44:00.108355712,T,KO,F I,22,70.025
2025-12-26,9:44:00.118676496,T,KO,F I,3,70.025
2025-12-26,9:44:04.240635342,T,KO,,100,70.025
2025-12-26,9:44:04.260711204,T,KO,F I,10,70.025
2025-12-26,9:44:04.280726863,T,KO,F I,1,70.025
2025-12-26,9:44:06.607728859,T,KO,F I,14,70.025
2025-12-26,9:44:06.627934065,T,KO,F I,1,70.025
2025-12-26,9:44:08.430318632,T,KO,F I,3,70.02
2025-12-26,9:44:08.430727610,T,KO,I,41,70.02
2025-12-26,9:44:08.430730696,T,KO,I,2,70.02
2025-12-26,9:44:08.440783637,T,KO,F I,2,70.02
2025-12-26,9:44:08.440783637,T,KO,F I,15,70.02
2025-12-26,9:44:08.452204848,T,KO,F I,2,70.02
2025-12-26,9:44:12.511365306,T,KO,F I,1,70.01
2025-12-26,9:44:13.580062693,T,KO,I,50,70.0
2025-12-26,9:44:13.580194876,T,KO,F I,23,70.0
2025-12-26,9:44:13.580200810,T,KO,F,100,70.0
2025-12-26,9:44:13.580417320,T,KO,F I,50,70.005
2025-12-26,9:44:15.539974467,T,KO,F,100,70.01
2025-12-26,9:44:15.539974467,T,KO,F I,25,70.01
2025-12-26,9:44:15.539977381,T,KO,F I,75,70.01
2025-12-26,9:44:16.095803164,T,KO,I,11,70.01
2025-12-26,9:44:16.096350506,T,KO,F I,89,70.01
2025-12-26,9:44:16.678386547,T,KO,,100,70.01
2025-12-26,9:44:26.429491405,T,KO,F,100,70.02
2025-12-26,9:44:26.429494368,T,KO,F,200,70.02
2025-12-26,9:44:26.430291214,T,KO,F I,37,70.02
2025-12-26,9:44:26.430294216,T,KO,F,100,70.02
2025-12-26,9:44:26.852072690,T,KO,I,1,70.02
2025-12-26,9:44:33.547892150,T,KO,I,50,70.01
2025-12-26,9:44:33.547897703,T,KO,I,25,70.01
2025-12-26,9:44:33.547897703,T,KO,I,50,70.01
2025-12-26,9:44:33.547900676,T,KO,F,125,70.01
2025-12-26,9:44:33.547905017,T,KO,F I,35,70.01
2025-12-26,9:44:33.548412708,T,KO,F I,36,70.01
2025-12-26,9:44:33.548412708,T,KO,F I,31,70.01
2025-12-26,9:44:33.548418299,T,KO,F I,2,70.01
2025-12-26,9:44:33.548418299,T,KO,F I,37,70.01
2025-12-26,9:44:33.548422149,T,KO,F I,50,70.01
2025-12-26,9:44:33.548422149,T,KO,F I,25,70.01
2025-12-26,9:44:33.548426961,T,KO,F I,87,70.01
2025-12-26,9:44:33.548438990,T,KO,I,1,70.01
2025-12-26,9:44:33.548444941,T,KO,F I,12,70.01
2025-12-26,9:44:33.548505195,T,KO,F I,50,70.02
2025-12-26,9:44:33.549516283,T,KO,I,34,70.02
2025-12-26,9:44:33.549520027,T,KO,I,36,70.02
2025-12-26,9:44:33.549524578,T,KO,,112,70.02
2025-12-26,9:44:33.549524578,T,KO,I,33,70.02
2025-12-26,9:44:33.549528204,T,KO,I,50,70.02
2025-12-26,9:44:33.549528204,T,KO,,100,70.02
2025-12-26,9:44:33.549530848,T,KO,I,35,70.02
2025-12-26,9:44:33.549560626,T,KO,I,65,70.02
2025-12-26,9:44:33.549633467,T,KO,I,80,70.02
2025-12-26,9:44:33.549633467,T,KO,I,34,70.02
2025-12-26,9:44:33.549638875,T,KO,,100,70.02
2025-12-26,9:44:33.549638875,T,KO,I,86,70.02
2025-12-26,9:44:33.550005698,T,KO,I,14,70.02
2025-12-26,9:44:33.550077898,T,KO,I,50,70.02
2025-12-26,9:44:33.559802995,T,KO,I,86,70.02
2025-12-26,9:44:33.559806113,T,KO,I,14,70.02
2025-12-26,9:44:33.559809319,T,KO,I,50,70.02
2025-12-26,9:44:33.559809319,T,KO,,100,70.02
2025-12-26,9:44:33.581478628,T,KO,F I,34,70.02
2025-12-26,9:44:33.592148037,T,KO,F I,89,70.025
2025-12-26,9:44:33.603073116,T,KO,F I,31,70.025
2025-12-26,9:44:33.603073116,T,KO,F I,3,70.03
2025-12-26,9:44:33.603620428,T,KO,F,100,70.02
2025-12-26,9:44:33.603620428,T,KO,F I,34,70.02
2025-12-26,9:44:33.603626445,T,KO,F I,2,70.02
2025-12-26,9:44:33.603626445,T,KO,F I,34,70.02
2025-12-26,9:44:33.603629885,T,KO,F,100,70.02
2025-12-26,9:44:33.603629885,T,KO,F I,50,70.02
2025-12-26,9:44:33.603632593,T,KO,F I,34,70.02
2025-12-26,9:44:33.612254495,T,KO,F,100,70.02
2025-12-26,9:44:33.612254495,T,KO,F I,34,70.02
2025-12-26,9:44:33.612254495,T,KO,F I,13,70.02
2025-12-26,9:44:37.969021309,T,KO,,300,70.025
2025-12-26,9:44:37.989052096,T,KO,F I,54,70.025
2025-12-26,9:44:38.013262624,T,KO,F I,6,70.025
2025-12-26,9:44:39.900602636,T,KO,I,80,70.025
2025-12-26,9:44:39.901023592,T,KO,I,20,70.025
2025-12-26,9:44:39.917680305,T,KO,F I,18,70.025
2025-12-26,9:44:39.940095741,T,KO,F I,2,70.025
2025-12-26,9:44:42.846361343,T,KO,I,1,70.02
2025-12-26,9:44:42.846364315,T,KO,I,44,70.02
2025-12-26,9:44:42.846379331,T,KO,F I,44,70.02
2025-12-26,9:44:42.846385417,T,KO,F I,45,70.02
2025-12-26,9:44:42.884645471,T,KO,F I,9,70.02
2025-12-26,9:44:42.896896628,T,KO,F I,1,70.02
2025-12-26,9:44:44.150080305,T,KO,F I,1,70.03
2025-12-26,9:44:44.150083380,T,KO,F I,50,70.03
2025-12-26,9:44:44.150588464,T,KO,I,3,70.04
2025-12-26,9:44:44.150591577,T,KO,I,97,70.04
2025-12-26,9:44:44.150609745,T,KO,I,1,70.04
2025-12-26,9:44:44.150630661,T,KO,I,2,70.04
2025-12-26,9:44:44.150633598,T,KO,I,26,70.04
2025-12-26,9:44:44.150793045,T,KO,F I,28,70.04
2025-12-26,9:44:44.150823034,T,KO,I,46,70.04
2025-12-26,9:44:44.150823034,T,KO,I,50,70.04
2025-12-26,9:44:44.173533202,T,KO,F I,3,70.05
2025-12-26,9:44:44.173533202,T,KO,F I,91,70.05
2025-12-26,9:44:44.173590268,T,KO,,200,70.05
2025-12-26,9:44:44.184653697,T,KO,F I,30,70.05
2025-12-26,9:44:44.195957555,T,KO,F I,3,70.05
2025-12-26,9:44:44.404991412,T,KO,I,44,70.04
2025-12-26,9:44:44.405039499,T,KO,I,76,70.04
2025-12-26,9:44:44.405394336,T,KO,F,100,70.04
2025-12-26,9:44:44.405394336,T,KO,F I,35,70.04
2025-12-26,9:44:54.960106049,T,KO,I,44,70.05
2025-12-26,9:44:55.001640977,T,KO,I,4,70.045
2025-12-26,9:44:56.342065385,T,KO,I,10,70.05
2025-12-26,9:44:56.352587397,T,KO,I,1,70.05
2025-12-26,9:44:56.367376766,T,KO,I,2,70.05
2025-12-26,9:45:00.191975493,T,KO,I,13,70.05
2025-12-26,9:45:00.191978542,T,KO,I,22,70.05
2025-12-26,9:45:00.191978542,T,KO,I,1,70.05
2025-12-26,9:45:01.875168237,T,KO,,120,70.05
2025-12-26,9:45:02.400591715,T,KO,I,50,70.04
2025-12-26,9:45:02.421716985,T,KO,I,31,70.04
2025-12-26,9:45:02.421846222,T,KO,I,2,70.04
2025-12-26,9:45:02.421846222,T,KO,I,38,70.04
2025-12-26,9:45:02.421864492,T,KO,I,40,70.04
2025-12-26,9:45:02.421870395,T,KO,I,10,70.04
2025-12-26,9:45:02.422071904,T,KO,F I,12,70.04
2025-12-26,9:45:02.422071904,T,KO,F I,34,70.04
2025-12-26,9:45:02.422300324,T,KO,I,2,70.04
2025-12-26,9:45:02.422874725,T,KO,I,17,70.04
2025-12-26,9:45:02.422899193,T,KO,F I,33,70.04
2025-12-26,9:45:02.422902310,T,KO,F,100,70.04
2025-12-26,9:45:02.428086125,T,KO,,100,70.04
2025-12-26,9:45:02.433583295,T,KO,F I,50,70.05
2025-12-26,9:45:02.433583295,T,KO,F I,12,70.05
2025-12-26,9:45:02.433586692,T,KO,F I,34,70.05
2025-12-26,9:45:02.433589245,T,KO,F I,4,70.05
2025-12-26,9:45:02.433604292,T,KO,I,1,70.05
2025-12-26,9:45:09.548053355,T,KO,,100,70.04
2025-12-26,9:45:10.117167777,T,KO,,100,70.04
2025-12-26,9:45:10.117182823,T,KO,I,1,70.04
2025-12-26,9:45:10.117451077,T,KO,,100,70.04
2025-12-26,9:45:10.117454144,T,KO,,100,70.04
2025-12-26,9:45:10.117459432,T,KO,,100,70.04
2025-12-26,9:45:10.117459432,T,KO,I,34,70.04
2025-12-26,9:45:10.117459432,T,KO,I,2,70.04
2025-12-26,9:45:10.117664561,T,KO,F,100,70.04
2025-12-26,9:45:10.117667295,T,KO,F I,34,70.04
2025-12-26,9:45:10.117667295,T,KO,F I,32,70.04
2025-12-26,9:45:10.140572513,T,KO,F,100,70.045
2025-12-26,9:45:10.140584544,T,KO,F I,5,70.045
2025-12-26,9:45:11.449139124,T,KO,I,13,70.045
2025-12-26,9:45:11.466941518,T,KO,F I,2,70.045
2025-12-26,9:45:11.701235417,T,KO,I,13,70.045
2025-12-26,9:45:11.723064496,T,KO,F I,1,70.045
2025-12-26,9:45:12.123982298,T,KO,I,2,70.04
2025-12-26,9:45:12.123985999,T,KO,,100,70.04
2025-12-26,9:45:12.123988878,T,KO,I,1,70.04
2025-12-26,9:45:12.123988878,T,KO,I,19,70.04
2025-12-26,9:45:12.153771262,T,KO,F I,1,70.04
2025-12-26,9:45:12.324515933,T,KO,F I,31,70.04
2025-12-26,9:45:12.324515933,T,KO,F,132,70.04
2025-12-26,9:45:12.324521249,T,KO,F I,2,70.04
2025-12-26,9:45:12.324521249,T,KO,F I,44,70.04
2025-12-26,9:45:12.324521249,T,KO,F I,2,70.04
2025-12-26,9:45:16.478939300,T,KO,I,40,70.06
2025-12-26,9:45:16.492669940,T,KO,F I,36,70.07
2025-12-26,9:45:16.549487436,T,KO,I,17,70.06
2025-12-26,9:45:16.551640419,T,KO,I,1,70.07
2025-12-26,9:45:18.968869367,T,KO,I,1,70.065
2025-12-26,9:45:20.177658291,T,KO,I,1,70.06
2025-12-26,9:45:20.177661270,T,KO,I,99,70.06
2025-12-26,9:45:20.177676363,T,KO,I,1,70.06
2025-12-26,9:45:20.185371695,T,KO,I,17,70.05
2025-12-26,9:45:23.714769427,T,KO,I,25,70.07
2025-12-26,9:45:23.714772463,T,KO,I,3,70.07
2025-12-26,9:45:23.734436305,T,KO,F I,94,70.075
2025-12-26,9:45:23.747833148,T,KO,F I,9,70.075
2025-12-26,9:45:23.759137147,T,KO,F I,1,70.075
2025-12-26,9:45:30.341201242,T,KO,F I,40,70.08
2025-12-26,9:45:30.341201242,T,KO,F I,1,70.08
2025-12-26,9:45:32.514850341,T,KO,F I,30,70.1
2025-12-26,9:45:32.514853207,T,KO,F I,5,70.1
2025-12-26,9:45:32.514856118,T,KO,F I,65,70.1
2025-12-26,9:45:32.514865269,T,KO,I,1,70.1
2025-12-26,9:45:45.786186703,T,KO,I,10,70.09
2025-12-26,9:45:45.806506064,T,KO,I,1,70.09
2025-12-26,9:45:47.466357258,T,KO,I,1,70.08
2025-12-26,9:45:47.476136540,T,KO,F I,25,70.075
2025-12-26,9:45:47.487335241,T,KO,F I,8,70.075
2025-12-26,9:45:47.654918304,T,KO,,100,70.065
2025-12-26,9:45:47.655327337,T,KO,F I,60,70.06
2025-12-26,9:45:47.655330380,T,KO,F I,6,70.06
2025-12-26,9:45:47.671190069,T,KO,F I,17,70.055
2025-12-26,9:45:47.684084823,T,KO,F I,1,70.055
2025-12-26,9:45:53.132626237,T,KO,I,50,70.05
2025-12-26,9:45:53.797669171,T,KO,I,2,70.04
2025-12-26,9:45:53.819320714,T,KO,I,1,70.04
2025-12-26,9:46:02.160277353,T,KO,F,200,70.04
2025-12-26,9:46:02.160277353,T,KO,F,200,70.04
2025-12-26,9:46:02.160279911,T,KO,F,143,70.04
2025-12-26,9:46:02.413898075,T,KO,I,25,70.04
2025-12-26,9:46:02.413901034,T,KO,I,75,70.04
2025-12-26,9:46:10.309186694,T,KO,F I,92,70.05
2025-12-26,9:46:20.213584502,T,KO,I,2,70.06
2025-12-26,9:46:23.121008101,T,KO,F,100,70.07
2025-12-26,9:46:24.077471948,T,KO,F,120,70.07
2025-12-26,9:46:27.719445781,T,KO,F I,25,70.08
2025-12-26,9:46:29.701604584,T,KO,I,30,70.08
2025-12-26,9:46:32.907040827,T,KO,I,10,70.09
2025-12-26,9:46:35.755060795,T,KO,I,1,70.09
2025-12-26,9:46:36.958560126,T,KO,F I,20,70.07
2025-12-26,9:46:36.958563083,T,KO,F,100,70.07
2025-12-26,9:46:36.958581168,T,KO,I,1,70.07
2025-12-26,9:46:36.958797596,T,KO,F I,99,70.07
2025-12-26,9:46:36.972898230,T,KO,F I,7,70.07
2025-12-26,9:46:36.972922472,T,KO,F I,93,70.07
2025-12-26,9:46:36.972922472,T,KO,F I,33,70.07
2025-12-26,9:46:36.972940690,T,KO,I,1,70.07
2025-12-26,9:46:36.973457756,T,KO,I,40,70.07
2025-12-26,9:46:36.973460580,T,KO,I,40,70.07
2025-12-26,9:46:36.973893685,T,KO,I,33,70.07
2025-12-26,9:46:36.973896589,T,KO,I,50,70.07
2025-12-26,9:46:36.973927322,T,KO,I,2,70.07
2025-12-26,9:46:36.973927322,T,KO,I,98,70.07
2025-12-26,9:46:36.974395818,T,KO,I,17,70.07
2025-12-26,9:46:36.983158630,T,KO,F I,2,70.07
2025-12-26,9:46:36.983162103,T,KO,F,100,70.07
2025-12-26,9:46:36.983162103,T,KO,F I,20,70.07
2025-12-26,9:46:36.984650181,T,KO,I,10,70.07
2025-12-26,9:46:37.007465532,T,KO,F I,13,70.075
2025-12-26,9:46:37.018399639,T,KO,F I,11,70.075
2025-12-26,9:46:37.030720301,T,KO,F I,1,70.075
2025-12-26,9:46:37.053366812,T,KO,F I,1,70.075
2025-12-26,9:46:38.821520937,T,KO,F I,3,70.07
2025-12-26,9:46:38.821524039,T,KO,F I,10,70.07
2025-12-26,9:46:38.821530040,T,KO,F I,60,70.07
2025-12-26,9:46:38.852741373,T,KO,F I,38,70.065
2025-12-26,9:46:38.877589531,T,KO,F I,4,70.065
2025-12-26,9:46:38.902545913,T,KO,F I,1,70.065
2025-12-26,9:46:39.930445801,T,KO,I,77,70.065
2025-12-26,9:46:39.930445801,T,KO,I,2,70.07
2025-12-26,9:46:39.930448087,T,KO,I,51,70.07
2025-12-26,9:46:39.930547277,T,KO,I,49,70.07
2025-12-26,9:46:39.930547277,T,KO,I,50,70.07
2025-12-26,9:46:39.930935271,T,KO,I,32,70.07
2025-12-26,9:46:39.930938395,T,KO,I,2,70.07
2025-12-26,9:46:39.930941236,T,KO,I,4,70.07
2025-12-26,9:46:39.952989680,T,KO,I,26,70.06
2025-12-26,9:46:39.955028567,T,KO,F,200,70.06
2025-12-26,9:46:39.955028567,T,KO,F,100,70.06
2025-12-26,9:46:39.955031631,T,KO,F I,11,70.06
2025-12-26,9:46:39.955050169,T,KO,I,1,70.06
2025-12-26,9:46:39.955065865,T,KO,I,20,70.06
2025-12-26,9:46:39.955065865,T,KO,,100,70.06
2025-12-26,9:46:39.955071623,T,KO,I,21,70.06
2025-12-26,9:46:39.955071623,T,KO,,100,70.06
2025-12-26,9:46:39.955074681,T,KO,I,25,70.06
2025-12-26,9:46:39.955074681,T,KO,I,4,70.06
2025-12-26,9:46:39.955079821,T,KO,I,20,70.06
2025-12-26,9:46:39.955079821,T,KO,I,20,70.06
2025-12-26,9:46:39.955079821,T,KO,I,18,70.06
2025-12-26,9:46:39.965270996,T,KO,F,100,70.065
2025-12-26,9:46:39.965282966,T,KO,F I,32,70.07
2025-12-26,9:46:39.965282966,T,KO,F I,38,70.07
2025-12-26,9:46:39.965731125,T,KO,F,100,70.065
2025-12-26,9:46:39.967337127,T,KO,I,62,70.07
2025-12-26,9:46:39.967337127,T,KO,I,38,70.07
2025-12-26,9:46:39.968320284,T,KO,,100,70.07
2025-12-26,9:46:39.968323275,T,KO,I,20,70.07
2025-12-26,9:46:39.974364924,T,KO,I,12,70.07
2025-12-26,9:46:39.974367639,T,KO,I,2,70.07
2025-12-26,9:46:39.974370685,T,KO,I,33,70.07
2025-12-26,9:46:39.977308950,T,KO,,100,70.07
2025-12-26,9:46:39.977308950,T,KO,I,12,70.07
2025-12-26,9:46:39.977311716,T,KO,I,18,70.07
2025-12-26,9:46:55.666165839,T,KO,,100,70.055
2025-12-26,9:46:56.148325129,T,KO,F I,8,70.06
2025-12-26,9:46:56.148328187,T,KO,F I,3,70.06
2025-12-26,9:46:56.148328187,T,KO,F I,47,70.06
2025-12-26,9:46:58.641722539,T,KO,,100,70.045
2025-12-26,9:46:58.652391891,T,KO,F I,60,70.045
2025-12-26,9:46:59.813769862,T,KO,,100,70.045
2025-12-26,9:47:01.908104837,T,KO,F I,10,70.05
2025-12-26,9:47:02.925587116,T,KO,F I,90,70.05
2025-12-26,9:47:03.343534497,T,KO,,100,70.06
2025-12-26,9:47:03.364428243,T,KO,F I,54,70.07
2025-12-26,9:47:09.063346034,T,KO,F I,25,70.06
2025-12-26,9:47:09.070000918,T,KO,,100,70.055
2025-12-26,9:47:09.130246351,T,KO,F I,3,70.06
2025-12-26,9:47:10.738500709,T,KO,I,25,70.06
2025-12-26,9:47:11.891248166,T,KO,I,99,70.06
2025-12-26,9:47:14.048625245,T,KO,F I,95,70.07
2025-12-26,9:47:14.048646406,T,KO,I,1,70.07
2025-12-26,9:47:14.063925899,T,KO,F I,54,70.07
2025-12-26,9:47:14.076922952,T,KO,F I,6,70.07
2025-12-26,9:47:16.032967377,T,KO,F I,63,70.07
2025-12-26,9:47:16.033328252,T,KO,F,126,70.07
2025-12-26,9:47:16.033346293,T,KO,I,1,70.07
2025-12-26,9:47:16.052041752,T,KO,F I,19,70.07
2025-12-26,9:47:16.073314432,T,KO,F I,2,70.07
2025-12-26,9:47:16.476151136,T,KO,F,133,70.07
2025-12-26,9:47:16.476151136,T,KO,F I,66,70.07
2025-12-26,9:47:16.494449549,T,KO,F I,50,70.08
2025-12-26,9:47:16.494452541,T,KO,F I,1,70.08
2025-12-26,9:47:19.778763613,T,KO,F I,4,70.09
2025-12-26,9:47:22.701725193,T,KO,F I,3,70.09
2025-12-26,9:47:22.724047368,T,KO,F I,11,70.09
2025-12-26,9:47:22.747427975,T,KO,F I,1,70.09
2025-12-26,9:47:23.037793918,T,KO,I,1,70.09
2025-12-26,9:47:23.037796580,T,KO,I,50,70.09
2025-12-26,9:47:23.054738863,T,KO,F I,5,70.09
2025-12-26,9:47:30.249166456,T,KO,I,10,70.09
2025-12-26,9:47:30.489086854,T,KO,F I,3,70.08
2025-12-26,9:47:30.489086854,T,KO,F I,50,70.08
2025-12-26,9:47:30.499260100,T,KO,F I,26,70.075
2025-12-26,9:47:30.511036216,T,KO,F I,3,70.075
2025-12-26,9:47:33.296438022,T,KO,,100,70.075
2025-12-26,9:47:37.112673921,T,KO,I,60,70.07
2025-12-26,9:47:37.112673921,T,KO,,100,70.07
2025-12-26,9:47:37.113362534,T,KO,,100,70.07
2025-12-26,9:47:37.113386526,T,KO,I,57,70.08
2025-12-26,9:47:37.113533888,T,KO,I,35,70.08
2025-12-26,9:47:37.113536947,T,KO,I,3,70.08
2025-12-26,9:47:37.113540062,T,KO,,100,70.08
2025-12-26,9:47:37.113540062,T,KO,I,3,70.07
2025-12-26,9:47:37.113542946,T,KO,I,36,70.07
2025-12-26,9:47:37.113542946,T,KO,I,16,70.07
2025-12-26,9:47:37.115551649,T,KO,I,1,70.075
2025-12-26,9:47:37.133257837,T,KO,F I,35,70.08
2025-12-26,9:47:37.133257837,T,KO,F,100,70.08
2025-12-26,9:47:37.133260917,T,KO,F I,65,70.08
2025-12-26,9:47:37.133267352,T,KO,F I,35,70.08
2025-12-26,9:47:37.133270488,T,KO,F I,9,70.08
2025-12-26,9:47:37.133275959,T,KO,I,1,70.08
2025-12-26,9:47:38.228827136,T,KO,F I,20,70.08
2025-12-26,9:47:51.917699125,T,KO,I,40,70.07
2025-12-26,9:47:51.917702110,T,KO,I,20,70.07
2025-12-26,9:47:51.917705115,T,KO,I,25,70.07
2025-12-26,9:47:51.929998347,T,KO,F I,85,70.07
2025-12-26,9:47:51.929998347,T,KO,F I,22,70.07
2025-12-26,9:47:51.930016447,T,KO,I,1,70.07
2025-12-26,9:47:51.946231060,T,KO,F I,10,70.07
2025-12-26,9:47:52.333000190,T,KO,,100,70.06
2025-12-26,9:48:00.098647248,T,KO,I,12,70.08
2025-12-26,9:48:08.889983018,T,KO,F I,28,70.1
2025-12-26,9:48:08.889995508,T,KO,F I,11,70.1
2025-12-26,9:48:08.902516813,T,KO,F I,21,70.1
2025-12-26,9:48:09.422097339,T,KO,I,1,70.1
2025-12-26,9:48:09.429798565,T,KO,F I,11,70.09
2025-12-26,9:48:09.438327133,T,KO,F I,1,70.09
2025-12-26,9:48:14.725052990,T,KO,,120,70.09
2025-12-26,9:48:16.823143928,T,KO,F I,12,70.09
2025-12-26,9:48:16.838480399,T,KO,F I,1,70.09
2025-12-26,9:48:22.687753505,T,KO,I,1,70.08
2025-12-26,9:48:22.687756369,T,KO,,100,70.08
2025-12-26,9:48:22.719063940,T,KO,F I,50,70.075
2025-12-26,9:48:22.731796240,T,KO,F I,5,70.075
2025-12-26,9:48:22.743870083,T,KO,F I,1,70.075
2025-12-26,9:48:23.825997324,T,KO,F I,3,70.08
2025-12-26,9:48:24.403035506,T,KO,F I,3,70.08
2025-12-26,9:48:24.426888374,T,KO,F I,8,70.08
2025-12-26,9:48:24.461022656,T,KO,F I,1,70.08
2025-12-26,9:48:30.720195854,T,KO,I,1,70.08
2025-12-26,9:48:33.321249599,T,KO,F I,83,70.08
2025-12-26,9:48:33.339969196,T,KO,F I,8,70.09
2025-12-26,9:48:33.359272170,T,KO,F I,1,70.09
2025-12-26,9:48:34.217089846,T,KO,F I,91,70.09
2025-12-26,9:48:34.217095449,T,KO,F,400,70.09
2025-12-26,9:48:34.217095449,T,KO,F I,1,70.09
2025-12-26,9:48:34.217113274,T,KO,I,1,70.09
2025-12-26,9:48:34.217164418,T,KO,F,123,70.09
2025-12-26,9:48:34.217675571,T,KO,I,25,70.09
2025-12-26,9:48:34.238659584,T,KO,F I,70,70.095
2025-12-26,9:48:34.250270177,T,KO,F I,7,70.095
2025-12-26,9:48:34.262671784,T,KO,F I,1,70.095
2025-12-26,9:48:34.268851543,T,KO,I,14,70.09
2025-12-26,9:48:34.269365747,T,KO,F I,31,70.09
2025-12-26,9:48:34.284485658,T,KO,F I,5,70.09
2025-12-26,9:48:43.498438920,T,KO,F I,26,70.085
2025-12-26,9:48:43.510891644,T,KO,F I,26,70.085
2025-12-26,9:48:43.521921872,T,KO,F I,3,70.085
2025-12-26,9:48:47.504240311,T,KO,I,26,70.07
2025-12-26,9:48:48.549012499,T,KO,I,1,70.075
2025-12-26,9:48:48.738517828,T,KO,I,50,70.07
2025-12-26,9:48:48.738520823,T,KO,I,25,70.07
2025-12-26,9:48:48.756428479,T,KO,F I,3,70.065
2025-12-26,9:48:48.756497754,T,KO,,100,70.065
2025-12-26,9:48:48.756500728,T,KO,I,41,70.065
2025-12-26,9:48:49.854102839,T,KO,I,1,70.06
2025-12-26,9:48:49.854105819,T,KO,I,1,70.06
2025-12-26,9:48:52.390986714,T,KO,F I,46,70.07
2025-12-26,9:48:52.402314646,T,KO,F I,5,70.065
2025-12-26,9:48:58.359649907,T,KO,F I,85,70.06
2025-12-26,9:48:58.359674668,T,KO,F I,15,70.06
2025-12-26,9:49:02.230559185,T,KO,I,1,70.05
2025-12-26,9:49:02.230583184,T,KO,I,50,70.05
2025-12-26,9:49:08.966517773,T,KO,,100,70.045
2025-12-26,9:49:10.568890125,T,KO,I,20,70.04
2025-12-26,9:49:11.043778076,T,KO,,100,70.03
2025-12-26,9:49:11.043973532,T,KO,I,70,70.03
2025-12-26,9:49:11.043982582,T,KO,F I,30,70.03
2025-12-26,9:49:16.340668372,T,KO,I,66,70.015
2025-12-26,9:49:16.341080295,T,KO,I,64,70.015
2025-12-26,9:49:18.950238456,T,KO,F I,3,70.02
2025-12-26,9:49:26.873782530,T,KO,F,100,70.03
2025-12-26,9:49:26.873785456,T,KO,F I,25,70.03
2025-12-26,9:49:26.873785456,T,KO,F,100,70.03
2025-12-26,9:49:26.873788510,T,KO,F I,90,70.03
2025-12-26,9:49:29.082305475,T,KO,I,75,70.025
2025-12-26,9:49:29.086076464,T,KO,I,75,70.025
2025-12-26,9:49:29.086638778,T,KO,F I,50,70.02
2025-12-26,9:49:29.087020699,T,KO,I,50,70.02
2025-12-26,9:49:29.087429679,T,KO,F I,30,70.02
2025-12-26,9:49:29.087444724,T,KO,F I,3,70.02
2025-12-26,9:49:29.087754797,T,KO,,100,70.025
2025-12-26,9:49:29.087754797,T,KO,,100,70.02
2025-12-26,9:49:29.087754797,T,KO,,100,70.02
2025-12-26,9:49:29.087760542,T,KO,I,30,70.02
2025-12-26,9:49:29.087760542,T,KO,I,3,70.02
2025-12-26,9:49:29.087760542,T,KO,I,5,70.02
2025-12-26,9:49:29.087775451,T,KO,I,1,70.02
2025-12-26,9:49:29.088088395,T,KO,F I,50,70.02
2025-12-26,9:49:29.089465560,T,KO,F,100,70.02
2025-12-26,9:49:29.089465560,T,KO,F I,30,70.02
2025-12-26,9:49:29.089468534,T,KO,F I,6,70.02
2025-12-26,9:49:29.089477547,T,KO,F I,33,70.02
2025-12-26,9:49:29.089483493,T,KO,I,1,70.02
2025-12-26,9:49:29.089522594,T,KO,F I,16,70.02
2025-12-26,9:49:29.089525693,T,KO,F I,34,70.02
2025-12-26,9:49:29.114320390,T,KO,F I,50,70.03
2025-12-26,9:49:29.114320390,T,KO,F I,50,70.03
2025-12-26,9:49:29.114334714,T,KO,F I,50,70.03
2025-12-26,9:49:35.938166705,T,KO,I,10,70.025
2025-12-26,9:49:35.938168697,T,KO,I,3,70.02
2025-12-26,9:49:35.938174961,T,KO,I,30,70.02
2025-12-26,9:49:35.938174961,T,KO,I,34,70.02
2025-12-26,9:49:35.938174961,T,KO,I,25,70.02
2025-12-26,9:49:35.938178028,T,KO,I,50,70.02
2025-12-26,9:49:35.938178028,T,KO,I,90,70.02
2025-12-26,9:49:35.938433271,T,KO,I,10,70.02
2025-12-26,9:49:35.938436349,T,KO,I,50,70.02
2025-12-26,9:49:35.965783736,T,KO,F I,32,70.02
2025-12-26,9:49:35.965783736,T,KO,F I,3,70.02
2025-12-26,9:49:35.966216700,T,KO,,100,70.02
2025-12-26,9:49:35.966219451,T,KO,I,32,70.02
2025-12-26,9:49:35.966222480,T,KO,I,32,70.02
2025-12-26,9:49:35.966222480,T,KO,,100,70.02
2025-12-26,9:49:35.975246942,T,KO,F I,25,70.02
2025-12-26,9:49:35.975246942,T,KO,F I,29,70.02
2025-12-26,9:49:35.975250020,T,KO,F I,26,70.02
2025-12-26,9:49:35.997551115,T,KO,F I,1,70.02
2025-12-26,9:49:37.042103775,T,KO,F I,5,70.02
2025-12-26,9:49:37.062793014,T,KO,F I,2,70.025
2025-12-26,9:49:37.073718056,T,KO,F I,1,70.025
2025-12-26,9:49:38.777112896,T,KO,I,18,70.02
2025-12-26,9:49:38.799143341,T,KO,I,78,70.025
2025-12-26,9:49:39.158445174,T,KO,I,10,70.025
2025-12-26,9:49:39.180674095,T,KO,I,1,70.025
2025-12-26,9:49:39.201934769,T,KO,I,1,70.025
2025-12-26,9:49:42.079776668,T,KO,F I,79,70.015
2025-12-26,9:49:42.106759968,T,KO,F I,1,70.015
2025-12-26,9:49:42.129454950,T,KO,F I,1,70.015
2025-12-26,9:49:43.644995524,T,KO,F I,2,70.015
2025-12-26,9:49:50.773024920,T,KO,F I,1,70.02
2025-12-26,9:49:50.775490734,T,KO,I,1,70.02
2025-12-26,9:49:50.806160784,T,KO,F I,13,70.02
2025-12-26,9:49:50.817576216,T,KO,F I,50,70.03
2025-12-26,9:49:50.817576216,T,KO,F I,1,70.03
2025-12-26,9:49:50.817597118,T,KO,I,99,70.03
2025-12-26,9:49:50.833526040,T,KO,F I,16,70.035
2025-12-26,9:49:50.853385365,T,KO,F I,2,70.035
2025-12-26,9:49:58.366977974,T,KO,I,1,70.025
2025-12-26,9:50:00.121311191,T,KO,I,10,70.025
2025-12-26,9:50:00.159944172,T,KO,F I,24,70.03
2025-12-26,9:50:01.669581617,T,KO,I,30,70.03
2025-12-26,9:50:01.670056656,T,KO,I,1,70.03
2025-12-26,9:50:01.793717240,T,KO,F I,50,70.03
2025-12-26,9:50:01.793720219,T,KO,F I,12,70.03
2025-12-26,9:50:02.235466335,T,KO,F I,22,70.035
2025-12-26,9:50:02.834941001,T,KO,F I,2,70.035
2025-12-26,9:50:02.912041660,T,KO,F I,18,70.04
2025-12-26,9:50:02.944792593,T,KO,F I,1,70.035
2025-12-26,9:50:03.568874982,T,KO,F I,50,70.03
2025-12-26,9:50:03.921512860,T,KO,I,2,70.025
2025-12-26,9:50:03.930152573,T,KO,I,1,70.025
2025-12-26,9:50:04.812267250,T,KO,,100,70.02
2025-12-26,9:50:04.812267250,T,KO,I,2,70.02
2025-12-26,9:50:04.827612805,T,KO,F I,31,70.02
2025-12-26,9:50:04.827616111,T,KO,F I,3,70.02
2025-12-26,9:50:04.827616111,T,KO,F I,25,70.02
2025-12-26,9:50:04.827618860,T,KO,F I,11,70.02
2025-12-26,9:50:07.473716859,T,KO,,100,70.025
2025-12-26,9:50:09.060506026,T,KO,I,14,70.03
2025-12-26,9:50:09.077941623,T,KO,F I,37,70.035
2025-12-26,9:50:12.670056693,T,KO,,100,70.035
2025-12-26,9:50:12.945753277,T,KO,F I,11,70.04
2025-12-26,9:50:12.955974656,T,KO,F I,1,70.04
2025-12-26,9:50:14.352127834,T,KO,F I,70,70.035
2025-12-26,9:50:14.352371342,T,KO,F I,17,70.03
2025-12-26,9:50:14.352374533,T,KO,F I,3,70.03
2025-12-26,9:50:14.352374533,T,KO,F I,50,70.03
2025-12-26,9:50:14.352413471,T,KO,I,25,70.03
2025-12-26,9:50:14.352459011,T,KO,I,31,70.03
2025-12-26,9:50:14.352461544,T,KO,I,3,70.03
2025-12-26,9:50:14.352464592,T,KO,I,50,70.03
2025-12-26,9:50:14.363500904,T,KO,F I,20,70.04
2025-12-26,9:50:14.363500904,T,KO,F I,70,70.04
2025-12-26,9:50:14.363521889,T,KO,I,1,70.04
2025-12-26,9:50:14.376061804,T,KO,F I,9,70.04
2025-12-26,9:50:16.228404396,T,KO,,100,70.035
2025-12-26,9:50:22.652403070,T,KO,I,1,70.04
2025-12-26,9:50:27.307531955,T,KO,I,10,70.04
2025-12-26,9:50:27.328747458,T,KO,I,1,70.04
2025-12-26,9:50:32.553748582,T,KO,F I,12,70.04
2025-12-26,9:50:32.573406431,T,KO,F I,22,70.05
2025-12-26,9:50:32.598627418,T,KO,F I,2,70.05
2025-12-26,9:50:32.612586679,T,KO,F I,1,70.045
2025-12-26,9:50:34.939877438,T,KO,F I,1,70.045
2025-12-26,9:50:34.960801357,T,KO,F I,1,70.045
2025-12-26,9:50:41.814309972,T,KO,,100,70.045
2025-12-26,9:50:41.827953382,T,KO,I,10,70.045
2025-12-26,9:50:41.839672340,T,KO,I,1,70.045
2025-12-26,9:50:45.629872316,T,KO,F I,31,70.04
2025-12-26,9:50:45.629872316,T,KO,F I,3,70.04
2025-12-26,9:50:45.648658022,T,KO,F I,36,70.04
2025-12-26,9:50:45.768884402,T,KO,,100,70.035
2025-12-26,9:50:46.428763900,T,KO,I,50,70.04
2025-12-26,9:50:46.432415119,T,KO,I,2,70.04
2025-12-26,9:50:46.432415119,T,KO,I,8,70.04
2025-12-26,9:50:46.450983912,T,KO,F I,25,70.045
2025-12-26,9:50:46.464032090,T,KO,F I,7,70.05
2025-12-26,9:50:46.478192684,T,KO,F I,1,70.05
2025-12-26,9:50:48.178700990,T,KO,F I,3,70.04
2025-12-26,9:50:48.178703716,T,KO,F I,50,70.04
2025-12-26,9:50:48.192738067,T,KO,F I,5,70.04
2025-12-26,9:50:48.207906231,T,KO,F I,1,70.04
2025-12-26,9:50:50.381897987,T,KO,F I,3,70.04
2025-12-26,9:50:50.381900920,T,KO,F I,80,70.04
2025-12-26,9:50:50.381903848,T,KO,F,100,70.04
2025-12-26,9:50:50.382367435,T,KO,,200,70.04
2025-12-26,9:50:50.382367435,T,KO,,100,70.04
2025-12-26,9:50:50.382370399,T,KO,I,29,70.04
2025-12-26,9:50:50.382373300,T,KO,I,6,70.04
2025-12-26,9:50:50.382373300,T,KO,,100,70.04
2025-12-26,9:50:50.382384976,T,KO,I,1,70.04
2025-12-26,9:50:50.382406421,T,KO,F,100,70.04
2025-12-26,9:50:50.382406421,T,KO,F I,25,70.04
2025-12-26,9:50:50.385104014,T,KO,F I,29,70.04
2025-12-26,9:50:50.385104014,T,KO,F I,29,70.04
2025-12-26,9:50:50.385106949,T,KO,F I,50,70.04
2025-12-26,9:50:50.385109495,T,KO,F I,25,70.04
2025-12-26,9:50:50.385109495,T,KO,F,100,70.04
2025-12-26,9:50:50.396618048,T,KO,F I,29,70.04
2025-12-26,9:50:50.396618048,T,KO,F I,16,70.04
2025-12-26,9:50:50.396618048,T,KO,F I,29,70.04
2025-12-26,9:50:50.399538337,T,KO,F,100,70.04
2025-12-26,9:50:50.399541074,T,KO,F I,29,70.04
2025-12-26,9:50:50.399543937,T,KO,F I,29,70.04
2025-12-26,9:50:50.399543937,T,KO,F I,50,70.04
2025-12-26,9:50:50.411365003,T,KO,I,22,70.04
2025-12-26,9:50:50.421390911,T,KO,I,2,70.04
2025-12-26,9:50:50.433233134,T,KO,I,1,70.04
2025-12-26,9:50:58.850390742,T,KO,I,1,70.035
2025-12-26,9:51:01.402482003,T,KO,F I,29,70.03
2025-12-26,9:51:01.402482003,T,KO,F I,20,70.03
2025-12-26,9:51:01.405113287,T,KO,,100,70.025
2025-12-26,9:51:01.405630508,T,KO,,100,70.025
2025-12-26,9:51:01.521875779,T,KO,F I,27,70.03
2025-12-26,9:51:01.521878397,T,KO,F I,50,70.03
2025-12-26,9:51:01.542399217,T,KO,F I,5,70.035
2025-12-26,9:51:02.898148086,T,KO,F I,27,70.03
2025-12-26,9:51:02.898151118,T,KO,F I,2,70.03
2025-12-26,9:51:02.921637085,T,KO,F I,3,70.03
2025-12-26,9:51:02.921637085,T,KO,F I,12,70.03
2025-12-26,9:51:03.709603720,T,KO,F I,12,70.04
2025-12-26,9:51:03.717022436,T,KO,F I,48,70.045
2025-12-26,9:51:04.203521011,T,KO,F I,3,70.04
2025-12-26,9:51:04.234470696,T,KO,F I,1,70.04
2025-12-26,9:51:05.615834598,T,KO,I,2,70.035
2025-12-26,9:51:08.659759150,T,KO,,100,70.035
2025-12-26,9:51:08.902990492,T,KO,,100,70.035
2025-12-26,9:51:10.470341390,T,KO,F I,1,70.03
2025-12-26,9:51:10.470810466,T,KO,F I,1,70.03
2025-12-26,9:51:10.485064362,T,KO,I,15,70.03
2025-12-26,9:51:10.485067370,T,KO,,100,70.03
2025-12-26,9:51:10.485133592,T,KO,F I,28,70.03
2025-12-26,9:51:10.486158080,T,KO,,121,70.03
2025-12-26,9:51:10.489818795,T,KO,I,15,70.03
2025-12-26,9:51:10.505173270,T,KO,I,3,70.03
2025-12-26,9:51:10.560995311,T,KO,F I,20,70.03
2025-12-26,9:51:10.561413203,T,KO,F I,80,70.03
2025-12-26,9:51:10.712330654,T,KO,F I,53,70.04
2025-12-26,9:51:13.287619065,T,KO,,100,70.035
2025-12-26,9:51:15.556730239,T,KO,I,15,70.03
2025-12-26,9:51:15.556730239,T,KO,I,28,70.03
2025-12-26,9:51:15.586368898,T,KO,F I,28,70.03
2025-12-26,9:51:15.586371872,T,KO,F I,15,70.03
2025-12-26,9:51:15.586940242,T,KO,,100,70.03
2025-12-26,9:51:15.586943387,T,KO,I,28,70.03
2025-12-26,9:51:15.586943387,T,KO,,100,70.03
2025-12-26,9:51:15.601967136,T,KO,F,100,70.03
2025-12-26,9:51:15.601967136,T,KO,F I,28,70.03
2025-12-26,9:51:15.601970087,T,KO,F I,9,70.03
2025-12-26,9:51:15.601970087,T,KO,F I,11,70.03
2025-12-26,9:51:15.601988246,T,KO,I,1,70.03
2025-12-26,9:51:15.627386619,T,KO,F I,15,70.03
2025-12-26,9:51:32.002063119,T,KO,I,28,70.03
2025-12-26,9:51:32.002063119,T,KO,I,12,70.03
2025-12-26,9:51:32.021955537,T,KO,,100,70.025
2025-12-26,9:51:33.945570859,T,KO,I,12,70.03
2025-12-26,9:51:33.965168565,T,KO,F I,2,70.04
2025-12-26,9:51:34.065021373,T,KO,F I,50,70.035
2025-12-26,9:51:35.201890961,T,KO,F I,3,70.04
2025-12-26,9:51:35.201951047,T,KO,I,42,70.04
2025-12-26,9:51:35.201954075,T,KO,I,58,70.04
2025-12-26,9:51:35.201972104,T,KO,I,1,70.04
2025-12-26,9:51:35.208972786,T,KO,I,26,70.04
2025-12-26,9:51:35.787126736,T,KO,I,13,70.04
2025-12-26,9:51:37.749579666,T,KO,I,10,70.035
2025-12-26,9:51:48.907025706,T,KO,I,4,70.03
2025-12-26,9:52:03.107391856,T,KO,F I,1,70.03
2025-12-26,9:52:03.310294095,T,KO,I,1,70.025
2025-12-26,9:52:11.803992923,T,KO,I,57,70.015
2025-12-26,9:52:13.853972267,T,KO,,100,70.025
2025-12-26,9:52:13.866238539,T,KO,,130,70.025
2025-12-26,9:52:13.868842635,T,KO,,126,70.025
2025-12-26,9:52:23.696386342,T,KO,,100,70.025
2025-12-26,9:52:24.965159128,T,KO,,100,70.035
2025-12-26,9:52:24.973714459,T,KO,,100,70.035
2025-12-26,9:52:29.021417633,T,KO,,100,70.03
2025-12-26,9:52:35.141825235,T,KO,I,3,70.025
2025-12-26,9:52:37.760287557,T,KO,I,7,70.025
2025-12-26,9:52:37.760696517,T,KO,,100,70.025
2025-12-26,9:52:37.896848796,T,KO,I,23,70.025
2025-12-26,9:52:37.906414529,T,KO,I,1,70.025
2025-12-26,9:52:40.987038845,T,KO,,100,70.025
2025-12-26,9:52:46.011050016,T,KO,I,2,70.03
2025-12-26,9:52:46.011053139,T,KO,,100,70.03
2025-12-26,9:52:46.011053139,T,KO,I,3,70.03
2025-12-26,9:52:46.011055999,T,KO,F I,23,70.03
2025-12-26,9:52:46.011058945,T,KO,F I,4,70.03
2025-12-26,9:52:46.627088269,T,KO,,130,70.035
2025-12-26,9:52:47.109030997,T,KO,,100,70.035
2025-12-26,9:52:48.123178274,T,KO,F I,53,70.045
2025-12-26,9:52:48.125752355,T,KO,,200,70.045
2025-12-26,9:52:48.145118529,T,KO,F I,26,70.045
2025-12-26,9:52:48.149223261,T,KO,F I,2,70.045
2025-12-26,9:52:50.533893714,T,KO,,130,70.045
2025-12-26,9:52:50.560537133,T,KO,F I,44,70.05
2025-12-26,9:52:50.572180825,T,KO,F I,5,70.05
2025-12-26,9:52:55.034000282,T,KO,F I,20,70.05
2025-12-26,9:52:55.034003392,T,KO,F,100,70.05
2025-12-26,9:52:55.034006415,T,KO,F,100,70.05
2025-12-26,9:52:55.034006415,T,KO,F,100,70.05
2025-12-26,9:52:55.034301024,T,KO,F I,24,70.05
2025-12-26,9:52:55.058956741,T,KO,F I,40,70.055
2025-12-26,9:52:55.074750432,T,KO,F I,14,70.055
2025-12-26,9:52:55.084087680,T,KO,F I,1,70.055
2025-12-26,9:52:56.503868069,T,KO,,300,70.055
2025-12-26,9:52:56.503910565,T,KO,F I,30,70.055
2025-12-26,9:52:56.503913760,T,KO,F I,35,70.06
2025-12-26,9:52:56.504165714,T,KO,F I,5,70.06
2025-12-26,9:52:56.504231874,T,KO,F I,3,70.06
2025-12-26,9:52:56.504658941,T,KO,I,21,70.06
2025-12-26,9:52:56.516332671,T,KO,F,100,70.065
2025-12-26,9:52:56.516347917,T,KO,F I,30,70.065
2025-12-26,9:52:56.516347917,T,KO,F I,3,70.07
2025-12-26,9:52:56.526776653,T,KO,F I,14,70.07
2025-12-26,9:52:56.537812836,T,KO,F I,1,70.07
2025-12-26,9:52:56.537840195,T,KO,I,35,70.07
2025-12-26,9:52:56.537840195,T,KO,I,73,70.07
2025-12-26,9:52:56.537861022,T,KO,I,1,70.07
2025-12-26,9:52:56.537897612,T,KO,I,26,70.07
2025-12-26,9:53:01.095611871,T,KO,,100,70.065
2025-12-26,9:53:01.095611871,T,KO,I,75,70.06
2025-12-26,9:53:01.095636404,T,KO,I,25,70.06
2025-12-26,9:53:01.095638982,T,KO,I,50,70.06
2025-12-26,9:53:01.095681008,T,KO,,100,70.06
2025-12-26,9:53:01.095714646,T,KO,I,41,70.06
2025-12-26,9:53:01.095714646,T,KO,I,59,70.06
2025-12-26,9:53:01.095765300,T,KO,I,50,70.06
2025-12-26,9:53:01.095903975,T,KO,F I,41,70.06
2025-12-26,9:53:01.095903975,T,KO,F I,50,70.06
2025-12-26,9:53:01.096171358,T,KO,F,130,70.06
2025-12-26,9:53:01.096249392,T,KO,I,41,70.06
2025-12-26,9:53:01.096249392,T,KO,,100,70.06
2025-12-26,9:53:01.096252482,T,KO,I,8,70.06
2025-12-26,9:53:01.097464344,T,KO,,300,70.055
2025-12-26,9:53:01.120255551,T,KO,F,100,70.055
2025-12-26,9:53:01.120267641,T,KO,F I,41,70.06
2025-12-26,9:53:01.120267641,T,KO,F I,24,70.06
2025-12-26,9:53:01.132798507,T,KO,F I,73,70.055
2025-12-26,9:53:01.132864562,T,KO,I,10,70.055
2025-12-26,9:53:01.135375667,T,KO,,300,70.055
2025-12-26,9:53:01.137781738,T,KO,F I,50,70.05
2025-12-26,9:53:01.137784830,T,KO,F,100,70.05
2025-12-26,9:53:01.137787329,T,KO,F I,41,70.05
2025-12-26,9:53:01.137787329,T,KO,F I,50,70.05
2025-12-26,9:53:01.137796522,T,KO,F,241,70.05
2025-12-26,9:53:01.137799340,T,KO,F,159,70.05
2025-12-26,9:53:01.138397765,T,KO,I,26,70.05
2025-12-26,9:53:01.138401541,T,KO,I,24,70.05
2025-12-26,9:53:01.138404165,T,KO,,100,70.05
2025-12-26,9:53:01.138407339,T,KO,I,41,70.05
2025-12-26,9:53:01.138410444,T,KO,,100,70.05
2025-12-26,9:53:01.138413986,T,KO,,100,70.055
2025-12-26,9:53:01.138413986,T,KO,I,15,70.06
2025-12-26,9:53:01.138415930,T,KO,I,60,70.06
2025-12-26,9:53:01.138419172,T,KO,I,25,70.06
2025-12-26,9:53:01.138419172,T,KO,I,50,70.06
2025-12-26,9:53:01.138421916,T,KO,I,66,70.06
2025-12-26,9:53:01.138424873,T,KO,I,42,70.06
2025-12-26,9:53:01.138424873,T,KO,I,5,70.06
2025-12-26,9:53:01.138452012,T,KO,I,1,70.05
2025-12-26,9:53:01.138490982,T,KO,I,41,70.05
2025-12-26,9:53:01.138593893,T,KO,F I,9,70.05
2025-12-26,9:53:01.138593893,T,KO,F I,21,70.05
2025-12-26,9:53:01.138614349,T,KO,I,9,70.05
2025-12-26,9:53:01.138654544,T,KO,F I,9,70.05
2025-12-26,9:53:01.138654544,T,KO,I,2,70.05
2025-12-26,9:53:01.138656386,T,KO,,100,70.05
2025-12-26,9:53:01.138659455,T,KO,I,99,70.05
2025-12-26,9:53:01.144692479,T,KO,F I,50,70.06
2025-12-26,9:53:01.174177009,T,KO,F I,39,70.07
2025-12-26,9:53:01.174177009,T,KO,F I,61,70.07
2025-12-26,9:53:01.174555947,T,KO,F I,39,70.07
2025-12-26,9:53:01.183902229,T,KO,F,200,70.075
2025-12-26,9:53:01.183917159,T,KO,F I,16,70.075
2025-12-26,9:53:01.183989876,T,KO,F,100,70.07
2025-12-26,9:53:01.183989876,T,KO,F,100,70.07
2025-12-26,9:53:01.183998469,T,KO,F I,41,70.07
2025-12-26,9:53:01.183998469,T,KO,F I,41,70.07
2025-12-26,9:53:01.183998469,T,KO,F I,5,70.07
2025-12-26,9:53:01.184010827,T,KO,I,1,70.07
2025-12-26,9:53:01.184635955,T,KO,I,38,70.07
2025-12-26,9:53:01.259387957,T,KO,F I,66,70.065
2025-12-26,9:53:01.283033218,T,KO,F I,7,70.065
2025-12-26,9:53:04.820854044,T,KO,F I,6,70.07
2025-12-26,9:53:08.870187175,T,KO,I,1,70.065
2025-12-26,9:53:08.884925197,T,KO,F I,1,70.065
2025-12-26,9:53:08.886022845,T,KO,I,61,70.06
2025-12-26,9:53:08.886032388,T,KO,F I,39,70.06
2025-12-26,9:53:08.886034894,T,KO,F I,10,70.06
2025-12-26,9:53:08.901566892,T,KO,F I,92,70.055
2025-12-26,9:53:19.055222101,T,KO,I,1,70.045
2025-12-26,9:53:19.203370107,T,KO,,100,70.045
2025-12-26,9:53:19.207366479,T,KO,F I,10,70.05
2025-12-26,9:53:19.219407183,T,KO,F I,1,70.05
2025-12-26,9:53:19.231480919,T,KO,F I,1,70.05
2025-12-26,9:53:21.922596295,T,KO,F I,23,70.05
2025-12-26,9:53:21.922599247,T,KO,F,100,70.05
2025-12-26,9:53:21.922602945,T,KO,F,599,70.05
2025-12-26,9:53:21.922900004,T,KO,F I,26,70.05
2025-12-26,9:53:27.159147845,T,KO,I,52,70.055
2025-12-26,9:53:27.183060751,T,KO,F I,5,70.055
2025-12-26,9:53:27.193766213,T,KO,F I,1,70.055
2025-12-26,9:53:28.839910752,T,KO,I,39,70.055
2025-12-26,9:53:28.855220300,T,KO,F I,3,70.055
2025-12-26,9:53:28.865077678,T,KO,F I,1,70.055
2025-12-26,9:53:30.147887953,T,KO,I,29,70.055
2025-12-26,9:53:30.167945677,T,KO,F I,3,70.055
2025-12-26,9:53:36.692458709,T,KO,F,100,70.06
2025-12-26,9:53:36.692462050,T,KO,F,100,70.06
2025-12-26,9:53:39.156849049,T,KO,I,5,70.065
2025-12-26,9:53:39.985075521,T,KO,,100,70.06
2025-12-26,9:53:43.459087459,T,KO,I,60,70.06
2025-12-26,9:53:49.331347010,T,KO,F I,19,70.075
2025-12-26,9:53:49.342885474,T,KO,F I,2,70.075
2025-12-26,9:53:52.263486205,T,KO,F I,20,70.07
2025-12-26,9:53:54.196775581,T,KO,F I,25,70.075
2025-12-26,9:53:54.219004495,T,KO,F I,2,70.075
2025-12-26,9:53:54.482994261,T,KO,F I,27,70.075
2025-12-26,9:53:54.504080524,T,KO,F I,3,70.075
2025-12-26,9:53:58.486687518,T,KO,F I,13,70.075
2025-12-26,9:53:58.510014100,T,KO,F I,2,70.075
2025-12-26,9:53:59.487164277,T,KO,F I,8,70.075
2025-12-26,9:53:59.508984323,T,KO,F I,1,70.075
2025-12-26,9:54:00.142921085,T,KO,F,211,70.06
2025-12-26,9:54:00.142942177,T,KO,F,289,70.06
2025-12-26,9:54:00.150541316,T,KO,I,1,70.055
2025-12-26,9:54:13.129434252,T,KO,I,10,70.065
2025-12-26,9:54:13.153047105,T,KO,I,1,70.065
2025-12-26,9:54:13.171856305,T,KO,I,1,70.065
2025-12-26,9:54:14.089398577,T,KO,I,60,70.06
2025-12-26,9:54:14.094333246,T,KO,F I,2,70.05
2025-12-26,9:54:14.094336283,T,KO,F I,25,70.05
2025-12-26,9:54:14.094366617,T,KO,F I,27,70.05
2025-12-26,9:54:14.094823400,T,KO,,100,70.05
2025-12-26,9:54:14.094826682,T,KO,I,44,70.05
2025-12-26,9:54:14.094826682,T,KO,,100,70.05
2025-12-26,9:54:14.112692051,T,KO,F I,44,70.06
2025-12-26,9:54:14.123123844,T,KO,F I,25,70.065
2025-12-26,9:54:14.135221643,T,KO,F I,2,70.065
2025-12-26,9:54:14.437967711,T,KO,F I,44,70.06
2025-12-26,9:54:14.437967711,T,KO,F I,10,70.06
2025-12-26,9:54:14.454501115,T,KO,F I,6,70.06
2025-12-26,9:54:14.531758115,T,KO,F I,22,70.065
2025-12-26,9:54:14.543711546,T,KO,F I,3,70.065
2025-12-26,9:54:18.389345507,T,KO,F I,2,70.065
2025-12-26,9:54:20.908893986,T,KO,F,328,70.065
2025-12-26,9:54:20.908893986,T,KO,F I,20,70.07
2025-12-26,9:54:20.908897070,T,KO,F,100,70.07
2025-12-26,9:54:20.908897070,T,KO,F,100,70.07
2025-12-26,9:54:20.908899128,T,KO,F I,25,70.07
2025-12-26,9:54:20.908902175,T,KO,F,100,70.07
2025-12-26,9:54:20.908902175,T,KO,F I,90,70.07
2025-12-26,9:54:20.909479514,T,KO,F,100,70.07
2025-12-26,9:54:20.909483032,T,KO,F I,42,70.07
2025-12-26,9:54:20.909483032,T,KO,F I,18,70.07
2025-12-26,9:54:20.909486263,T,KO,F I,40,70.07
2025-12-26,9:54:20.928021744,T,KO,F I,96,70.065
2025-12-26,9:54:20.940098491,T,KO,F I,10,70.065
2025-12-26,9:54:20.950082221,T,KO,F I,1,70.065
2025-12-26,9:54:30.093695025,T,KO,F I,71,70.07
2025-12-26,9:54:30.093701135,T,KO,F I,18,70.07
2025-12-26,9:54:30.093701135,T,KO,F I,2,70.07
2025-12-26,9:54:30.093704200,T,KO,F I,40,70.07
2025-12-26,9:54:30.093707089,T,KO,F,100,70.07
2025-12-26,9:54:30.093716573,T,KO,F,100,70.07
2025-12-26,9:54:30.116444259,T,KO,I,1,70.075
2025-12-26,9:54:30.124079460,T,KO,F I,59,70.075
2025-12-26,9:54:30.135205883,T,KO,F I,6,70.075
2025-12-26,9:54:34.086255929,T,KO,F I,6,70.075
2025-12-26,9:54:34.109570394,T,KO,F I,1,70.075
2025-12-26,9:55:06.352318992,T,KO,,130,70.065
2025-12-26,9:55:12.926600801,T,KO,I,1,70.065
2025-12-26,9:55:12.928029072,T,KO,F I,1,70.07
2025-12-26,9:55:13.865229164,T,KO,I,2,70.065
2025-12-26,9:55:14.520086826,T,KO,I,23,70.07
2025-12-26,9:55:15.686994892,T,KO,F I,10,70.07
2025-12-26,9:55:25.565777680,T,KO,F I,40,70.07
2025-12-26,9:55:49.780567612,T,KO,F,100,70.065
2025-12-26,9:55:49.780567612,T,KO,F,100,70.07
2025-12-26,9:55:49.780570740,T,KO,F I,25,70.07
2025-12-26,9:55:49.780573610,T,KO,F,100,70.07
2025-12-26,9:55:49.780573610,T,KO,F I,3,70.07
2025-12-26,9:55:49.781193169,T,KO,,100,70.07
2025-12-26,9:55:49.781824620,T,KO,F,100,70.06
2025-12-26,9:55:49.781824620,T,KO,F I,37,70.06
2025-12-26,9:55:49.783229343,T,KO,F I,37,70.06
2025-12-26,9:55:49.783232132,T,KO,F I,17,70.06
2025-12-26,9:55:49.783236153,T,KO,F I,37,70.06
2025-12-26,9:55:49.783236153,T,KO,F I,9,70.06
2025-12-26,9:55:49.783237952,T,KO,F I,11,70.06
2025-12-26,9:55:49.783241053,T,KO,F I,17,70.06
2025-12-26,9:55:49.800902030,T,KO,F I,37,70.06
2025-12-26,9:55:49.800902030,T,KO,F I,9,70.06
2025-12-26,9:55:49.810070952,T,KO,I,16,70.065
2025-12-26,9:55:49.821603395,T,KO,I,2,70.065
2025-12-26,9:55:50.204616529,T,KO,F I,10,70.065
2025-12-26,9:55:50.215767162,T,KO,F I,1,70.065
2025-12-26,9:55:59.383533547,T,KO,,100,70.065
2025-12-26,9:56:03.081476654,T,KO,F I,8,70.065
2025-12-26,9:56:05.288784669,T,KO,I,25,70.06
2025-12-26,9:56:05.288787653,T,KO,I,4,70.06
2025-12-26,9:56:10.510279409,T,KO,I,3,70.045
2025-12-26,9:56:11.954087096,T,KO,F I,8,70.05
2025-12-26,9:56:11.954435964,T,KO,F I,18,70.05
2025-12-26,9:56:30.212104372,T,KO,I,60,70.05
2025-12-26,9:56:30.212104372,T,KO,I,25,70.05
2025-12-26,9:56:30.212128168,T,KO,I,22,70.05
2025-12-26,9:56:37.201334889,T,KO,F I,5,70.055
2025-12-26,9:56:37.223106749,T,KO,F I,1,70.055
2025-12-26,9:56:39.039171018,T,KO,F I,72,70.05
2025-12-26,9:56:39.070716116,T,KO,F I,18,70.05
2025-12-26,9:56:39.070737175,T,KO,F I,13,70.05
2025-12-26,9:56:39.070740167,T,KO,F I,17,70.05
2025-12-26,9:56:39.070743137,T,KO,F,100,70.05
2025-12-26,9:56:39.070746753,T,KO,F I,25,70.05
2025-12-26,9:56:39.070761921,T,KO,I,1,70.05
2025-12-26,9:56:49.632362851,T,KO,I,17,70.05
2025-12-26,9:56:49.632368210,T,KO,I,18,70.05
2025-12-26,9:56:49.632368210,T,KO,I,13,70.05
2025-12-26,9:56:52.620139991,T,KO,F I,25,70.04
2025-12-26,9:56:52.620158087,T,KO,F I,25,70.04
2025-12-26,9:56:52.620161897,T,KO,I,14,70.04
2025-12-26,9:56:52.620161897,T,KO,I,11,70.04
2025-12-26,9:56:52.620164227,T,KO,F I,2,70.04
2025-12-26,9:56:55.342036530,T,KO,F I,25,70.02
2025-12-26,9:56:55.342039643,T,KO,F I,25,70.02
2025-12-26,9:56:55.342039643,T,KO,F I,50,70.02
2025-12-26,9:57:00.185516010,T,KO,I,4,70.015
2025-12-26,9:57:02.406028503,T,KO,I,2,70.015
2025-12-26,9:57:02.455706814,T,KO,I,12,70.015
2025-12-26,9:57:09.073177206,T,KO,F,100,70.025
2025-12-26,9:57:09.073189219,T,KO,F I,16,70.025
2025-12-26,9:57:09.086059907,T,KO,F I,11,70.03
2025-12-26,9:57:09.282701597,T,KO,I,89,70.03
2025-12-26,9:57:09.282701597,T,KO,I,11,70.03
2025-12-26,9:57:09.305023398,T,KO,I,70,70.035
2025-12-26,9:57:13.828173946,T,KO,I,26,70.03
2025-12-26,9:57:15.083390408,T,KO,F I,25,70.025
2025-12-26,9:57:40.943218436,T,KO,,100,70.025
2025-12-26,9:57:45.067908020,T,KO,F I,10,70.03
2025-12-26,9:57:45.096915045,T,KO,F I,21,70.03
2025-12-26,9:57:45.118858306,T,KO,F I,2,70.03
2025-12-26,9:57:50.131502706,T,KO,I,4,70.025
2025-12-26,9:57:51.243869866,T,KO,,100,70.025
2025-12-26,9:57:51.262712768,T,KO,F I,10,70.03
2025-12-26,9:57:51.274031727,T,KO,F I,1,70.03
2025-12-26,9:57:51.284304232,T,KO,F I,1,70.03
2025-12-26,9:57:55.513652064,T,KO,F I,25,70.03
2025-12-26,9:57:57.067566959,T,KO,F I,2,70.03
2025-12-26,9:58:13.820333967,T,KO,I,1,70.02
2025-12-26,9:58:13.820333967,T,KO,I,3,70.02
2025-12-26,9:58:17.595128180,T,KO,I,1,70.01
2025-12-26,9:58:17.595152267,T,KO,I,4,70.01
2025-12-26,9:58:21.016544725,T,KO,F I,40,70.01
2025-12-26,9:58:21.016547970,T,KO,F I,5,70.01
2025-12-26,9:58:21.016563561,T,KO,F I,95,70.01
2025-12-26,9:58:21.016569552,T,KO,F,578,70.01
2025-12-26,9:58:21.016569552,T,KO,F I,5,70.01
2025-12-26,9:58:21.016589864,T,KO,I,1,70.01
2025-12-26,9:58:21.016592803,T,KO,I,25,70.01
2025-12-26,9:58:24.661285173,T,KO,F I,5,70.01
2025-12-26,9:58:43.625804896,T,KO,,100,70.005
2025-12-26,9:58:44.630413795,T,KO,F I,25,70.01
2025-12-26,9:58:44.630428569,T,KO,F,100,70.01
2025-12-26,9:58:56.435181328,T,KO,I,2,70.015
2025-12-26,9:59:00.082817746,T,KO,F I,64,70.02
2025-12-26,9:59:11.377324211,T,KO,F I,36,70.02
2025-12-26,9:59:11.395352083,T,KO,F I,86,70.025
2025-12-26,9:59:11.396094876,T,KO,I,20,70.025
2025-12-26,9:59:11.396097880,T,KO,,140,70.025
2025-12-26,9:59:11.398605842,T,KO,,140,70.025
2025-12-26,9:59:11.408276923,T,KO,F I,38,70.03
2025-12-26,9:59:39.303072343,T,KO,F I,2,70.03
2025-12-26,9:59:39.303072343,T,KO,F I,18,70.03
2025-12-26,9:59:39.325872673,T,KO,F I,2,70.03
2025-12-26,9:59:40.215424519,T,KO,I,80,70.03
2025-12-26,9:59:40.215424519,T,KO,I,2,70.03
2025-12-26,9:59:40.216230123,T,KO,,100,70.03
2025-12-26,9:59:40.233584496,T,KO,F,100,70.035
2025-12-26,9:59:40.233596544,T,KO,F I,1,70.04
2025-12-26,9:59:50.580176442,T,KO,F I,2,70.035
2025-12-26,10:00:00.081328721,T,KO,F,138,70.035
2025-12-26,10:00:00.081328721,T,KO,F I,4,70.04
2025-12-26,10:00:00.081331702,T,KO,F,100,70.04
2025-12-26,10:00:00.081334726,T,KO,F I,44,70.04
2025-12-26,10:00:00.081346861,T,KO,I,1,70.04
2025-12-26,10:00:00.204751973,T,KO,I,12,70.03
2025-12-26,10:00:00.204751973,T,KO,I,1,70.03
2025-12-26,10:00:00.473285226,T,KO,F,100,70.02
2025-12-26,10:00:00.473306316,T,KO,F I,25,70.02
2025-12-26,10:00:00.473561948,T,KO,F I,31,70.02
2025-12-26,10:00:00.482851055,T,KO,F I,37,70.025
2025-12-26,10:00:00.666447269,T,KO,I,1,70.025
2025-12-26,10:00:00.666447269,T,KO,I,99,70.025
2025-12-26,10:00:01.494550525,T,KO,F I,15,70.04
2025-12-26,10:00:01.506789686,T,KO,F I,2,70.04
2025-12-26,10:00:05.208883638,T,KO,F I,11,70.03
2025-12-26,10:00:05.208883638,T,KO,F I,20,70.03
2025-12-26,10:00:05.248372805,T,KO,F I,37,70.03
2025-12-26,10:00:05.314590445,T,KO,F I,8,70.03
2025-12-26,10:00:05.314593522,T,KO,F I,11,70.03
2025-12-26,10:00:05.355496940,T,KO,I,1,70.03
2025-12-26,10:00:05.355496940,T,KO,I,1,70.03
2025-12-26,10:00:06.830010690,T,KO,F I,21,70.03
2025-12-26,10:00:06.842000659,T,KO,,100,70.03
2025-12-26,10:00:06.842243761,T,KO,F,100,70.03
2025-12-26,10:00:07.256684864,T,KO,F,100,70.02
2025-12-26,10:00:07.280679335,T,KO,F I,32,70.02
2025-12-26,10:00:07.280682036,T,KO,F I,16,70.02
2025-12-26,10:00:07.280685053,T,KO,F I,52,70.02
2025-12-26,10:00:07.280700625,T,KO,F I,67,70.02
2025-12-26,10:00:07.280968043,T,KO,,100,70.02
2025-12-26,10:00:07.280968043,T,KO,,100,70.02
2025-12-26,10:00:07.280970747,T,KO,I,16,70.02
2025-12-26,10:00:07.280975178,T,KO,I,25,70.02
2025-12-26,10:00:07.280975178,T,KO,I,33,70.02
2025-12-26,10:00:07.280980715,T,KO,I,32,70.02
2025-12-26,10:00:07.280980715,T,KO,I,32,70.02
2025-12-26,10:00:07.280980715,T,KO,I,23,70.02
2025-12-26,10:00:07.280982943,T,KO,,100,70.015
2025-12-26,10:00:07.280986959,T,KO,,100,70.015
2025-12-26,10:00:07.280986959,T,KO,I,25,70.01
2025-12-26,10:00:07.280992161,T,KO,,100,70.01
2025-12-26,10:00:07.280992161,T,KO,I,18,70.01
2025-12-26,10:00:07.280992161,T,KO,I,1,70.02
2025-12-26,10:00:07.281030863,T,KO,F I,50,70.02
2025-12-26,10:00:07.290948446,T,KO,F,140,70.025
2025-12-26,10:00:07.290948446,T,KO,F I,45,70.025
2025-12-26,10:00:08.272402003,T,KO,F,100,70.02
2025-12-26,10:00:08.308794842,T,KO,F I,39,70.015
2025-12-26,10:00:08.322928354,T,KO,F I,3,70.015
2025-12-26,10:00:08.336647037,T,KO,F I,1,70.015
2025-12-26,10:00:09.080832462,T,KO,F I,10,70.02
2025-12-26,10:00:09.080850413,T,KO,F I,22,70.02
2025-12-26,10:00:09.080853856,T,KO,F I,33,70.02
2025-12-26,10:00:09.080856439,T,KO,F I,34,70.02
2025-12-26,10:00:09.080856439,T,KO,F I,1,70.02
2025-12-26,10:00:09.103629709,T,KO,F I,30,70.025
2025-12-26,10:00:12.143335071,T,KO,F I,50,70.03
2025-12-26,10:00:12.143960914,T,KO,,100,70.035
2025-12-26,10:00:12.143963628,T,KO,,100,70.03
2025-12-26,10:00:12.143967007,T,KO,I,64,70.03
2025-12-26,10:00:12.143967007,T,KO,,100,70.03
2025-12-26,10:00:12.143969651,T,KO,I,33,70.03
2025-12-26,10:00:12.143969651,T,KO,I,20,70.03
2025-12-26,10:00:12.143981861,T,KO,I,1,70.03
2025-12-26,10:00:12.144093074,T,KO,I,25,70.03
2025-12-26,10:00:12.144096163,T,KO,I,59,70.03
2025-12-26,10:00:12.144096163,T,KO,I,16,70.03
2025-12-26,10:00:12.144123025,T,KO,F I,17,70.03
2025-12-26,10:00:12.144126029,T,KO,F I,11,70.03
2025-12-26,10:00:12.144126029,T,KO,F I,14,70.03
2025-12-26,10:00:12.158512244,T,KO,F I,26,70.03
2025-12-26,10:00:12.158515384,T,KO,F,100,70.035
2025-12-26,10:00:12.158515384,T,KO,F,100,70.035
2025-12-26,10:00:12.158518298,T,KO,F,125,70.035
2025-12-26,10:00:14.117047395,T,KO,F I,20,70.03
2025-12-26,10:00:14.117047395,T,KO,F I,6,70.03
2025-12-26,10:00:14.117050245,T,KO,F,100,70.03
2025-12-26,10:00:14.120775608,T,KO,I,74,70.025
2025-12-26,10:00:14.148249094,T,KO,I,72,70.025
2025-12-26,10:00:14.166298074,T,KO,I,7,70.025
2025-12-26,10:00:26.413452445,T,KO,I,2,70.025
2025-12-26,10:00:41.704669804,T,KO,F I,59,70.02
2025-12-26,10:00:41.704669804,T,KO,F I,5,70.02
2025-12-26,10:00:41.718698185,T,KO,F I,62,70.015
2025-12-26,10:00:41.730381016,T,KO,F I,6,70.015
2025-12-26,10:00:41.742075781,T,KO,F I,1,70.015
2025-12-26,10:00:49.343718140,T,KO,I,1,70.015
2025-12-26,10:01:00.766498294,T,KO,I,12,70.015
2025-12-26,10:01:00.766498294,T,KO,F I,12,70.015
2025-12-26,10:01:00.766501461,T,KO,F I,12,70.015
2025-12-26,10:01:00.766501461,T,KO,F I,12,70.015
2025-12-26,10:01:00.766507335,T,KO,I,12,70.015
2025-12-26,10:01:00.766510421,T,KO,I,12,70.015
2025-12-26,10:01:00.766513339,T,KO,I,12,70.015
2025-12-26,10:01:00.766516250,T,KO,I,12,70.015
2025-12-26,10:01:00.766609536,T,KO,F I,12,70.015
2025-12-26,10:01:00.766871182,T,KO,I,12,70.01
2025-12-26,10:01:00.767078634,T,KO,I,12,70.01
2025-12-26,10:01:00.767111759,T,KO,I,88,70.01
2025-12-26,10:01:00.767114793,T,KO,I,40,70.01
2025-12-26,10:01:00.767117794,T,KO,I,12,70.01
2025-12-26,10:01:00.767132810,T,KO,I,1,70.01
2025-12-26,10:01:00.767138816,T,KO,I,40,70.01
2025-12-26,10:01:00.767144801,T,KO,I,7,70.01
2025-12-26,10:01:00.767517686,T,KO,F I,33,70.01
2025-12-26,10:01:00.767521885,T,KO,F,100,70.01
2025-12-26,10:01:00.767523648,T,KO,F I,47,70.01
2025-12-26,10:01:00.767527428,T,KO,F I,19,70.01
2025-12-26,10:01:00.767527428,T,KO,F I,17,70.01
2025-12-26,10:01:00.767529758,T,KO,F I,50,70.01
2025-12-26,10:01:00.798296528,T,KO,I,36,70.01
2025-12-26,10:01:00.798299720,T,KO,,100,70.01
2025-12-26,10:01:00.798302220,T,KO,I,32,70.01
2025-12-26,10:01:00.798302220,T,KO,I,33,70.01
2025-12-26,10:01:00.802518173,T,KO,F I,78,70.01
2025-12-26,10:01:02.025647946,T,KO,,140,70.005
2025-12-26,10:01:02.050742802,T,KO,I,14,70.01
2025-12-26,10:01:02.074833106,T,KO,I,2,70.01
2025-12-26,10:01:03.209684878,T,KO,,100,70.005
2025-12-26,10:01:03.226082999,T,KO,I,10,70.005
2025-12-26,10:01:03.238316109,T,KO,I,1,70.005
2025-12-26,10:01:10.246068123,T,KO,F I,1,70.005
2025-12-26,10:01:20.152968216,T,KO,,100,70.0
2025-12-26,10:01:20.152987108,T,KO,I,1,70.0
2025-12-26,10:01:20.152993579,T,KO,I,1,70.0
2025-12-26,10:01:20.152993579,T,KO,I,50,70.0
2025-12-26,10:01:20.152998197,T,KO,I,2,70.0
2025-12-26,10:01:20.159947597,T,KO,F,100,70.0
2025-12-26,10:01:20.159947597,T,KO,F I,15,70.0
2025-12-26,10:01:20.159969342,T,KO,I,1,70.0
2025-12-26,10:01:20.160194301,T,KO,F I,17,70.0
2025-12-26,10:01:20.160194301,T,KO,F I,39,70.0
2025-12-26,10:01:20.160196918,T,KO,F I,14,70.0
2025-12-26,10:01:20.160383398,T,KO,,100,70.0
2025-12-26,10:01:20.160383398,T,KO,,100,70.0
2025-12-26,10:01:20.160390556,T,KO,I,33,70.0
2025-12-26,10:01:20.160390556,T,KO,,100,70.0
2025-12-26,10:01:20.160392413,T,KO,I,32,70.0
2025-12-26,10:01:20.160395492,T,KO,I,3,70.0
2025-12-26,10:01:20.160395492,T,KO,I,14,70.0
2025-12-26,10:01:20.160413546,T,KO,,100,70.0
2025-12-26,10:01:20.160413546,T,KO,I,25,70.0
2025-12-26,10:01:20.160416974,T,KO,I,50,70.0
2025-12-26,10:01:20.160416974,T,KO,I,48,70.0
2025-12-26,10:01:20.160422511,T,KO,I,33,70.0
2025-12-26,10:01:20.170072559,T,KO,F I,33,70.0
2025-12-26,10:01:20.170075457,T,KO,F,100,70.0
2025-12-26,10:01:20.170075457,T,KO,F I,27,70.0
2025-12-26,10:01:20.182624332,T,KO,F I,27,70.0
2025-12-26,10:01:20.194150872,T,KO,F I,2,69.995
2025-12-26,10:01:20.204886448,T,KO,,100,69.995
2025-12-26,10:01:20.215062661,T,KO,F I,11,69.995
2025-12-26,10:01:20.227930287,T,KO,F I,11,69.995
2025-12-26,10:01:20.238407277,T,KO,F I,1,69.995
2025-12-26,10:01:27.153427513,T,KO,F I,6,70.0
2025-12-26,10:01:27.153427513,T,KO,F I,19,70.0
2025-12-26,10:01:27.174360164,T,KO,F I,2,70.0
2025-12-26,10:01:30.907661559,T,KO,,100,70.0
2025-12-26,10:01:30.907772899,T,KO,,100,70.0
2025-12-26,10:01:30.922495891,T,KO,F,100,70.01
2025-12-26,10:01:30.934434362,T,KO,F I,10,70.01
2025-12-26,10:01:30.952005178,T,KO,F I,1,70.01
2025-12-26,10:01:31.474607915,T,KO,I,60,70.015
2025-12-26,10:01:31.486119312,T,KO,I,6,70.015
2025-12-26,10:01:43.416842087,T,KO,F I,41,70.01
2025-12-26,10:01:43.416842087,T,KO,F I,28,70.01
2025-12-26,10:01:43.416845325,T,KO,F I,1,70.01
2025-12-26,10:01:43.416848240,T,KO,F I,2,70.01
2025-12-26,10:01:43.416848240,T,KO,F I,2,70.01
2025-12-26,10:01:43.433399466,T,KO,,140,70.005
2025-12-26,10:01:43.438626067,T,KO,I,10,70.01
2025-12-26,10:01:43.465167166,T,KO,I,8,70.005
2025-12-26,10:01:43.502366403,T,KO,I,24,70.005
2025-12-26,10:01:43.538908904,T,KO,I,60,70.005
2025-12-26,10:01:43.547569329,T,KO,I,26,70.005
2025-12-26,10:01:43.637609805,T,KO,I,2,70.005
2025-12-26,10:01:43.679436441,T,KO,I,23,70.005
2025-12-26,10:01:43.769407712,T,KO,I,2,70.005
2025-12-26,10:01:43.811938018,T,KO,I,1,70.005
2025-12-26,10:01:44.787350066,T,KO,I,10,70.005
2025-12-26,10:01:44.818098314,T,KO,I,1,70.01
2025-12-26,10:01:47.418752143,T,KO,,140,70.005
2025-12-26,10:01:47.474949967,T,KO,I,47,70.01
2025-12-26,10:01:47.474952942,T,KO,I,10,70.01
2025-12-26,10:01:47.505532798,T,KO,F I,4,70.015
2025-12-26,10:01:48.095453794,T,KO,F I,1,70.02
2025-12-26,10:01:50.806163836,T,KO,F,107,70.015
2025-12-26,10:01:50.832359100,T,KO,F I,11,70.015
2025-12-26,10:01:50.856759221,T,KO,F I,1,70.015
2025-12-26,10:01:51.906252810,T,KO,I,4,70.015
2025-12-26,10:01:52.488595746,T,KO,I,2,70.015
2025-12-26,10:01:57.025732548,T,KO,,140,70.015
2025-12-26,10:01:57.080333568,T,KO,F I,5,70.02
2025-12-26,10:01:57.080333568,T,KO,F I,9,70.02
2025-12-26,10:01:57.080354726,T,KO,F,558,70.02
2025-12-26,10:01:57.080375636,T,KO,I,1,70.02
2025-12-26,10:01:57.080841952,T,KO,I,99,70.02
2025-12-26,10:01:57.094349921,T,KO,F,100,70.025
2025-12-26,10:01:57.094364948,T,KO,F I,2,70.03
2025-12-26,10:01:57.095949775,T,KO,,100,70.03
2025-12-26,10:01:57.106604097,T,KO,I,23,70.025
2025-12-26,10:01:57.119928831,T,KO,I,3,70.025
2025-12-26,10:01:59.963510369,T,KO,I,10,70.025
2025-12-26,10:01:59.984575546,T,KO,I,1,70.025
2025-12-26,10:02:00.021638787,T,KO,I,64,70.025
2025-12-26,10:02:00.081917278,T,KO,I,7,70.025
2025-12-26,10:02:04.570662908,T,KO,F I,7,70.02
2025-12-26,10:02:04.570665884,T,KO,F I,1,70.02
2025-12-26,10:02:04.570668924,T,KO,F I,2,70.02
2025-12-26,10:02:04.598148356,T,KO,F I,21,70.02
2025-12-26,10:02:08.314348025,T,KO,F I,24,70.015
2025-12-26,10:02:08.337683493,T,KO,F I,2,70.015
2025-12-26,10:02:15.068960038,T,KO,,100,70.015
2025-12-26,10:02:15.099578970,T,KO,F I,10,70.02
2025-12-26,10:02:15.099597020,T,KO,F I,90,70.02
2025-12-26,10:02:15.099599995,T,KO,F I,60,70.02
2025-12-26,10:02:15.110582108,T,KO,F I,36,70.025
2025-12-26,10:02:15.123642278,T,KO,F I,3,70.025
2025-12-26,10:02:18.095037025,T,KO,I,1,70.025
2025-12-26,10:02:30.089457472,T,KO,I,29,70.025
2025-12-26,10:02:38.845065293,T,KO,F I,90,70.02
2025-12-26,10:02:38.845099560,T,KO,I,10,70.02
2025-12-26,10:02:38.845099560,T,KO,I,27,70.02
2025-12-26,10:02:38.845104667,T,KO,,100,70.02
2025-12-26,10:02:38.845104667,T,KO,,100,70.02
2025-12-26,10:02:38.845107440,T,KO,I,85,70.02
2025-12-26,10:02:38.851654020,T,KO,I,2,70.015
2025-12-26,10:02:38.879614642,T,KO,F I,33,70.02
2025-12-26,10:02:38.879617564,T,KO,F I,44,70.02
2025-12-26,10:02:38.879617564,T,KO,F I,23,70.02
2025-12-26,10:02:38.879638588,T,KO,I,1,70.02
2025-12-26,10:02:38.879647851,T,KO,I,99,70.02
2025-12-26,10:02:38.879651024,T,KO,I,40,70.02
2025-12-26,10:02:38.879651024,T,KO,I,20,70.02
2025-12-26,10:02:54.892316115,T,KO,,100,70.03
2025-12-26,10:02:54.892334188,T,KO,I,1,70.03
2025-12-26,10:02:54.913146911,T,KO,F,100,70.035
2025-12-26,10:02:54.913149712,T,KO,F I,6,70.035
2025-12-26,10:02:55.292500205,T,KO,F I,10,70.035
2025-12-26,10:03:00.107847567,T,KO,,100,70.04
2025-12-26,10:03:00.107850924,T,KO,,186,70.04
2025-12-26,10:03:00.107865654,T,KO,I,1,70.04
2025-12-26,10:03:01.318558326,T,KO,F,140,70.035
2025-12-26,10:03:01.318558326,T,KO,F,272,70.04
2025-12-26,10:03:01.318642401,T,KO,F,140,70.04
2025-12-26,10:03:01.319538567,T,KO,I,4,70.04
2025-12-26,10:03:01.319544483,T,KO,I,40,70.04
2025-12-26,10:03:01.319547585,T,KO,,140,70.04
2025-12-26,10:03:01.319550865,T,KO,I,56,70.04
2025-12-26,10:03:01.319550865,T,KO,,140,70.04
2025-12-26,10:03:01.319553594,T,KO,I,20,70.04
2025-12-26,10:03:01.319698047,T,KO,I,40,70.04
2025-12-26,10:03:01.323986166,T,KO,I,47,70.04
2025-12-26,10:03:01.327270542,T,KO,,100,70.035
2025-12-26,10:03:01.343012454,T,KO,I,80,70.035
2025-12-26,10:03:01.343337900,T,KO,F I,80,70.04
2025-12-26,10:03:01.366757000,T,KO,I,92,70.04
2025-12-26,10:03:01.366775028,T,KO,I,1,70.04
2025-12-26,10:03:01.376446086,T,KO,F I,39,70.045
2025-12-26,10:03:04.619122958,T,KO,I,10,70.045
2025-12-26,10:03:04.619174017,T,KO,,300,70.045
2025-12-26,10:03:09.203655536,T,KO,F I,20,70.05
2025-12-26,10:03:09.203655536,T,KO,F I,80,70.05
2025-12-26,10:03:09.203670610,T,KO,I,1,70.05
2025-12-26,10:03:10.549989054,T,KO,I,19,70.05
2025-12-26,10:03:10.551642992,T,KO,I,29,70.05
2025-12-26,10:03:11.570998671,T,KO,F I,58,70.05
2025-12-26,10:03:11.570998671,T,KO,F I,13,70.05
2025-12-26,10:03:12.174770748,T,KO,I,10,70.045
2025-12-26,10:03:17.194535862,T,KO,F I,1,70.04
2025-12-26,10:03:17.194539512,T,KO,F I,10,70.04
2025-12-26,10:03:17.194544954,T,KO,F,100,70.04
2025-12-26,10:03:17.194544954,T,KO,F I,39,70.04
2025-12-26,10:03:17.194547932,T,KO,F,100,70.04
2025-12-26,10:03:17.194554452,T,KO,F,100,70.04
2025-12-26,10:03:17.329960419,T,KO,I,55,70.03
2025-12-26,10:03:23.145426852,T,KO,,100,70.04
2025-12-26,10:03:27.315127571,T,KO,F,300,70.04
2025-12-26,10:03:31.759637807,T,KO,I,25,70.04
2025-12-26,10:03:40.006918115,T,KO,F I,5,70.04
2025-12-26,10:03:40.006921070,T,KO,F I,10,70.04
2025-12-26,10:03:49.006184237,T,KO,I,1,70.025
2025-12-26,10:03:49.006187015,T,KO,I,99,70.025
2025-12-26,10:03:52.459031403,T,KO,F I,58,70.02
2025-12-26,10:03:52.459031403,T,KO,F,100,70.02
2025-12-26,10:03:52.467562686,T,KO,I,1,70.015
2025-12-26,10:03:53.620006496,T,KO,I,2,70.015
2025-12-26,10:03:57.441694719,T,KO,,100,70.015
2025-12-26,10:04:03.412585908,T,KO,F I,45,70.02
2025-12-26,10:04:11.979948229,T,KO,I,58,70.02
2025-12-26,10:04:11.979948229,T,KO,I,61,70.02
2025-12-26,10:04:11.979966284,T,KO,I,1,70.02
2025-12-26,10:04:11.979996765,T,KO,I,38,70.02
2025-12-26,10:04:11.979996765,T,KO,,100,70.02
2025-12-26,10:04:19.859109510,T,KO,F,100,70.025
2025-12-26,10:04:33.693525757,T,KO,F I,69,70.03
2025-12-26,10:04:33.713811569,T,KO,F I,7,70.03
2025-12-26,10:04:34.268474159,T,KO,I,24,70.03
2025-12-26,10:04:34.268474159,T,KO,,100,70.03
2025-12-26,10:04:34.268476414,T,KO,I,7,70.03
2025-12-26,10:04:36.949944752,T,KO,,100,70.035
2025-12-26,10:04:36.957964802,T,KO,I,50,70.035
2025-12-26,10:04:41.726806474,T,KO,F,100,70.035
2025-12-26,10:04:51.590418084,T,KO,I,2,70.035
2025-12-26,10:04:51.602290802,T,KO,I,71,70.04
2025-12-26,10:04:59.737273910,T,KO,,300,70.03
2025-12-26,10:04:59.737283018,T,KO,F I,85,70.03
2025-12-26,10:05:02.053477387,T,KO,,100,70.025
2025-12-26,10:05:03.543562145,T,KO,I,45,70.025
2025-12-26,10:05:04.928104690,T,KO,I,66,70.025
2025-12-26,10:05:04.930726881,T,KO,I,7,70.025
2025-12-26,10:05:10.609887800,T,KO,F I,45,70.03
2025-12-26,10:05:10.609887800,T,KO,F,100,70.03
2025-12-26,10:05:10.609911645,T,KO,I,1,70.03
2025-12-26,10:05:10.629392122,T,KO,F I,64,70.035
2025-12-26,10:05:13.054310317,T,KO,F I,33,70.04
2025-12-26,10:05:13.063798526,T,KO,F I,46,70.05
2025-12-26,10:05:15.572751358,T,KO,,100,70.055
2025-12-26,10:05:16.141210174,T,KO,I,68,70.055
2025-12-26,10:05:16.300803355,T,KO,I,25,70.06
2025-12-26,10:05:16.300806282,T,KO,I,31,70.06
2025-12-26,10:05:30.213029203,T,KO,F,100,70.06
2025-12-26,10:05:30.213047948,T,KO,I,1,70.06
2025-12-26,10:05:41.009318178,T,KO,F,100,70.07
2025-12-26,10:05:41.009333205,T,KO,I,1,70.07
2025-12-26,10:05:43.479822019,T,KO,,100,70.07
2025-12-26,10:05:49.848284465,T,KO,F,100,70.07
2025-12-26,10:05:55.929286207,T,KO,F I,1,70.08
2025-12-26,10:05:55.929289201,T,KO,F I,2,70.08
2025-12-26,10:06:01.637267529,T,KO,I,7,70.09
2025-12-26,10:06:01.787048322,T,KO,,100,70.09
2025-12-26,10:06:04.730320272,T,KO,F,100,70.08
2025-12-26,10:06:04.730320272,T,KO,F I,1,70.08
2025-12-26,10:06:04.730320272,T,KO,F,200,70.08
2025-12-26,10:06:04.730335570,T,KO,F,100,70.08
2025-12-26,10:06:04.730338801,T,KO,F,100,70.08
2025-12-26,10:06:04.803538411,T,KO,F I,50,70.08
2025-12-26,10:06:04.889315129,T,KO,F,100,70.08
2025-12-26,10:06:04.889315129,T,KO,F I,60,70.08
2025-12-26,10:06:04.889320706,T,KO,F,120,70.08
2025-12-26,10:06:04.889320706,T,KO,F,100,70.08
2025-12-26,10:06:04.889323699,T,KO,F I,50,70.08
2025-12-26,10:06:04.889333499,T,KO,I,1,70.08
2025-12-26,10:06:04.891540055,T,KO,F,100,70.08
2025-12-26,10:06:04.891543331,T,KO,F I,59,70.08
2025-12-26,10:06:04.891543331,T,KO,F I,33,70.08
2025-12-26,10:06:04.891549089,T,KO,F,100,70.08
2025-12-26,10:06:04.891549089,T,KO,F I,25,70.08
2025-12-26,10:06:04.891549089,T,KO,F,100,70.08
2025-12-26,10:06:04.957417969,T,KO,F,100,70.09
2025-12-26,10:06:04.957733705,T,KO,,100,70.09
2025-12-26,10:06:04.957736687,T,KO,I,50,70.09
2025-12-26,10:06:04.966469466,T,KO,I,9,70.09
2025-12-26,10:06:04.966469466,T,KO,I,50,70.09
2025-12-26,10:06:05.080423247,T,KO,F I,74,70.09
2025-12-26,10:06:05.080426160,T,KO,F I,33,70.09
2025-12-26,10:06:05.080428973,T,KO,F,100,70.09
2025-12-26,10:06:05.553260780,T,KO,F I,50,70.08
2025-12-26,10:06:05.553260780,T,KO,F I,26,70.08
2025-12-26,10:06:05.553278839,T,KO,,100,70.07
2025-12-26,10:06:05.553281149,T,KO,I,28,70.07
2025-12-26,10:06:05.553284337,T,KO,I,50,70.07
2025-12-26,10:06:05.553774177,T,KO,F I,85,70.07
2025-12-26,10:06:05.556537799,T,KO,I,20,70.07
2025-12-26,10:06:10.523650770,T,KO,I,3,70.065
2025-12-26,10:06:11.658554457,T,KO,F I,10,70.07
2025-12-26,10:06:11.658556636,T,KO,F I,50,70.07
2025-12-26,10:06:11.658559666,T,KO,F,100,70.07
2025-12-26,10:06:11.658559666,T,KO,F,193,70.07
2025-12-26,10:06:11.658571713,T,KO,I,1,70.07
2025-12-26,10:06:11.679847411,T,KO,F I,36,70.07
2025-12-26,10:06:12.434473644,T,KO,F I,3,70.07
2025-12-26,10:06:12.434488588,T,KO,F,167,70.07
2025-12-26,10:06:12.816498168,T,KO,I,50,70.08
2025-12-26,10:06:12.816498168,T,KO,I,34,70.08
2025-12-26,10:06:36.082582121,T,KO,,100,70.085
2025-12-26,10:06:47.831130605,T,KO,F I,75,70.085
2025-12-26,10:06:47.859731682,T,KO,F I,8,70.085
2025-12-26,10:06:52.484999484,T,KO,F I,11,70.09
2025-12-26,10:06:52.505382031,T,KO,F I,1,70.09
2025-12-26,10:06:53.920245638,T,KO,F I,10,70.09
2025-12-26,10:06:53.931399289,T,KO,F I,1,70.085
2025-12-26,10:06:57.869232934,T,KO,F I,78,70.09
2025-12-26,10:06:57.869235837,T,KO,F I,60,70.09
2025-12-26,10:06:57.869239741,T,KO,F,112,70.09
2025-12-26,10:06:57.869239741,T,KO,F,100,70.09
2025-12-26,10:06:57.869254497,T,KO,I,1,70.09
2025-12-26,10:06:57.870219075,T,KO,I,40,70.09
2025-12-26,10:06:57.888499610,T,KO,F,125,70.1
2025-12-26,10:06:57.889540101,T,KO,F I,1,70.1
2025-12-26,10:06:57.921434695,T,KO,F I,50,70.11
2025-12-26,10:06:57.921437165,T,KO,F,100,70.11
2025-12-26,10:06:57.921440649,T,KO,F I,31,70.11
2025-12-26,10:07:02.112768262,T,KO,F,100,70.105
2025-12-26,10:07:03.393750305,T,KO,I,5,70.11
2025-12-26,10:07:10.311082760,T,KO,F I,23,70.11
2025-12-26,10:07:10.311242077,T,KO,I,28,70.11
2025-12-26,10:07:10.315855139,T,KO,F I,97,70.12
2025-12-26,10:07:10.339419159,T,KO,F,150,70.115
2025-12-26,10:07:10.339419159,T,KO,F I,35,70.12
2025-12-26,10:07:10.339423083,T,KO,F I,15,70.12
2025-12-26,10:07:10.339423083,T,KO,F I,35,70.12
2025-12-26,10:07:10.347400488,T,KO,I,25,70.12
2025-12-26,10:07:10.347400488,T,KO,I,35,70.12
2025-12-26,10:07:10.347409489,T,KO,,100,70.115
2025-12-26,10:07:10.353261150,T,KO,I,45,70.115
2025-12-26,10:07:10.367109150,T,KO,I,4,70.115
2025-12-26,10:07:10.378719770,T,KO,I,1,70.115
2025-12-26,10:07:22.331400731,T,KO,I,6,70.12
2025-12-26,10:07:22.352586262,T,KO,I,6,70.12
2025-12-26,10:07:22.957828729,T,KO,I,1,70.115
2025-12-26,10:07:25.488391659,T,KO,I,2,70.12
2025-12-26,10:07:31.751615395,T,KO,I,1,70.12
2025-12-26,10:07:39.202307136,T,KO,F,100,70.12
2025-12-26,10:07:39.202310168,T,KO,F I,52,70.12
2025-12-26,10:07:39.386465762,T,KO,F I,46,70.125
2025-12-26,10:07:39.408646682,T,KO,F I,4,70.125
2025-12-26,10:07:39.430165950,T,KO,F I,1,70.125
2025-12-26,10:07:40.279463524,T,KO,F I,10,70.125
2025-12-26,10:07:40.292974901,T,KO,F I,1,70.125
2025-12-26,10:07:52.315253419,T,KO,,100,70.12
2025-12-26,10:07:52.315256424,T,KO,,300,70.12
2025-12-26,10:07:52.341003774,T,KO,,100,70.12
2025-12-26,10:07:52.341006774,T,KO,I,61,70.12
2025-12-26,10:07:52.341021789,T,KO,I,1,70.12
2025-12-26,10:07:52.352127395,T,KO,I,17,70.115
2025-12-26,10:07:52.361792356,T,KO,I,1,70.12
2025-12-26,10:07:52.383786658,T,KO,I,11,70.12
2025-12-26,10:07:52.392871371,T,KO,I,1,70.12
2025-12-26,10:07:58.444583326,T,KO,F I,4,70.13
2025-12-26,10:07:58.938765290,T,KO,,100,70.125
2025-12-26,10:07:58.946821495,T,KO,,150,70.125
2025-12-26,10:07:58.951819319,T,KO,F I,25,70.13
2025-12-26,10:07:58.958741843,T,KO,I,2,70.125
2025-12-26,10:07:58.958838011,T,KO,I,3,70.125
2025-12-26,10:07:58.964530664,T,KO,F I,11,70.13
2025-12-26,10:07:58.974312944,T,KO,F I,1,70.13
2025-12-26,10:08:00.065323319,T,KO,F I,2,70.13
2025-12-26,10:08:00.065326276,T,KO,F,100,70.13
2025-12-26,10:08:00.065329316,T,KO,F I,9,70.13
2025-12-26,10:08:00.065341427,T,KO,I,1,70.13
2025-12-26,10:08:00.090502347,T,KO,F I,11,70.13
2025-12-26,10:08:00.099565896,T,KO,F I,1,70.13
2025-12-26,10:08:00.752171116,T,KO,I,1,70.125
2025-12-26,10:08:14.249622283,T,KO,F I,11,70.125
2025-12-26,10:08:14.269665040,T,KO,F I,1,70.125
2025-12-26,10:08:20.185616115,T,KO,,100,70.12
2025-12-26,10:08:20.185618703,T,KO,,100,70.12
2025-12-26,10:08:20.185633813,T,KO,I,1,70.12
2025-12-26,10:08:20.185648723,T,KO,I,92,70.12
2025-12-26,10:08:20.185678912,T,KO,I,8,70.12
2025-12-26,10:08:20.185682119,T,KO,I,7,70.12
2025-12-26,10:08:20.185682119,T,KO,,100,70.12
2025-12-26,10:08:20.185922550,T,KO,,100,70.12
2025-12-26,10:08:20.193668816,T,KO,I,1,70.115
2025-12-26,10:08:20.208485140,T,KO,F,136,70.115
2025-12-26,10:08:20.222299949,T,KO,F I,14,70.115
2025-12-26,10:08:20.242246501,T,KO,F I,1,70.115
2025-12-26,10:08:23.668294118,T,KO,,100,70.115
2025-12-26,10:08:23.676428440,T,KO,F I,10,70.115
2025-12-26,10:08:23.686219772,T,KO,F I,1,70.115
2025-12-26,10:08:23.951237933,T,KO,I,50,70.115
2025-12-26,10:08:23.966878259,T,KO,F I,5,70.115
2025-12-26,10:08:23.978131058,T,KO,F I,1,70.12
2025-12-26,10:08:24.383469374,T,KO,,100,70.115
2025-12-26,10:08:24.413652218,T,KO,F I,1,70.115
2025-12-26,10:08:24.439381722,T,KO,F I,1,70.115
2025-12-26,10:08:42.736272076,T,KO,I,50,70.115
2025-12-26,10:08:42.749924585,T,KO,F I,1,70.12
2025-12-26,10:08:42.749927540,T,KO,F I,4,70.12
2025-12-26,10:08:43.748404560,T,KO,I,96,70.12
2025-12-26,10:08:43.748407501,T,KO,I,4,70.12
2025-12-26,10:08:43.748422553,T,KO,I,1,70.12
2025-12-26,10:08:43.760162515,T,KO,,100,70.12
2025-12-26,10:08:50.399582203,T,KO,F I,20,70.11
2025-12-26,10:08:50.399586300,T,KO,F I,5,70.11
2025-12-26,10:08:50.399586300,T,KO,F I,23,70.11
2025-12-26,10:08:50.399588260,T,KO,F,100,70.11
2025-12-26,10:08:50.399603188,T,KO,F,100,70.11
2025-12-26,10:08:50.433896977,T,KO,F,100,70.11
2025-12-26,10:08:50.433915578,T,KO,I,1,70.11
2025-12-26,10:08:50.434805111,T,KO,I,52,70.11
2025-12-26,10:08:50.434805111,T,KO,I,20,70.11
2025-12-26,10:08:50.447248763,T,KO,F I,27,70.115
2025-12-26,10:08:50.459334476,T,KO,F I,3,70.115
2025-12-26,10:08:59.551115843,T,KO,,100,70.115
2025-12-26,10:08:59.554080934,T,KO,I,3,70.115
2025-12-26,10:09:10.134656972,T,KO,I,34,70.11
2025-12-26,10:09:10.134660699,T,KO,,100,70.11
2025-12-26,10:09:10.134663219,T,KO,I,1,70.11
2025-12-26,10:09:10.134666152,T,KO,I,51,70.11
2025-12-26,10:09:10.134666152,T,KO,I,1,70.11
2025-12-26,10:09:10.134669500,T,KO,,100,70.11
2025-12-26,10:09:10.134669500,T,KO,I,20,70.11
2025-12-26,10:09:10.134675033,T,KO,I,5,70.11
2025-12-26,10:09:10.134675033,T,KO,I,88,70.11
2025-12-26,10:09:10.134675033,T,KO,I,1,70.11
2025-12-26,10:09:40.724687483,T,KO,F I,6,70.115
2025-12-26,10:09:45.492543049,T,KO,F I,11,70.11
2025-12-26,10:09:45.492545906,T,KO,F I,20,70.11
2025-12-26,10:09:45.492549059,T,KO,F I,5,70.11
2025-12-26,10:09:45.492549059,T,KO,F I,3,70.11
2025-12-26,10:09:45.512609732,T,KO,,100,70.105
2025-12-26,10:09:45.512612477,T,KO,I,4,70.105
2025-12-26,10:09:45.512612477,T,KO,I,46,70.105
2025-12-26,10:09:45.513935626,T,KO,F,100,70.11
2025-12-26,10:09:45.513935626,T,KO,F I,18,70.11
2025-12-26,10:09:45.513953661,T,KO,I,1,70.11
2025-12-26,10:09:45.525050149,T,KO,F I,12,70.11
2025-12-26,10:09:45.536459383,T,KO,F I,1,70.11
2025-12-26,10:09:45.611819105,T,KO,F I,27,70.11
2025-12-26,10:09:45.611821895,T,KO,F I,34,70.11
2025-12-26,10:09:45.611824831,T,KO,F,100,70.11
2025-12-26,10:09:45.611827860,T,KO,F,100,70.11
2025-12-26,10:10:00.073928321,T,KO,F I,21,70.115
2025-12-26,10:10:00.119405649,T,KO,F I,4,70.115
2025-12-26,10:10:02.853042156,T,KO,F I,13,70.11
2025-12-26,10:10:02.853045097,T,KO,F I,1,70.11
2025-12-26,10:10:05.284798628,T,KO,I,5,70.105
2025-12-26,10:10:06.350062359,T,KO,,160,70.1
2025-12-26,10:10:06.350065189,T,KO,I,10,70.1
2025-12-26,10:10:06.350067727,T,KO,,100,70.1
2025-12-26,10:10:06.350067727,T,KO,I,25,70.1
2025-12-26,10:10:06.355200981,T,KO,,100,70.095
2025-12-26,10:10:06.373863527,T,KO,F I,81,70.1
2025-12-26,10:10:06.388460175,T,KO,F I,8,70.1
2025-12-26,10:10:06.399911453,T,KO,F I,1,70.1
2025-12-26,10:10:06.399935559,T,KO,F I,37,70.1
2025-12-26,10:10:06.399935559,T,KO,F,100,70.1
2025-12-26,10:10:06.399959648,T,KO,I,1,70.1
2025-12-26,10:10:06.415990795,T,KO,F I,20,70.105
2025-12-26,10:10:10.139859057,T,KO,F,100,70.1
2025-12-26,10:10:10.139859057,T,KO,F I,34,70.1
2025-12-26,10:10:10.139864966,T,KO,F I,9,70.1
2025-12-26,10:10:10.139864966,T,KO,F I,28,70.1
2025-12-26,10:10:10.139867963,T,KO,F I,14,70.1
2025-12-26,10:10:10.139867963,T,KO,F I,1,70.1
2025-12-26,10:10:10.139870746,T,KO,F I,8,70.1
2025-12-26,10:10:10.139874014,T,KO,F,100,70.1
2025-12-26,10:10:10.139874014,T,KO,F,100,70.1
2025-12-26,10:10:10.139876821,T,KO,F I,2,70.1
2025-12-26,10:10:10.139879666,T,KO,F I,1,70.1
2025-12-26,10:10:10.139882858,T,KO,F I,2,70.1
2025-12-26,10:10:10.139942902,T,KO,F I,9,70.1
2025-12-26,10:10:10.140033151,T,KO,F I,14,70.1
2025-12-26,10:10:10.140033151,T,KO,F I,8,70.1
2025-12-26,10:10:10.140036028,T,KO,F I,1,70.1
2025-12-26,10:10:10.140087845,T,KO,F I,27,70.1
2025-12-26,10:10:10.140087845,T,KO,F I,1,70.1
2025-12-26,10:10:10.140090225,T,KO,F I,2,70.1
2025-12-26,10:10:10.140093488,T,KO,F I,1,70.1
2025-12-26,10:10:10.140093488,T,KO,F I,2,70.1
2025-12-26,10:10:10.140096221,T,KO,F I,9,70.1
2025-12-26,10:10:10.140538271,T,KO,I,7,70.1
2025-12-26,10:10:10.146766121,T,KO,,150,70.095
2025-12-26,10:10:10.153610375,T,KO,,120,70.095
2025-12-26,10:10:10.164412097,T,KO,I,13,70.1
2025-12-26,10:10:10.175105655,T,KO,I,1,70.1
2025-12-26,10:10:10.692000785,T,KO,,150,70.095
2025-12-26,10:10:10.700688339,T,KO,,150,70.095
2025-12-26,10:10:10.705635550,T,KO,I,30,70.1
2025-12-26,10:10:10.706110313,T,KO,F I,4,70.1
2025-12-26,10:10:10.715609937,T,KO,F I,23,70.105
2025-12-26,10:10:13.196951562,T,KO,F I,3,70.105
2025-12-26,10:10:19.637375250,T,KO,,100,70.105
2025-12-26,10:10:19.658293113,T,KO,F I,10,70.11
2025-12-26,10:10:19.691958231,T,KO,I,48,70.105
2025-12-26,10:10:19.691958231,T,KO,I,3,70.105
2025-12-26,10:10:19.700546648,T,KO,,100,70.105
2025-12-26,10:10:19.702402143,T,KO,F I,5,70.11
2025-12-26,10:10:19.722237418,T,KO,F I,56,70.11
2025-12-26,10:10:19.742755175,T,KO,I,1,70.11
2025-12-26,10:10:23.936501184,T,KO,I,3,70.105
2025-12-26,10:10:34.756429249,T,KO,F,147,70.105
2025-12-26,10:10:34.756432294,T,KO,F I,53,70.11
2025-12-26,10:10:34.782029237,T,KO,,101,70.105
2025-12-26,10:10:34.822517688,T,KO,I,10,70.105
2025-12-26,10:10:34.836952054,T,KO,I,1,70.11
2025-12-26,10:10:36.345645273,T,KO,I,10,70.105
2025-12-26,10:10:36.361270399,T,KO,I,1,70.11
2025-12-26,10:10:36.383872245,T,KO,I,1,70.11
