DATE,TIME_M,EX,SYM_ROOT,TR_SCOND,SIZE,PRICE
2025-11-13,9:30:01.185625008,T,KO,TI,62,71.43
2025-11-13,9:30:01.186310599,T,KO,T,300,71.43
2025-11-13,9:30:01.204891868,T,KO,FTI,37,71.42
2025-11-13,9:30:01.417940247,T,KO,O I,68,71.43
2025-11-13,9:30:01.417955264,T,KO,Q,68,71.43
2025-11-13,9:30:01.475404055,T,KO,I,13,71.4
2025-11-13,9:30:01.842265816,T,KO,I,2,71.38
2025-11-13,9:30:01.842268793,T,KO,,100,71.38
2025-11-13,9:30:01.918013197,T,KO,I,7,71.39
2025-11-13,9:30:02.121796492,T,KO,,100,71.37
2025-11-13,9:30:02.123351229,T,KO,F I,11,71.36
2025-11-13,9:30:02.123354265,T,KO,F I,50,71.36
2025-11-13,9:30:02.347029958,T,KO,I,1,71.365
2025-11-13,9:30:02.621036632,T,KO,I,2,71.365
2025-11-13,9:30:02.625844987,T,KO,I,2,71.365
2025-11-13,9:30:02.626563734,T,KO,I,2,71.365
2025-11-13,9:30:02.627886900,T,KO,I,3,71.365
2025-11-13,9:30:02.966833207,T,KO,F,193,71.36
2025-11-13,9:30:02.966836122,T,KO,F I,13,71.36
2025-11-13,9:30:02.967130909,T,KO,I,12,71.35
2025-11-13,9:30:03.132669118,T,KO,I,5,71.35
2025-11-13,9:30:03.132672115,T,KO,F I,5,71.35
2025-11-13,9:30:03.149488186,T,KO,I,31,71.34
2025-11-13,9:30:03.149752826,T,KO,I,56,71.34
2025-11-13,9:30:03.150453530,T,KO,I,12,71.35
2025-11-13,9:30:03.380302889,T,KO,,100,71.36
2025-11-13,9:30:03.381349477,T,KO,F,100,71.37
2025-11-13,9:30:03.381392191,T,KO,,100,71.36
2025-11-13,9:30:03.381392191,T,KO,,100,71.36
2025-11-13,9:30:03.381397529,T,KO,,100,71.36
2025-11-13,9:30:03.381430768,T,KO,,100,71.36
2025-11-13,9:30:03.381430768,T,KO,I,50,71.36
2025-11-13,9:30:03.381448667,T,KO,I,1,71.36
2025-11-13,9:30:03.381460705,T,KO,I,87,71.36
2025-11-13,9:30:03.928595791,T,KO,,100,71.37
2025-11-13,9:30:04.243385508,T,KO,I,1,71.37
2025-11-13,9:30:04.266841326,T,KO,I,6,71.36
2025-11-13,9:30:04.969897882,T,KO,,193,71.36
2025-11-13,9:30:05.693716004,T,KO,F I,18,71.35
2025-11-13,9:30:05.693718793,T,KO,F,100,71.35
2025-11-13,9:30:05.693722477,T,KO,F I,55,71.35
2025-11-13,9:30:05.693734122,T,KO,I,1,71.35
2025-11-13,9:30:05.693736950,T,KO,I,44,71.35
2025-11-13,9:30:05.693739850,T,KO,I,68,71.35
2025-11-13,9:30:05.693796983,T,KO,F I,13,71.34
2025-11-13,9:30:05.693796983,T,KO,F I,50,71.34
2025-11-13,9:30:05.693799891,T,KO,F I,13,71.34
2025-11-13,9:30:06.075213312,T,KO,F,100,71.32
2025-11-13,9:30:06.075238325,T,KO,F,100,71.33
2025-11-13,9:30:06.075779087,T,KO,I,52,71.33
2025-11-13,9:30:06.075781732,T,KO,,100,71.32
2025-11-13,9:30:06.075784776,T,KO,I,50,71.32
2025-11-13,9:30:06.075851469,T,KO,,100,71.32
2025-11-13,9:30:06.075853914,T,KO,I,50,71.32
2025-11-13,9:30:06.076286887,T,KO,F,259,71.32
2025-11-13,9:30:06.262318971,T,KO,F,100,71.32
2025-11-13,9:30:06.325331103,T,KO,I,5,71.33
2025-11-13,9:30:06.325349148,T,KO,F I,95,71.33
2025-11-13,9:30:06.464646954,T,KO,F,100,71.35
2025-11-13,9:30:07.508017945,T,KO,,300,71.355
2025-11-13,9:30:08.812657342,T,KO,I,50,71.35
2025-11-13,9:30:08.812660213,T,KO,I,70,71.35
2025-11-13,9:30:08.812879780,T,KO,,100,71.36
2025-11-13,9:30:08.812892374,T,KO,I,1,71.36
2025-11-13,9:30:08.841703743,T,KO,I,4,71.35
2025-11-13,9:30:08.841703743,T,KO,I,50,71.35
2025-11-13,9:30:09.097940656,T,KO,I,50,71.33
2025-11-13,9:30:09.097943608,T,KO,I,50,71.33
2025-11-13,9:30:09.315114925,T,KO,I,50,71.32
2025-11-13,9:30:09.315511831,T,KO,I,50,71.31
2025-11-13,9:30:10.018393907,T,KO,F,123,71.31
2025-11-13,9:30:10.018866004,T,KO,F I,50,71.3
2025-11-13,9:30:10.291651665,T,KO,,100,71.3
2025-11-13,9:30:10.291654692,T,KO,I,17,71.3
2025-11-13,9:30:10.291669795,T,KO,I,83,71.3
2025-11-13,9:30:10.291669795,T,KO,,300,71.3
2025-11-13,9:30:10.291672767,T,KO,,128,71.3
2025-11-13,9:30:10.291961410,T,KO,I,58,71.3
2025-11-13,9:30:10.291964404,T,KO,I,59,71.3
2025-11-13,9:30:10.292238077,T,KO,F I,10,71.3
2025-11-13,9:30:10.303957057,T,KO,I,50,71.3
2025-11-13,9:30:10.356056259,T,KO,F,100,71.29
2025-11-13,9:30:10.356056259,T,KO,F I,10,71.29
2025-11-13,9:30:10.356080164,T,KO,I,1,71.29
2025-11-13,9:30:10.356083214,T,KO,I,39,71.29
2025-11-13,9:30:10.356086220,T,KO,I,50,71.29
2025-11-13,9:30:10.358500958,T,KO,F I,50,71.28
2025-11-13,9:30:11.088098577,T,KO,I,26,71.28
2025-11-13,9:30:12.628427187,T,KO,F,300,71.275
2025-11-13,9:30:13.896776323,T,KO,F,100,71.29
2025-11-13,9:30:13.896776323,T,KO,F,200,71.29
2025-11-13,9:30:13.896797010,T,KO,F,100,71.29
2025-11-13,9:30:13.896824160,T,KO,F I,5,71.29
2025-11-13,9:30:13.896848209,T,KO,F,100,71.3
2025-11-13,9:30:13.897616135,T,KO,,200,71.32
2025-11-13,9:30:13.897646187,T,KO,F I,37,71.32
2025-11-13,9:30:13.897648225,T,KO,F,100,71.32
2025-11-13,9:30:13.897651562,T,KO,F,200,71.32
2025-11-13,9:30:13.897651562,T,KO,F,200,71.32
2025-11-13,9:30:13.897844314,T,KO,I,50,71.32
2025-11-13,9:30:13.897844314,T,KO,,100,71.31
2025-11-13,9:30:13.897847011,T,KO,I,50,71.31
2025-11-13,9:30:13.897849552,T,KO,,100,71.31
2025-11-13,9:30:13.897849552,T,KO,I,50,71.31
2025-11-13,9:30:13.898138199,T,KO,I,50,71.31
2025-11-13,9:30:13.898141280,T,KO,I,50,71.31
2025-11-13,9:30:13.898141280,T,KO,,100,71.31
2025-11-13,9:30:13.898294795,T,KO,F I,51,71.31
2025-11-13,9:30:13.944589894,T,KO,F I,50,71.3
2025-11-13,9:30:16.478906051,T,KO,F I,3,71.3
2025-11-13,9:30:16.478906051,T,KO,F,300,71.3
2025-11-13,9:30:16.480244232,T,KO,I,10,71.3
2025-11-13,9:30:16.493740250,T,KO,,187,71.3
2025-11-13,9:30:18.560201954,T,KO,F,100,71.295
2025-11-13,9:30:18.560214552,T,KO,F I,13,71.295
2025-11-13,9:30:18.560217718,T,KO,F I,7,71.295
2025-11-13,9:30:18.560220037,T,KO,F I,80,71.31
2025-11-13,9:30:18.560241066,T,KO,I,20,71.31
2025-11-13,9:30:18.560241066,T,KO,I,5,71.31
2025-11-13,9:30:18.560499624,T,KO,I,8,71.3
2025-11-13,9:30:18.560538936,T,KO,,100,71.3
2025-11-13,9:30:18.560541744,T,KO,I,17,71.31
2025-11-13,9:30:18.560560150,T,KO,I,1,71.3
2025-11-13,9:30:18.560565789,T,KO,,100,71.3
2025-11-13,9:30:18.560565789,T,KO,F,100,71.3
2025-11-13,9:30:18.560568807,T,KO,F I,8,71.3
2025-11-13,9:30:18.560583834,T,KO,I,1,71.3
2025-11-13,9:30:18.560586900,T,KO,F I,6,71.295
2025-11-13,9:30:18.560962734,T,KO,,100,71.3
2025-11-13,9:30:18.560977768,T,KO,I,1,71.3
2025-11-13,9:30:18.560995891,T,KO,,100,71.3
2025-11-13,9:30:18.561013914,T,KO,I,1,71.3
2025-11-13,9:30:18.561013914,T,KO,I,49,71.3
2025-11-13,9:30:18.562472367,T,KO,F,894,71.3
2025-11-13,9:30:18.562475930,T,KO,F,920,71.3
2025-11-13,9:30:18.926633737,T,KO,F,100,71.3
2025-11-13,9:30:18.927124048,T,KO,F,100,71.32
2025-11-13,9:30:18.928392933,T,KO,F,100,71.33
2025-11-13,9:30:19.628267809,T,KO,I,38,71.32
2025-11-13,9:30:19.628289716,T,KO,F I,12,71.32
2025-11-13,9:30:19.628289716,T,KO,F I,13,71.32
2025-11-13,9:30:19.628291934,T,KO,I,12,71.32
2025-11-13,9:30:19.628294810,T,KO,I,12,71.32
2025-11-13,9:30:19.628333882,T,KO,I,7,71.32
2025-11-13,9:30:19.628727846,T,KO,I,50,71.32
2025-11-13,9:30:19.628929292,T,KO,,100,71.32
2025-11-13,9:30:19.628944372,T,KO,F I,52,71.32
2025-11-13,9:30:19.628950333,T,KO,I,4,71.32
2025-11-13,9:30:19.628953346,T,KO,I,43,71.31
2025-11-13,9:30:20.424522125,T,KO,F I,2,71.31
2025-11-13,9:30:20.424732652,T,KO,F I,5,71.3
2025-11-13,9:30:20.552954975,T,KO,I,1,71.295
2025-11-13,9:30:22.678408628,T,KO,I,46,71.31
2025-11-13,9:30:22.678426371,T,KO,I,54,71.31
2025-11-13,9:30:22.678465436,T,KO,I,8,71.3
2025-11-13,9:30:22.678525699,T,KO,I,2,71.3
2025-11-13,9:30:22.678598235,T,KO,,100,71.3
2025-11-13,9:30:22.678612747,T,KO,I,1,71.3
2025-11-13,9:30:24.718163286,T,KO,F,100,71.31
2025-11-13,9:30:24.718755658,T,KO,,100,71.31
2025-11-13,9:30:24.718758685,T,KO,,100,71.32
2025-11-13,9:30:25.156760885,T,KO,I,67,71.31
2025-11-13,9:30:29.190745602,T,KO,I,5,71.29
2025-11-13,9:30:29.190775742,T,KO,F,300,71.29
2025-11-13,9:30:29.190959853,T,KO,F,200,71.29
2025-11-13,9:30:29.190959853,T,KO,F I,50,71.28
2025-11-13,9:30:29.190962156,T,KO,F I,3,71.28
2025-11-13,9:30:29.190965125,T,KO,F I,20,71.28
2025-11-13,9:30:29.190998100,T,KO,,100,71.28
2025-11-13,9:30:29.690999016,T,KO,I,64,71.27
2025-11-13,9:30:29.999169908,T,KO,F I,4,71.27
2025-11-13,9:30:31.212574938,T,KO,,300,71.26
2025-11-13,9:30:31.285838395,T,KO,,300,71.26
2025-11-13,9:30:31.384362108,T,KO,I,15,71.25
2025-11-13,9:30:31.384377224,T,KO,I,35,71.25
2025-11-13,9:30:31.384377224,T,KO,I,19,71.25
2025-11-13,9:30:31.384384458,T,KO,F I,31,71.25
2025-11-13,9:30:31.384386112,T,KO,F,100,71.25
2025-11-13,9:30:31.384389121,T,KO,F,265,71.25
2025-11-13,9:30:31.835978316,T,KO,,100,71.24
2025-11-13,9:30:31.835998700,T,KO,I,1,71.24
2025-11-13,9:30:31.887072345,T,KO,I,50,71.23
2025-11-13,9:30:31.887523441,T,KO,,100,71.23
2025-11-13,9:30:32.040359443,T,KO,,100,71.25
2025-11-13,9:30:32.040771469,T,KO,F,100,71.26
2025-11-13,9:30:32.040774488,T,KO,F I,50,71.26
2025-11-13,9:30:34.292251730,T,KO,F I,99,71.23
2025-11-13,9:30:34.292270048,T,KO,I,1,71.23
2025-11-13,9:30:34.292738916,T,KO,I,43,71.25
2025-11-13,9:30:34.292738916,T,KO,I,50,71.25
2025-11-13,9:30:34.292741936,T,KO,,400,71.26
2025-11-13,9:30:34.292744915,T,KO,I,50,71.26
2025-11-13,9:30:34.292835118,T,KO,F I,88,71.26
2025-11-13,9:30:34.292889323,T,KO,I,55,71.25
2025-11-13,9:30:34.292988597,T,KO,F,100,71.26
2025-11-13,9:30:34.292988597,T,KO,I,50,71.25
2025-11-13,9:30:34.292991569,T,KO,,100,71.25
2025-11-13,9:30:34.293033663,T,KO,F,200,71.25
2025-11-13,9:30:34.293105773,T,KO,F I,98,71.25
2025-11-13,9:30:34.293114794,T,KO,F I,2,71.25
2025-11-13,9:30:34.293165918,T,KO,,100,71.25
2025-11-13,9:30:34.293208050,T,KO,F,100,71.25
2025-11-13,9:30:34.293217713,T,KO,F I,12,71.25
2025-11-13,9:30:34.293217713,T,KO,F I,12,71.25
2025-11-13,9:30:34.293268252,T,KO,,200,71.25
2025-11-13,9:30:34.293331468,T,KO,,100,71.25
2025-11-13,9:30:34.293331468,T,KO,I,6,71.25
2025-11-13,9:30:34.293331468,T,KO,,100,71.25
2025-11-13,9:30:34.293448652,T,KO,I,10,71.25
2025-11-13,9:30:35.132645697,T,KO,I,10,71.26
2025-11-13,9:30:35.132649171,T,KO,I,50,71.27
2025-11-13,9:30:35.132651360,T,KO,I,90,71.27
2025-11-13,9:30:35.132663386,T,KO,I,1,71.27
2025-11-13,9:30:35.132681823,T,KO,I,1,71.27
2025-11-13,9:30:35.132684413,T,KO,I,8,71.27
2025-11-13,9:30:35.132708540,T,KO,I,12,71.26
2025-11-13,9:30:35.132784230,T,KO,I,50,71.26
2025-11-13,9:30:35.132786662,T,KO,,100,71.26
2025-11-13,9:30:35.132786662,T,KO,,100,71.26
2025-11-13,9:30:35.132918945,T,KO,I,12,71.26
2025-11-13,9:30:35.132918945,T,KO,I,12,71.26
2025-11-13,9:30:35.132955056,T,KO,,100,71.26
2025-11-13,9:30:35.133063317,T,KO,,100,71.26
2025-11-13,9:30:35.133063317,T,KO,I,12,71.26
2025-11-13,9:30:35.133066351,T,KO,I,1,71.26
2025-11-13,9:30:35.133382142,T,KO,I,10,71.26
2025-11-13,9:30:35.167050249,T,KO,F I,51,71.25
2025-11-13,9:30:35.167053861,T,KO,I,51,71.25
2025-11-13,9:30:35.167071342,T,KO,I,4,71.25
2025-11-13,9:30:35.167071342,T,KO,F I,51,71.25
2025-11-13,9:30:35.167152588,T,KO,F I,13,71.25
2025-11-13,9:30:35.167155814,T,KO,F I,13,71.25
2025-11-13,9:30:35.167155814,T,KO,F I,13,71.25
2025-11-13,9:30:35.167155814,T,KO,F I,26,71.25
2025-11-13,9:30:35.167182873,T,KO,F I,10,71.25
2025-11-13,9:30:35.167182873,T,KO,F I,3,71.25
2025-11-13,9:30:35.167203611,T,KO,F I,10,71.25
2025-11-13,9:30:35.167215628,T,KO,F I,10,71.25
2025-11-13,9:30:35.167236675,T,KO,F I,48,71.25
2025-11-13,9:30:35.167338967,T,KO,,100,71.25
2025-11-13,9:30:35.167338967,T,KO,I,4,71.25
2025-11-13,9:30:37.252415010,T,KO,F I,10,71.25
2025-11-13,9:30:37.252415010,T,KO,F I,56,71.25
2025-11-13,9:30:37.252433042,T,KO,F I,66,71.25
2025-11-13,9:30:37.252502201,T,KO,F I,12,71.26
2025-11-13,9:30:37.252518059,T,KO,F I,33,71.26
2025-11-13,9:30:37.252580368,T,KO,I,7,71.25
2025-11-13,9:30:40.789968535,T,KO,F I,12,71.28
2025-11-13,9:30:40.789971537,T,KO,F I,5,71.28
2025-11-13,9:30:42.032576103,T,KO,I,5,71.27
2025-11-13,9:30:42.032576103,T,KO,I,1,71.27
2025-11-13,9:30:42.032614977,T,KO,I,1,71.27
2025-11-13,9:30:42.032648110,T,KO,,100,71.27
2025-11-13,9:30:42.032651079,T,KO,,300,71.27
2025-11-13,9:30:42.032651079,T,KO,I,13,71.28
2025-11-13,9:30:42.032654021,T,KO,,100,71.28
2025-11-13,9:30:42.032657071,T,KO,I,50,71.28
2025-11-13,9:30:42.032657071,T,KO,,300,71.28
2025-11-13,9:30:42.032711724,T,KO,,100,71.28
2025-11-13,9:30:42.032714160,T,KO,I,3,71.27
2025-11-13,9:30:42.032717697,T,KO,I,13,71.27
2025-11-13,9:30:42.032717697,T,KO,I,87,71.27
2025-11-13,9:30:42.032942685,T,KO,F,100,71.27
2025-11-13,9:30:42.033941115,T,KO,I,7,71.25
2025-11-13,9:30:42.134251048,T,KO,I,5,71.24
2025-11-13,9:30:42.923910710,T,KO,I,34,71.24
2025-11-13,9:30:42.924220804,T,KO,F I,16,71.24
2025-11-13,9:30:42.924223461,T,KO,F,100,71.25
2025-11-13,9:30:43.861396957,T,KO,F I,12,71.245
2025-11-13,9:30:43.861396957,T,KO,F I,50,71.25
2025-11-13,9:30:44.092990087,T,KO,F I,30,71.25
2025-11-13,9:30:44.092993116,T,KO,F I,70,71.26
2025-11-13,9:30:44.093053329,T,KO,I,30,71.26
2025-11-13,9:30:44.093137439,T,KO,F,100,71.26
2025-11-13,9:30:44.093459249,T,KO,F I,2,71.26
2025-11-13,9:30:44.164214722,T,KO,,100,71.26
2025-11-13,9:30:44.164214722,T,KO,I,12,71.26
2025-11-13,9:30:48.784310435,T,KO,F,206,71.25
2025-11-13,9:30:48.808800794,T,KO,I,4,71.23
2025-11-13,9:30:51.923249417,T,KO,I,1,71.24
2025-11-13,9:30:51.923288465,T,KO,I,1,71.24
2025-11-13,9:30:51.960926147,T,KO,F I,50,71.23
2025-11-13,9:30:51.960926147,T,KO,F I,13,71.23
2025-11-13,9:30:51.960950189,T,KO,F I,54,71.23
2025-11-13,9:30:51.960953620,T,KO,F I,6,71.23
2025-11-13,9:30:51.960953620,T,KO,F I,60,71.23
2025-11-13,9:30:51.969631889,T,KO,F I,50,71.23
2025-11-13,9:30:53.562333211,T,KO,F I,50,71.23
2025-11-13,9:30:53.562718143,T,KO,F I,64,71.23
2025-11-13,9:30:53.563524148,T,KO,F I,6,71.23
2025-11-13,9:30:55.205206083,T,KO,,100,71.225
2025-11-13,9:30:56.059306274,T,KO,I,98,71.24
2025-11-13,9:30:56.059309356,T,KO,I,82,71.24
2025-11-13,9:30:56.059324386,T,KO,I,1,71.24
2025-11-13,9:30:56.060536478,T,KO,I,19,71.23
2025-11-13,9:30:56.060536478,T,KO,,100,71.23
2025-11-13,9:30:56.060539248,T,KO,,100,71.23
2025-11-13,9:30:57.818511403,T,KO,F I,19,71.24
2025-11-13,9:30:57.820008792,T,KO,F,100,71.26
2025-11-13,9:30:57.829646772,T,KO,F I,25,71.26
2025-11-13,9:30:59.959433408,T,KO,F I,25,71.26
2025-11-13,9:30:59.959472431,T,KO,I,93,71.27
2025-11-13,9:30:59.959493376,T,KO,I,1,71.27
2025-11-13,9:30:59.959758532,T,KO,F I,70,71.25
2025-11-13,9:30:59.959758532,T,KO,F,100,71.25
2025-11-13,9:30:59.959761045,T,KO,F,300,71.25
2025-11-13,9:30:59.959764109,T,KO,F,192,71.24
2025-11-13,9:30:59.960124948,T,KO,F I,50,71.25
2025-11-13,9:30:59.960128385,T,KO,F I,10,71.25
2025-11-13,9:30:59.960134019,T,KO,F I,3,71.25
2025-11-13,9:30:59.960155434,T,KO,F I,1,71.25
2025-11-13,9:30:59.960158984,T,KO,I,1,71.25
2025-11-13,9:30:59.960161021,T,KO,F I,55,71.25
2025-11-13,9:30:59.960218207,T,KO,,100,71.25
2025-11-13,9:30:59.960251223,T,KO,F I,50,71.25
2025-11-13,9:30:59.960275340,T,KO,I,5,71.25
2025-11-13,9:30:59.966166322,T,KO,I,10,71.25
2025-11-13,9:30:59.966199499,T,KO,I,52,71.25
2025-11-13,9:30:59.966202374,T,KO,I,3,71.25
2025-11-13,9:30:59.966202374,T,KO,I,5,71.25
2025-11-13,9:31:00.334086576,T,KO,F I,5,71.24
2025-11-13,9:31:00.334086576,T,KO,F I,16,71.24
2025-11-13,9:31:00.334615926,T,KO,F I,50,71.23
2025-11-13,9:31:01.191891623,T,KO,I,88,71.24
2025-11-13,9:31:01.191915752,T,KO,F I,12,71.24
2025-11-13,9:31:01.191915752,T,KO,F I,50,71.24
2025-11-13,9:31:01.191918949,T,KO,F I,25,71.24
2025-11-13,9:31:01.191921700,T,KO,F I,32,71.24
2025-11-13,9:31:01.191921700,T,KO,I,1,71.24
2025-11-13,9:31:02.327032236,T,KO,I,12,71.235
2025-11-13,9:31:02.328325214,T,KO,I,30,71.24
2025-11-13,9:31:05.119479917,T,KO,I,50,71.225
2025-11-13,9:31:05.119786613,T,KO,I,25,71.225
2025-11-13,9:31:05.119795639,T,KO,F I,25,71.225
2025-11-13,9:31:05.119804691,T,KO,,300,71.225
2025-11-13,9:31:05.120012201,T,KO,F,100,71.23
2025-11-13,9:31:05.120252712,T,KO,I,50,71.23
2025-11-13,9:31:05.120276828,T,KO,F,200,71.225
2025-11-13,9:31:05.120279857,T,KO,F,196,71.23
2025-11-13,9:31:05.120297891,T,KO,I,1,71.23
2025-11-13,9:31:05.120535642,T,KO,F I,25,71.22
2025-11-13,9:31:05.120535642,T,KO,F,100,71.22
2025-11-13,9:31:05.120538460,T,KO,F I,67,71.22
2025-11-13,9:31:05.120541403,T,KO,F,100,71.22
2025-11-13,9:31:05.121104050,T,KO,F,1053,71.22
2025-11-13,9:31:05.121148967,T,KO,I,66,71.22
2025-11-13,9:31:05.121179567,T,KO,I,1,71.22
2025-11-13,9:31:05.121639040,T,KO,,100,71.22
2025-11-13,9:31:05.168229138,T,KO,I,25,71.22
2025-11-13,9:31:05.168229138,T,KO,,400,71.22
2025-11-13,9:31:05.170268600,T,KO,F,100,71.21
2025-11-13,9:31:05.170268600,T,KO,F,100,71.21
2025-11-13,9:31:05.170270856,T,KO,F,100,71.21
2025-11-13,9:31:05.170274031,T,KO,F,100,71.21
2025-11-13,9:31:05.884802882,T,KO,F I,50,71.18
2025-11-13,9:31:05.884805672,T,KO,F I,25,71.18
2025-11-13,9:31:05.885608661,T,KO,F,100,71.19
2025-11-13,9:31:05.894329456,T,KO,F,100,71.19
2025-11-13,9:31:05.894332399,T,KO,F,100,71.19
2025-11-13,9:31:05.894332399,T,KO,F I,94,71.19
2025-11-13,9:31:05.894350394,T,KO,I,1,71.19
2025-11-13,9:31:05.894783504,T,KO,F I,1,71.19
2025-11-13,9:31:05.894783504,T,KO,F I,1,71.19
2025-11-13,9:31:05.894795624,T,KO,F I,1,71.19
2025-11-13,9:31:05.894799071,T,KO,F I,1,71.19
2025-11-13,9:31:05.894801488,T,KO,F I,1,71.19
2025-11-13,9:31:05.894807530,T,KO,F I,1,71.19
2025-11-13,9:31:08.011732486,T,KO,F I,25,71.2
2025-11-13,9:31:08.016637117,T,KO,F,100,71.23
2025-11-13,9:31:08.016640126,T,KO,F I,25,71.23
2025-11-13,9:31:08.053008693,T,KO,,267,71.23
2025-11-13,9:31:08.053020770,T,KO,I,33,71.23
2025-11-13,9:31:08.053643764,T,KO,I,67,71.22
2025-11-13,9:31:08.053646269,T,KO,,100,71.22
2025-11-13,9:31:11.165833632,T,KO,,200,71.25
2025-11-13,9:31:11.165833632,T,KO,I,60,71.25
2025-11-13,9:31:11.165836530,T,KO,I,20,71.25
2025-11-13,9:31:11.165839605,T,KO,I,14,71.25
2025-11-13,9:31:12.322409750,T,KO,I,67,71.25
2025-11-13,9:31:14.595622283,T,KO,,100,71.27
2025-11-13,9:31:14.622879199,T,KO,,100,71.27
2025-11-13,9:31:14.622882258,T,KO,I,25,71.26
2025-11-13,9:31:14.622882258,T,KO,I,25,71.26
2025-11-13,9:31:14.622885234,T,KO,I,16,71.26
2025-11-13,9:31:15.681665036,T,KO,F I,11,71.26
2025-11-13,9:31:15.681665036,T,KO,F I,5,71.26
2025-11-13,9:31:16.123200470,T,KO,I,5,71.25
2025-11-13,9:31:16.811690371,T,KO,I,25,71.25
2025-11-13,9:31:16.811693259,T,KO,I,25,71.25
2025-11-13,9:31:18.674350496,T,KO,F,100,71.26
2025-11-13,9:31:18.674350496,T,KO,F I,25,71.26
2025-11-13,9:31:18.674368524,T,KO,I,1,71.26
2025-11-13,9:31:18.674380612,T,KO,F I,99,71.26
2025-11-13,9:31:18.674383643,T,KO,F I,1,71.26
2025-11-13,9:31:18.674389647,T,KO,F I,99,71.26
2025-11-13,9:31:18.674389647,T,KO,F I,1,71.26
2025-11-13,9:31:18.674392719,T,KO,F I,99,71.26
2025-11-13,9:31:18.674392719,T,KO,F I,99,71.26
2025-11-13,9:31:18.674405158,T,KO,F I,99,71.26
2025-11-13,9:31:18.674426228,T,KO,F I,1,71.26
2025-11-13,9:31:18.674428756,T,KO,F I,99,71.26
2025-11-13,9:31:18.674447096,T,KO,I,1,71.26
2025-11-13,9:31:18.674449809,T,KO,,100,71.255
2025-11-13,9:31:18.674452766,T,KO,,100,71.25
2025-11-13,9:31:18.674452766,T,KO,,100,71.25
2025-11-13,9:31:18.674456153,T,KO,I,16,71.25
2025-11-13,9:31:18.674470805,T,KO,I,1,71.25
2025-11-13,9:31:18.674510039,T,KO,I,74,71.25
2025-11-13,9:31:18.674513272,T,KO,I,86,71.25
2025-11-13,9:31:18.674894867,T,KO,I,4,71.25
2025-11-13,9:31:18.674927902,T,KO,I,30,71.25
2025-11-13,9:31:19.890961150,T,KO,F I,2,71.24
2025-11-13,9:31:20.559179636,T,KO,I,2,71.24
2025-11-13,9:31:20.859758147,T,KO,I,79,71.25
2025-11-13,9:31:20.859761679,T,KO,I,70,71.25
2025-11-13,9:31:20.859761679,T,KO,I,61,71.25
2025-11-13,9:31:20.860016084,T,KO,,100,71.24
2025-11-13,9:31:20.860019128,T,KO,,100,71.24
2025-11-13,9:31:20.860023095,T,KO,I,61,71.24
2025-11-13,9:31:20.860023095,T,KO,I,26,71.24
2025-11-13,9:31:20.860028361,T,KO,I,25,71.24
2025-11-13,9:31:20.860028361,T,KO,I,2,71.24
2025-11-13,9:31:21.484474936,T,KO,F,516,71.23
2025-11-13,9:31:21.512630497,T,KO,F,100,71.22
2025-11-13,9:31:21.512637428,T,KO,F,267,71.22
2025-11-13,9:31:21.512637428,T,KO,F I,26,71.22
2025-11-13,9:31:21.512639545,T,KO,F,100,71.22
2025-11-13,9:31:21.512639545,T,KO,F I,25,71.22
2025-11-13,9:31:21.512642484,T,KO,F,100,71.22
2025-11-13,9:31:21.513051421,T,KO,,200,71.22
2025-11-13,9:31:21.513072484,T,KO,I,1,71.22
2025-11-13,9:31:21.513162784,T,KO,I,99,71.22
2025-11-13,9:31:21.513529626,T,KO,,198,71.21
2025-11-13,9:31:23.300740396,T,KO,F I,50,71.22
2025-11-13,9:31:23.300740396,T,KO,F,100,71.22
2025-11-13,9:31:23.300746182,T,KO,F I,25,71.22
2025-11-13,9:31:23.300746182,T,KO,F,100,71.22
2025-11-13,9:31:23.300749175,T,KO,F I,2,71.22
2025-11-13,9:31:23.301008233,T,KO,F,100,71.23
2025-11-13,9:31:23.301008233,T,KO,F,100,71.23
2025-11-13,9:31:23.301010867,T,KO,F I,50,71.23
2025-11-13,9:31:29.960985002,T,KO,F I,6,71.23
2025-11-13,9:31:29.963222527,T,KO,I,7,71.21
2025-11-13,9:31:29.963222527,T,KO,,100,71.22
2025-11-13,9:31:29.963225279,T,KO,I,25,71.22
2025-11-13,9:31:30.563815652,T,KO,I,1,71.215
2025-11-13,9:31:34.412902034,T,KO,I,5,71.215
2025-11-13,9:31:34.412902034,T,KO,I,25,71.23
2025-11-13,9:31:34.412908373,T,KO,I,50,71.23
2025-11-13,9:31:34.412908373,T,KO,,100,71.23
2025-11-13,9:31:34.412911057,T,KO,,170,71.23
2025-11-13,9:31:34.412926126,T,KO,I,1,71.23
2025-11-13,9:31:34.414550823,T,KO,I,29,71.22
2025-11-13,9:31:34.414550823,T,KO,I,50,71.22
2025-11-13,9:31:34.414554031,T,KO,I,25,71.22
2025-11-13,9:31:34.414554031,T,KO,I,60,71.22
2025-11-13,9:31:34.414556146,T,KO,I,1,71.22
2025-11-13,9:31:34.414558958,T,KO,I,87,71.22
2025-11-13,9:31:34.414562060,T,KO,I,5,71.22
2025-11-13,9:31:34.414910888,T,KO,F I,1,71.21
2025-11-13,9:31:34.414926477,T,KO,F I,44,71.21
2025-11-13,9:31:34.414929144,T,KO,F,100,71.21
2025-11-13,9:31:34.414931948,T,KO,F I,45,71.21
2025-11-13,9:31:34.416351282,T,KO,F I,6,71.2
2025-11-13,9:31:35.873631088,T,KO,F I,25,71.19
2025-11-13,9:31:35.874226498,T,KO,I,42,71.2
2025-11-13,9:31:35.874280629,T,KO,I,58,71.2
2025-11-13,9:31:35.874283630,T,KO,I,58,71.2
2025-11-13,9:31:35.874286673,T,KO,I,16,71.2
2025-11-13,9:31:35.875633817,T,KO,F I,32,71.2
2025-11-13,9:31:35.875636941,T,KO,F,100,71.2
2025-11-13,9:31:36.627559788,T,KO,I,87,71.19
2025-11-13,9:31:36.877076025,T,KO,I,5,71.18
2025-11-13,9:31:36.877079066,T,KO,I,7,71.18
2025-11-13,9:31:36.877091104,T,KO,I,12,71.18
2025-11-13,9:31:37.463331278,T,KO,F,100,71.18
2025-11-13,9:31:37.463335141,T,KO,F I,50,71.18
2025-11-13,9:31:37.463335141,T,KO,F I,25,71.18
2025-11-13,9:31:37.463544771,T,KO,F,100,71.19
2025-11-13,9:31:37.463548273,T,KO,F I,50,71.19
2025-11-13,9:31:37.463548273,T,KO,F I,30,71.19
2025-11-13,9:31:37.463758930,T,KO,,100,71.185
2025-11-13,9:31:37.463761355,T,KO,,100,71.18
2025-11-13,9:31:37.463764819,T,KO,I,25,71.18
2025-11-13,9:31:37.463779382,T,KO,I,1,71.18
2025-11-13,9:31:37.992961824,T,KO,F I,50,71.2
2025-11-13,9:31:37.992961824,T,KO,F I,30,71.2
2025-11-13,9:31:37.992967705,T,KO,F I,19,71.2
2025-11-13,9:31:37.992976782,T,KO,I,1,71.2
2025-11-13,9:31:37.992979914,T,KO,F I,80,71.2
2025-11-13,9:31:37.992979914,T,KO,F I,25,71.2
2025-11-13,9:31:38.180262786,T,KO,F,300,71.2
2025-11-13,9:31:39.645373192,T,KO,I,10,71.195
2025-11-13,9:31:40.414993266,T,KO,I,10,71.195
2025-11-13,9:31:40.999020359,T,KO,F I,4,71.21
2025-11-13,9:31:42.625173186,T,KO,,196,71.26
2025-11-13,9:31:42.625176269,T,KO,I,5,71.26
2025-11-13,9:31:44.344106216,T,KO,F I,10,71.275
2025-11-13,9:31:46.863080306,T,KO,,100,71.3
2025-11-13,9:31:46.863083313,T,KO,I,2,71.3
2025-11-13,9:31:46.863085709,T,KO,,102,71.3
2025-11-13,9:31:46.863097780,T,KO,F I,21,71.3
2025-11-13,9:31:46.863100744,T,KO,I,1,71.3
2025-11-13,9:31:46.863329269,T,KO,F,100,71.3
2025-11-13,9:31:48.121068773,T,KO,F I,2,71.29
2025-11-13,9:31:48.439283864,T,KO,F I,5,71.28
2025-11-13,9:31:48.439286698,T,KO,F I,50,71.28
2025-11-13,9:31:49.231069512,T,KO,I,10,71.275
2025-11-13,9:31:49.252925610,T,KO,,100,71.275
2025-11-13,9:31:49.387673481,T,KO,I,5,71.27
2025-11-13,9:31:50.564709849,T,KO,I,1,71.265
2025-11-13,9:31:52.436839778,T,KO,F I,57,71.26
2025-11-13,9:31:52.436842739,T,KO,F I,25,71.26
2025-11-13,9:31:59.028283452,T,KO,I,10,71.235
2025-11-13,9:31:59.028283452,T,KO,I,6,71.235
2025-11-13,9:31:59.028286514,T,KO,,284,71.235
2025-11-13,9:31:59.031299719,T,KO,F I,4,71.23
2025-11-13,9:31:59.031299719,T,KO,F I,99,71.23
2025-11-13,9:31:59.070591901,T,KO,I,10,71.225
2025-11-13,9:31:59.070597326,T,KO,,300,71.23
2025-11-13,9:31:59.070600296,T,KO,I,1,71.23
2025-11-13,9:31:59.070600296,T,KO,I,99,71.23
2025-11-13,9:31:59.070603345,T,KO,I,90,71.23
2025-11-13,9:31:59.070612262,T,KO,I,1,71.23
2025-11-13,9:31:59.070666402,T,KO,I,9,71.23
2025-11-13,9:32:11.691945488,T,KO,I,53,71.26
2025-11-13,9:32:11.691948486,T,KO,I,25,71.26
2025-11-13,9:32:11.691951509,T,KO,I,22,71.26
2025-11-13,9:32:11.691966601,T,KO,F,278,71.26
2025-11-13,9:32:11.691969555,T,KO,F I,1,71.26
2025-11-13,9:32:11.691972931,T,KO,F I,1,71.26
2025-11-13,9:32:11.691975771,T,KO,F I,2,71.26
2025-11-13,9:32:11.691975771,T,KO,F,300,71.26
2025-11-13,9:32:11.691979004,T,KO,F I,1,71.26
2025-11-13,9:32:11.691982638,T,KO,F I,1,71.26
2025-11-13,9:32:11.691982638,T,KO,F I,20,71.26
2025-11-13,9:32:11.691985054,T,KO,F I,1,71.26
2025-11-13,9:32:11.691985054,T,KO,F,147,71.26
2025-11-13,9:32:11.691988165,T,KO,I,1,71.26
2025-11-13,9:32:11.691991447,T,KO,I,53,71.26
2025-11-13,9:32:11.740854024,T,KO,F I,25,71.26
2025-11-13,9:32:12.123831141,T,KO,F I,3,71.26
2025-11-13,9:32:13.818216780,T,KO,F I,94,71.27
2025-11-13,9:32:13.818219726,T,KO,F I,22,71.27
2025-11-13,9:32:13.845837445,T,KO,I,8,71.27
2025-11-13,9:32:13.845858486,T,KO,F I,25,71.26
2025-11-13,9:32:16.007081926,T,KO,F I,8,71.24
2025-11-13,9:32:18.113307310,T,KO,F I,6,71.23
2025-11-13,9:32:18.114065411,T,KO,I,5,71.22
2025-11-13,9:32:18.944851137,T,KO,F I,50,71.22
2025-11-13,9:32:18.944868958,T,KO,F I,25,71.22
2025-11-13,9:32:18.945124415,T,KO,F I,1,71.22
2025-11-13,9:32:18.945644964,T,KO,F I,7,71.22
2025-11-13,9:32:26.240151069,T,KO,I,11,71.28
2025-11-13,9:32:26.240175659,T,KO,F,144,71.28
2025-11-13,9:32:26.240175659,T,KO,F I,45,71.28
2025-11-13,9:32:26.240178050,T,KO,F,200,71.28
2025-11-13,9:32:27.000406722,T,KO,I,8,71.28
2025-11-13,9:32:29.557186261,T,KO,I,44,71.3
2025-11-13,9:32:29.557210264,T,KO,I,56,71.3
2025-11-13,9:32:29.557222346,T,KO,I,56,71.3
2025-11-13,9:32:29.557240378,T,KO,I,44,71.3
2025-11-13,9:32:29.557342654,T,KO,F I,6,71.3
2025-11-13,9:32:29.557492998,T,KO,I,6,71.3
2025-11-13,9:32:29.557496574,T,KO,I,35,71.3
2025-11-13,9:32:29.558179114,T,KO,F I,6,71.3
2025-11-13,9:32:30.319142205,T,KO,F I,25,71.29
2025-11-13,9:32:30.319144090,T,KO,F I,6,71.29
2025-11-13,9:32:30.319147044,T,KO,F,466,71.29
2025-11-13,9:32:30.326145204,T,KO,F,100,71.28
2025-11-13,9:32:30.326147725,T,KO,F,100,71.28
2025-11-13,9:32:30.326162744,T,KO,F I,71,71.28
2025-11-13,9:32:30.326165723,T,KO,F I,9,71.28
2025-11-13,9:32:32.301339075,T,KO,I,10,71.265
2025-11-13,9:32:32.797632134,T,KO,I,10,71.26
2025-11-13,9:32:32.939323524,T,KO,I,10,71.26
2025-11-13,9:32:38.809054609,T,KO,I,7,71.24
2025-11-13,9:32:38.809379977,T,KO,I,50,71.25
2025-11-13,9:32:38.809382630,T,KO,I,5,71.25
2025-11-13,9:32:38.809385324,T,KO,I,25,71.25
2025-11-13,9:32:40.602589650,T,KO,F I,7,71.26
2025-11-13,9:32:40.602589650,T,KO,F I,5,71.26
2025-11-13,9:32:40.982240608,T,KO,I,6,71.25
2025-11-13,9:32:40.982258676,T,KO,F I,94,71.25
2025-11-13,9:32:40.982261649,T,KO,F I,25,71.25
2025-11-13,9:32:41.389810329,T,KO,F I,15,71.24
2025-11-13,9:32:42.255430873,T,KO,F I,6,71.22
2025-11-13,9:32:42.255457992,T,KO,I,1,71.22
2025-11-13,9:32:42.432630877,T,KO,I,5,71.21
2025-11-13,9:32:44.614967582,T,KO,F I,5,71.2
2025-11-13,9:32:44.615947954,T,KO,I,7,71.19
2025-11-13,9:32:44.617965776,T,KO,I,3,71.185
2025-11-13,9:32:44.630692165,T,KO,F I,8,71.2
2025-11-13,9:32:44.630716114,T,KO,F I,36,71.2
2025-11-13,9:32:44.630716114,T,KO,F I,50,71.2
2025-11-13,9:32:44.632243740,T,KO,F I,44,71.2
2025-11-13,9:32:44.645502283,T,KO,I,2,71.2
2025-11-13,9:32:44.793430642,T,KO,I,10,71.2
2025-11-13,9:32:44.971716262,T,KO,I,10,71.2
2025-11-13,9:32:45.144062652,T,KO,I,10,71.2
2025-11-13,9:32:45.325102878,T,KO,I,5,71.19
2025-11-13,9:32:47.283243615,T,KO,F I,25,71.21
2025-11-13,9:32:47.283246467,T,KO,F I,2,71.21
2025-11-13,9:32:47.283249530,T,KO,F,100,71.21
2025-11-13,9:32:47.284458387,T,KO,F I,1,71.21
2025-11-13,9:32:47.284461347,T,KO,F I,25,71.21
2025-11-13,9:32:47.485457416,T,KO,F I,5,71.21
2025-11-13,9:32:51.793457636,T,KO,F,100,71.22
2025-11-13,9:32:51.793457636,T,KO,F I,13,71.22
2025-11-13,9:32:51.793460511,T,KO,F I,16,71.22
2025-11-13,9:32:51.793476054,T,KO,I,9,71.22
2025-11-13,9:32:54.620707123,T,KO,I,9,71.225
2025-11-13,9:32:56.326796507,T,KO,I,1,71.22
2025-11-13,9:32:56.363174218,T,KO,I,5,71.22
2025-11-13,9:32:56.363694408,T,KO,I,1,71.22
2025-11-13,9:32:56.363700472,T,KO,I,2,71.22
2025-11-13,9:32:56.363700472,T,KO,I,1,71.22
2025-11-13,9:32:56.363703386,T,KO,I,6,71.22
2025-11-13,9:32:56.363736456,T,KO,I,96,71.22
2025-11-13,9:32:56.363739531,T,KO,I,4,71.22
2025-11-13,9:32:58.348957124,T,KO,I,30,71.23
2025-11-13,9:32:58.348957124,T,KO,I,50,71.23
2025-11-13,9:32:58.475302775,T,KO,F,100,71.23
2025-11-13,9:32:59.824922981,T,KO,F I,50,71.23
2025-11-13,9:33:00.020325394,T,KO,F I,6,71.22
2025-11-13,9:33:00.034393038,T,KO,F I,2,71.21
2025-11-13,9:33:00.034393038,T,KO,F I,6,71.21
2025-11-13,9:33:00.034395923,T,KO,F I,50,71.21
2025-11-13,9:33:00.584222446,T,KO,I,1,71.205
2025-11-13,9:33:02.197080804,T,KO,I,1,71.21
2025-11-13,9:33:02.910112023,T,KO,I,8,71.21
2025-11-13,9:33:02.910115031,T,KO,I,25,71.21
2025-11-13,9:33:05.315532189,T,KO,F I,25,71.2
2025-11-13,9:33:05.315537987,T,KO,F,100,71.2
2025-11-13,9:33:05.315537987,T,KO,F,100,71.2
2025-11-13,9:33:05.315550372,T,KO,F,100,71.2
2025-11-13,9:33:05.315550372,T,KO,F,131,71.2
2025-11-13,9:33:05.315556001,T,KO,I,1,71.2
2025-11-13,9:33:05.315595092,T,KO,F,100,71.2
2025-11-13,9:33:05.315598159,T,KO,I,89,71.2
2025-11-13,9:33:05.808643377,T,KO,F I,2,71.19
2025-11-13,9:33:05.810495876,T,KO,F I,8,71.18
2025-11-13,9:33:10.255225835,T,KO,F,100,71.21
2025-11-13,9:33:10.255241481,T,KO,,100,71.21
2025-11-13,9:33:10.255246906,T,KO,I,1,71.21
2025-11-13,9:33:10.255256431,T,KO,F I,99,71.21
2025-11-13,9:33:11.024112127,T,KO,,100,71.225
2025-11-13,9:33:19.046811785,T,KO,F,300,71.22
2025-11-13,9:33:20.053032362,T,KO,F I,8,71.22
2025-11-13,9:33:20.054394613,T,KO,F I,11,71.22
2025-11-13,9:33:21.481037424,T,KO,F I,10,71.22
2025-11-13,9:33:22.692842566,T,KO,F,100,71.24
2025-11-13,9:33:22.692842566,T,KO,F,100,71.24
2025-11-13,9:33:22.692845588,T,KO,I,27,71.24
2025-11-13,9:33:22.699118594,T,KO,F I,51,71.24
2025-11-13,9:33:22.699169624,T,KO,F I,49,71.24
2025-11-13,9:33:22.699172708,T,KO,F I,50,71.24
2025-11-13,9:33:22.699175751,T,KO,F I,8,71.24
2025-11-13,9:33:22.706206465,T,KO,F I,11,71.24
2025-11-13,9:33:22.707084568,T,KO,F I,50,71.24
2025-11-13,9:33:22.707989720,T,KO,F I,50,71.24
2025-11-13,9:33:22.734269219,T,KO,F I,1,71.24
2025-11-13,9:33:22.756212487,T,KO,F,100,71.25
2025-11-13,9:33:25.219592512,T,KO,F I,50,71.26
2025-11-13,9:33:25.283064694,T,KO,I,50,71.26
2025-11-13,9:33:26.117949334,T,KO,F,100,71.25
2025-11-13,9:33:26.117952494,T,KO,F,432,71.25
2025-11-13,9:33:26.117952494,T,KO,F I,45,71.25
2025-11-13,9:33:26.578872003,T,KO,I,25,71.23
2025-11-13,9:33:28.113637175,T,KO,F I,2,71.23
2025-11-13,9:33:29.061801450,T,KO,,100,71.225
2025-11-13,9:33:29.062150264,T,KO,I,10,71.225
2025-11-13,9:33:29.282343697,T,KO,I,92,71.225
2025-11-13,9:33:30.587870123,T,KO,I,1,71.23
2025-11-13,9:33:38.107050567,T,KO,I,6,71.21
2025-11-13,9:33:38.736332239,T,KO,,100,71.21
2025-11-13,9:33:39.078784806,T,KO,I,21,71.22
2025-11-13,9:33:39.078805935,T,KO,I,32,71.22
2025-11-13,9:33:40.589565190,T,KO,I,1,71.225
2025-11-13,9:33:42.914919788,T,KO,I,50,71.22
2025-11-13,9:33:42.924492053,T,KO,I,34,71.22
2025-11-13,9:33:42.924492053,T,KO,,116,71.22
2025-11-13,9:33:43.033462487,T,KO,F I,25,71.21
2025-11-13,9:33:43.033467697,T,KO,F I,30,71.21
2025-11-13,9:33:43.033467697,T,KO,F I,6,71.21
2025-11-13,9:33:43.033470704,T,KO,F I,50,71.21
2025-11-13,9:33:43.033470704,T,KO,F,100,71.21
2025-11-13,9:33:43.104355466,T,KO,I,6,71.2
2025-11-13,9:33:43.104358490,T,KO,I,3,71.2
2025-11-13,9:33:43.105053229,T,KO,I,10,71.205
2025-11-13,9:33:43.105056537,T,KO,I,3,71.21
2025-11-13,9:33:43.105056537,T,KO,I,15,71.21
2025-11-13,9:33:43.105074198,T,KO,I,13,71.21
2025-11-13,9:33:43.105077237,T,KO,I,3,71.21
2025-11-13,9:33:43.105329808,T,KO,F I,50,71.21
2025-11-13,9:33:43.210273752,T,KO,I,7,71.21
2025-11-13,9:33:47.016568226,T,KO,I,78,71.215
2025-11-13,9:33:47.370574303,T,KO,I,7,71.22
2025-11-13,9:33:47.370625473,T,KO,,100,71.22
2025-11-13,9:33:47.370625473,T,KO,F,100,71.22
2025-11-13,9:33:50.518444478,T,KO,I,50,71.24
2025-11-13,9:33:50.518943691,T,KO,I,25,71.24
2025-11-13,9:33:50.518997872,T,KO,,100,71.24
2025-11-13,9:33:50.519000898,T,KO,I,34,71.24
2025-11-13,9:33:50.519012905,T,KO,,241,71.24
2025-11-13,9:33:50.519033976,T,KO,F,100,71.24
2025-11-13,9:33:50.520654860,T,KO,F I,7,71.23
2025-11-13,9:33:50.520654860,T,KO,F I,16,71.23
2025-11-13,9:33:50.520658098,T,KO,F,522,71.23
2025-11-13,9:33:50.520658098,T,KO,F I,50,71.23
2025-11-13,9:33:50.520660997,T,KO,F I,91,71.23
2025-11-13,9:33:50.976173729,T,KO,,100,71.225
2025-11-13,9:33:59.231188724,T,KO,I,72,71.21
2025-11-13,9:33:59.231251820,T,KO,I,28,71.21
2025-11-13,9:33:59.231254775,T,KO,I,35,71.21
2025-11-13,9:33:59.231278840,T,KO,I,1,71.21
2025-11-13,9:33:59.231699927,T,KO,I,26,71.21
2025-11-13,9:33:59.431465711,T,KO,F I,7,71.2
2025-11-13,9:34:03.044841719,T,KO,I,14,71.21
2025-11-13,9:34:03.044866034,T,KO,F,224,71.21
2025-11-13,9:34:03.349413522,T,KO,,100,71.22
2025-11-13,9:34:03.349416023,T,KO,I,25,71.22
2025-11-13,9:34:03.349416023,T,KO,I,50,71.22
2025-11-13,9:34:03.350182867,T,KO,F I,50,71.22
2025-11-13,9:34:03.380777681,T,KO,I,13,71.22
2025-11-13,9:34:03.380813850,T,KO,I,1,71.22
2025-11-13,9:34:03.421642615,T,KO,F I,50,71.21
2025-11-13,9:34:03.421642615,T,KO,F I,25,71.21
2025-11-13,9:34:03.421645125,T,KO,F,100,71.21
2025-11-13,9:34:03.421648101,T,KO,F I,7,71.21
2025-11-13,9:34:03.422168873,T,KO,I,3,71.21
2025-11-13,9:34:03.422168873,T,KO,I,3,71.21
2025-11-13,9:34:03.422174435,T,KO,,100,71.21
2025-11-13,9:34:03.422174435,T,KO,,300,71.21
2025-11-13,9:34:03.422796847,T,KO,F,100,71.21
2025-11-13,9:34:04.061193258,T,KO,F I,7,71.21
2025-11-13,9:34:04.061193258,T,KO,F I,36,71.21
2025-11-13,9:34:04.061247380,T,KO,,100,71.21
2025-11-13,9:34:04.061683382,T,KO,F,100,71.21
2025-11-13,9:34:05.870707993,T,KO,,100,71.21
2025-11-13,9:34:05.873149998,T,KO,F I,50,71.23
2025-11-13,9:34:05.879515952,T,KO,,100,71.23
2025-11-13,9:34:06.055056346,T,KO,F I,50,71.23
2025-11-13,9:34:06.055059441,T,KO,F I,25,71.23
2025-11-13,9:34:06.055059441,T,KO,F I,3,71.23
2025-11-13,9:34:06.180406602,T,KO,I,50,71.23
2025-11-13,9:34:06.180409635,T,KO,,100,71.23
2025-11-13,9:34:06.180412600,T,KO,I,25,71.23
2025-11-13,9:34:14.669496576,T,KO,F I,50,71.21
2025-11-13,9:34:14.669499321,T,KO,F I,25,71.21
2025-11-13,9:34:14.669499321,T,KO,F I,2,71.21
2025-11-13,9:34:15.498787157,T,KO,I,50,71.22
2025-11-13,9:34:15.499021920,T,KO,F I,48,71.21
2025-11-13,9:34:15.499025006,T,KO,F I,55,71.21
2025-11-13,9:34:15.499025006,T,KO,F I,39,71.21
2025-11-13,9:34:15.499027643,T,KO,F I,25,71.21
2025-11-13,9:34:15.499030723,T,KO,F I,50,71.21
2025-11-13,9:34:15.499076136,T,KO,,100,71.21
2025-11-13,9:34:15.499093882,T,KO,I,1,71.21
2025-11-13,9:34:15.499102898,T,KO,I,1,71.21
2025-11-13,9:34:15.602600308,T,KO,F,100,71.205
2025-11-13,9:34:15.602907140,T,KO,F,100,71.2
2025-11-13,9:34:15.602910092,T,KO,F,100,71.2
2025-11-13,9:34:15.602925116,T,KO,I,1,71.2
2025-11-13,9:34:15.602955229,T,KO,I,25,71.2
2025-11-13,9:34:15.602973607,T,KO,I,39,71.2
2025-11-13,9:34:15.602973607,T,KO,,108,71.2
2025-11-13,9:34:15.602979231,T,KO,I,39,71.2
2025-11-13,9:34:15.602979231,T,KO,I,50,71.2
2025-11-13,9:34:15.603012300,T,KO,I,50,71.21
2025-11-13,9:34:15.603016318,T,KO,I,25,71.21
2025-11-13,9:34:15.603016318,T,KO,,100,71.21
2025-11-13,9:34:15.603021341,T,KO,I,48,71.21
2025-11-13,9:34:15.648983450,T,KO,I,7,71.21
2025-11-13,9:34:15.649003940,T,KO,F I,42,71.21
2025-11-13,9:34:15.649006867,T,KO,F I,11,71.21
2025-11-13,9:34:15.649057994,T,KO,I,7,71.21
2025-11-13,9:34:16.515045785,T,KO,,100,71.22
2025-11-13,9:34:16.515045785,T,KO,I,50,71.22
2025-11-13,9:34:18.507239333,T,KO,,100,71.23
2025-11-13,9:34:18.507242353,T,KO,I,9,71.23
2025-11-13,9:34:18.507257748,T,KO,I,1,71.23
2025-11-13,9:34:18.507269774,T,KO,F I,40,71.23
2025-11-13,9:34:18.507272486,T,KO,F I,60,71.23
2025-11-13,9:34:18.507287412,T,KO,F I,40,71.23
2025-11-13,9:34:18.507290717,T,KO,F I,60,71.23
2025-11-13,9:34:18.507290717,T,KO,F I,40,71.23
2025-11-13,9:34:18.507293393,T,KO,F I,34,71.23
2025-11-13,9:34:19.435072067,T,KO,F I,66,71.23
2025-11-13,9:34:19.679864102,T,KO,I,41,71.24
2025-11-13,9:34:21.475991008,T,KO,I,20,71.24
2025-11-13,9:34:21.476006049,T,KO,I,39,71.24
2025-11-13,9:34:24.094420286,T,KO,F I,25,71.25
2025-11-13,9:34:24.094423304,T,KO,F,100,71.25
2025-11-13,9:34:24.802273204,T,KO,F I,6,71.24
2025-11-13,9:34:24.802276164,T,KO,F,100,71.24
2025-11-13,9:34:24.802276164,T,KO,F,100,71.24
2025-11-13,9:34:26.524598322,T,KO,F I,6,71.23
2025-11-13,9:34:26.904893558,T,KO,F,300,71.22
2025-11-13,9:34:26.904893558,T,KO,F,173,71.22
2025-11-13,9:34:26.904895873,T,KO,F,158,71.22
2025-11-13,9:34:26.904901889,T,KO,I,2,71.22
2025-11-13,9:34:26.904950015,T,KO,,100,71.22
2025-11-13,9:34:26.904986395,T,KO,I,46,71.23
2025-11-13,9:34:26.904986395,T,KO,,100,71.23
2025-11-13,9:34:26.904992225,T,KO,,100,71.23
2025-11-13,9:34:26.904995123,T,KO,I,50,71.23
2025-11-13,9:34:26.904995123,T,KO,,100,71.23
2025-11-13,9:34:26.904998117,T,KO,I,25,71.23
2025-11-13,9:34:26.905001139,T,KO,,100,71.23
2025-11-13,9:34:26.905001139,T,KO,,300,71.23
2025-11-13,9:34:26.905091722,T,KO,I,62,71.23
2025-11-13,9:34:26.905094699,T,KO,I,38,71.23
2025-11-13,9:34:26.905497333,T,KO,I,46,71.23
2025-11-13,9:34:26.905599768,T,KO,I,57,71.23
2025-11-13,9:34:26.905605648,T,KO,,100,71.23
2025-11-13,9:34:26.905605648,T,KO,,100,71.23
2025-11-13,9:34:26.905605648,T,KO,I,44,71.23
2025-11-13,9:34:26.905874132,T,KO,,100,71.22
2025-11-13,9:34:26.905874132,T,KO,I,46,71.22
2025-11-13,9:34:26.905879599,T,KO,,100,71.22
2025-11-13,9:34:26.905879599,T,KO,I,50,71.22
2025-11-13,9:34:26.905883028,T,KO,I,25,71.22
2025-11-13,9:34:26.905883028,T,KO,I,43,71.22
2025-11-13,9:34:26.906327355,T,KO,F I,7,71.22
2025-11-13,9:34:26.906330341,T,KO,F I,7,71.22
2025-11-13,9:34:27.106105365,T,KO,I,57,71.22
2025-11-13,9:34:27.106108260,T,KO,I,4,71.22
2025-11-13,9:34:27.106108260,T,KO,I,25,71.22
2025-11-13,9:34:27.106204815,T,KO,F,100,71.22
2025-11-13,9:34:27.106204815,T,KO,F I,46,71.22
2025-11-13,9:34:27.106228443,T,KO,I,1,71.22
2025-11-13,9:34:27.106760709,T,KO,F I,2,71.22
2025-11-13,9:34:27.106793751,T,KO,F I,44,71.22
2025-11-13,9:34:27.106797240,T,KO,F I,57,71.22
2025-11-13,9:34:27.107500453,T,KO,F,100,71.22
2025-11-13,9:34:27.107503731,T,KO,F I,46,71.22
2025-11-13,9:34:27.107503731,T,KO,F I,50,71.22
2025-11-13,9:34:27.769208521,T,KO,F I,6,71.21
2025-11-13,9:34:28.136918247,T,KO,I,53,71.21
2025-11-13,9:34:28.136939212,T,KO,F I,5,71.21
2025-11-13,9:34:28.136942627,T,KO,F,250,71.21
2025-11-13,9:34:28.136942627,T,KO,F I,25,71.21
2025-11-13,9:34:28.136945762,T,KO,F I,1,71.21
2025-11-13,9:34:28.136963889,T,KO,I,1,71.21
2025-11-13,9:34:28.137023468,T,KO,F I,18,71.21
2025-11-13,9:34:28.380660720,T,KO,F,100,71.22
2025-11-13,9:34:28.380679442,T,KO,F,100,71.22
2025-11-13,9:34:28.380679442,T,KO,I,1,71.22
2025-11-13,9:34:28.380687794,T,KO,F I,49,71.22
2025-11-13,9:34:28.380690779,T,KO,F I,1,71.22
2025-11-13,9:34:28.380690779,T,KO,I,24,71.22
2025-11-13,9:34:28.531818796,T,KO,I,47,71.22
2025-11-13,9:34:28.531821820,T,KO,,193,71.22
2025-11-13,9:34:28.531825258,T,KO,I,25,71.22
2025-11-13,9:34:28.531825258,T,KO,I,50,71.22
2025-11-13,9:34:29.115833678,T,KO,F I,47,71.21
2025-11-13,9:34:29.115884862,T,KO,I,47,71.21
2025-11-13,9:34:29.115884862,T,KO,,100,71.21
2025-11-13,9:34:29.116041181,T,KO,F I,47,71.21
2025-11-13,9:34:29.116044227,T,KO,F,100,71.21
2025-11-13,9:34:29.116068260,T,KO,F,100,71.21
2025-11-13,9:34:30.514266382,T,KO,I,50,71.21
2025-11-13,9:34:30.514269408,T,KO,,100,71.21
2025-11-13,9:34:30.514287472,T,KO,I,1,71.21
2025-11-13,9:34:30.514747853,T,KO,I,49,71.21
2025-11-13,9:34:30.514747853,T,KO,,100,71.21
2025-11-13,9:34:30.570473853,T,KO,I,2,71.2
2025-11-13,9:34:30.570479350,T,KO,,100,71.2
2025-11-13,9:34:30.570479350,T,KO,,100,71.2
2025-11-13,9:34:31.839228191,T,KO,I,49,71.2
2025-11-13,9:34:31.839228191,T,KO,I,3,71.2
2025-11-13,9:34:35.073224086,T,KO,F I,25,71.19
2025-11-13,9:34:35.073229358,T,KO,F,100,71.19
2025-11-13,9:34:35.073286514,T,KO,I,25,71.2
2025-11-13,9:34:36.416222152,T,KO,I,16,71.19
2025-11-13,9:34:36.416270330,T,KO,I,43,71.2
2025-11-13,9:34:36.416327220,T,KO,I,43,71.19
2025-11-13,9:34:36.416351292,T,KO,F,100,71.19
2025-11-13,9:34:36.416354568,T,KO,I,1,71.19
2025-11-13,9:34:36.416772367,T,KO,I,49,71.19
2025-11-13,9:34:36.416775255,T,KO,,100,71.19
2025-11-13,9:34:36.416775255,T,KO,I,81,71.19
2025-11-13,9:34:36.416856443,T,KO,,100,71.19
2025-11-13,9:34:36.416886513,T,KO,I,49,71.19
2025-11-13,9:34:36.416889877,T,KO,,100,71.19
2025-11-13,9:34:36.416889877,T,KO,I,49,71.19
2025-11-13,9:34:36.416892590,T,KO,,100,71.19
2025-11-13,9:34:36.416892590,T,KO,,100,71.19
2025-11-13,9:34:36.416905046,T,KO,F I,50,71.19
2025-11-13,9:34:36.417406733,T,KO,F I,49,71.19
2025-11-13,9:34:36.417406733,T,KO,F I,49,71.19
2025-11-13,9:34:36.417410052,T,KO,F I,2,71.19
2025-11-13,9:34:36.417413220,T,KO,F I,50,71.19
2025-11-13,9:34:36.417413220,T,KO,F,119,71.19
2025-11-13,9:34:36.417415900,T,KO,F I,6,71.19
2025-11-13,9:34:36.417430784,T,KO,I,1,71.19
2025-11-13,9:34:36.417454919,T,KO,F,100,71.19
2025-11-13,9:34:36.417457872,T,KO,I,49,71.19
2025-11-13,9:34:36.417461065,T,KO,I,51,71.19
2025-11-13,9:34:36.417481959,T,KO,F I,49,71.19
2025-11-13,9:34:36.417481959,T,KO,F I,49,71.19
2025-11-13,9:34:36.417485377,T,KO,F I,50,71.19
2025-11-13,9:34:36.711819931,T,KO,F I,5,71.18
2025-11-13,9:34:37.572620196,T,KO,I,49,71.18
2025-11-13,9:34:37.572623941,T,KO,I,2,71.18
2025-11-13,9:34:37.572626105,T,KO,I,25,71.18
2025-11-13,9:34:37.572626105,T,KO,I,2,71.18
2025-11-13,9:34:37.572632230,T,KO,,100,71.18
2025-11-13,9:34:37.573477312,T,KO,F I,2,71.18
2025-11-13,9:34:38.114528836,T,KO,I,50,71.18
2025-11-13,9:34:38.531751457,T,KO,,300,71.195
2025-11-13,9:34:38.531751457,T,KO,,233,71.2
2025-11-13,9:34:38.532500276,T,KO,F,100,71.19
2025-11-13,9:34:38.532503273,T,KO,F I,25,71.19
2025-11-13,9:34:38.532521337,T,KO,I,1,71.19
2025-11-13,9:34:38.607303964,T,KO,,100,71.195
2025-11-13,9:34:38.607303964,T,KO,I,49,71.2
2025-11-13,9:34:38.607309512,T,KO,I,50,71.2
2025-11-13,9:34:38.607324508,T,KO,I,1,71.2
2025-11-13,9:34:38.607339518,T,KO,,299,71.2
2025-11-13,9:34:38.607369613,T,KO,I,49,71.2
2025-11-13,9:34:38.607373220,T,KO,I,49,71.2
2025-11-13,9:34:38.607373220,T,KO,,100,71.2
2025-11-13,9:34:38.607375638,T,KO,,102,71.2
2025-11-13,9:34:39.412678595,T,KO,F I,49,71.2
2025-11-13,9:34:39.412771848,T,KO,F I,49,71.2
2025-11-13,9:34:39.412771848,T,KO,F I,61,71.2
2025-11-13,9:34:39.412798864,T,KO,F I,39,71.2
2025-11-13,9:34:39.412802062,T,KO,F I,25,71.2
2025-11-13,9:34:39.412802062,T,KO,F I,74,71.2
2025-11-13,9:34:39.412816905,T,KO,F I,24,71.2
2025-11-13,9:34:39.412819901,T,KO,F I,50,71.2
2025-11-13,9:34:39.612883518,T,KO,I,2,71.2
2025-11-13,9:34:39.612886851,T,KO,I,50,71.2
2025-11-13,9:34:39.612889451,T,KO,I,49,71.2
2025-11-13,9:34:39.612889451,T,KO,I,25,71.2
2025-11-13,9:34:39.613551070,T,KO,F I,7,71.2
2025-11-13,9:34:39.613553983,T,KO,F I,49,71.2
2025-11-13,9:34:39.613557047,T,KO,F,100,71.2
2025-11-13,9:34:39.613559990,T,KO,F I,50,71.2
2025-11-13,9:34:40.925945736,T,KO,F I,2,71.2
2025-11-13,9:34:40.925948887,T,KO,F I,2,71.2
2025-11-13,9:34:40.925951710,T,KO,F I,49,71.2
2025-11-13,9:34:40.925954777,T,KO,F I,50,71.2
2025-11-13,9:34:40.926390768,T,KO,I,50,71.21
2025-11-13,9:34:40.926390768,T,KO,I,54,71.21
2025-11-13,9:34:40.926408878,T,KO,I,1,71.21
2025-11-13,9:34:40.926423827,T,KO,I,1,71.21
2025-11-13,9:34:40.927620750,T,KO,I,2,71.2
2025-11-13,9:34:40.927620750,T,KO,I,25,71.2
2025-11-13,9:34:40.927624550,T,KO,I,7,71.2
2025-11-13,9:34:43.242819829,T,KO,I,46,71.2
2025-11-13,9:34:43.243902600,T,KO,F I,47,71.19
2025-11-13,9:34:43.243905447,T,KO,F,100,71.19
2025-11-13,9:34:43.244305444,T,KO,I,48,71.19
2025-11-13,9:34:43.244308370,T,KO,I,47,71.19
2025-11-13,9:34:43.244311367,T,KO,,100,71.19
2025-11-13,9:34:43.244392567,T,KO,,100,71.19
2025-11-13,9:34:43.244482733,T,KO,,100,71.19
2025-11-13,9:34:43.244482733,T,KO,I,48,71.19
2025-11-13,9:34:43.244486430,T,KO,I,48,71.19
2025-11-13,9:34:43.933898809,T,KO,F I,48,71.19
2025-11-13,9:34:43.935651922,T,KO,F I,8,71.19
2025-11-13,9:34:44.245675261,T,KO,I,50,71.2
2025-11-13,9:34:44.246096277,T,KO,F I,48,71.2
2025-11-13,9:34:44.246099476,T,KO,F,100,71.2
2025-11-13,9:34:45.095520335,T,KO,F I,48,71.2
2025-11-13,9:34:46.546392783,T,KO,,100,71.2
2025-11-13,9:34:46.546392783,T,KO,,300,71.2
2025-11-13,9:34:46.546394912,T,KO,,274,71.2
2025-11-13,9:34:46.546743814,T,KO,F I,28,71.2
2025-11-13,9:34:46.546779820,T,KO,I,9,71.21
2025-11-13,9:34:46.546783639,T,KO,I,50,71.21
2025-11-13,9:34:46.546783639,T,KO,,100,71.21
2025-11-13,9:34:46.546788880,T,KO,I,90,71.21
2025-11-13,9:34:46.546788880,T,KO,I,25,71.21
2025-11-13,9:34:46.546798004,T,KO,I,1,71.21
2025-11-13,9:34:46.547276082,T,KO,,100,71.2
2025-11-13,9:34:46.547278995,T,KO,,100,71.2
2025-11-13,9:34:46.547282662,T,KO,,100,71.2
2025-11-13,9:34:46.547282662,T,KO,I,50,71.2
2025-11-13,9:34:46.547285143,T,KO,,100,71.2
2025-11-13,9:34:46.547558994,T,KO,F,100,71.2
2025-11-13,9:34:46.547558994,T,KO,F,100,71.2
2025-11-13,9:34:46.547561800,T,KO,F I,50,71.2
2025-11-13,9:34:46.549868183,T,KO,I,18,71.2
2025-11-13,9:34:46.597128878,T,KO,I,31,71.2
2025-11-13,9:34:46.597128878,T,KO,I,50,71.2
2025-11-13,9:34:46.597131794,T,KO,,100,71.2
2025-11-13,9:34:50.150665180,T,KO,F I,18,71.2
2025-11-13,9:34:50.150668736,T,KO,F I,13,71.2
2025-11-13,9:34:50.150671221,T,KO,F I,18,71.2
2025-11-13,9:34:50.150674252,T,KO,F I,2,71.2
2025-11-13,9:34:50.150677283,T,KO,F I,7,71.2
2025-11-13,9:34:50.537738131,T,KO,I,50,71.2
2025-11-13,9:34:51.109432758,T,KO,F I,1,71.21
2025-11-13,9:34:51.109432758,T,KO,F I,50,71.21
2025-11-13,9:34:55.642013903,T,KO,F I,50,71.21
2025-11-13,9:34:55.642013903,T,KO,F I,75,71.21
2025-11-13,9:34:57.529239692,T,KO,F I,2,71.2
2025-11-13,9:35:02.251251097,T,KO,I,1,71.2
2025-11-13,9:35:02.251284151,T,KO,I,33,71.21
2025-11-13,9:35:03.002085243,T,KO,F,200,71.21
2025-11-13,9:35:03.675436991,T,KO,I,22,71.21
2025-11-13,9:35:03.675455022,T,KO,F I,78,71.21
2025-11-13,9:35:03.675458016,T,KO,F I,8,71.21
2025-11-13,9:35:03.675461082,T,KO,F I,21,71.21
2025-11-13,9:35:03.676089537,T,KO,,257,71.215
2025-11-13,9:35:04.177512711,T,KO,F I,50,71.22
2025-11-13,9:35:04.940694425,T,KO,I,86,71.24
2025-11-13,9:35:04.941542406,T,KO,F I,45,71.24
2025-11-13,9:35:04.942438568,T,KO,F,100,71.23
2025-11-13,9:35:04.942447683,T,KO,,100,71.23
2025-11-13,9:35:04.942462653,T,KO,I,1,71.23
2025-11-13,9:35:05.314622945,T,KO,I,45,71.23
2025-11-13,9:35:05.314625961,T,KO,I,16,71.23
2025-11-13,9:35:05.317849696,T,KO,I,50,71.24
2025-11-13,9:35:05.317918865,T,KO,F I,45,71.24
2025-11-13,9:35:05.321256838,T,KO,I,45,71.24
2025-11-13,9:35:05.321256838,T,KO,I,50,71.24
2025-11-13,9:35:05.321259775,T,KO,I,45,71.24
2025-11-13,9:35:05.321259775,T,KO,I,5,71.24
2025-11-13,9:35:05.321274791,T,KO,I,1,71.24
2025-11-13,9:35:05.321286826,T,KO,I,1,71.24
2025-11-13,9:35:06.058023667,T,KO,I,50,71.24
2025-11-13,9:35:06.058062572,T,KO,,100,71.24
2025-11-13,9:35:06.058066817,T,KO,,100,71.25
2025-11-13,9:35:06.058071669,T,KO,I,50,71.25
2025-11-13,9:35:06.058071669,T,KO,,100,71.25
2025-11-13,9:35:06.058074738,T,KO,,100,71.25
2025-11-13,9:35:06.058074738,T,KO,I,25,71.25
2025-11-13,9:35:06.058077648,T,KO,I,50,71.25
2025-11-13,9:35:06.058423485,T,KO,,100,71.25
2025-11-13,9:35:06.058426492,T,KO,I,45,71.25
2025-11-13,9:35:06.058664093,T,KO,F I,45,71.24
2025-11-13,9:35:06.058667890,T,KO,F,100,71.24
2025-11-13,9:35:06.058667890,T,KO,F,100,71.24
2025-11-13,9:35:06.058673118,T,KO,F I,25,71.24
2025-11-13,9:35:06.058709196,T,KO,,105,71.24
2025-11-13,9:35:06.061376903,T,KO,I,45,71.24
2025-11-13,9:35:06.061379618,T,KO,,100,71.24
2025-11-13,9:35:06.061379618,T,KO,,100,71.24
2025-11-13,9:35:06.061382497,T,KO,I,55,71.24
2025-11-13,9:35:06.323053777,T,KO,F I,55,71.24
2025-11-13,9:35:06.323053777,T,KO,F I,25,71.24
2025-11-13,9:35:06.323059881,T,KO,F,100,71.24
2025-11-13,9:35:06.323059881,T,KO,F I,27,71.24
2025-11-13,9:35:06.323077790,T,KO,,100,71.24
2025-11-13,9:35:06.323108057,T,KO,,100,71.24
2025-11-13,9:35:06.323110838,T,KO,I,44,71.24
2025-11-13,9:35:06.323113917,T,KO,,100,71.24
2025-11-13,9:35:07.304450177,T,KO,I,25,71.26
2025-11-13,9:35:07.304453201,T,KO,I,3,71.26
2025-11-13,9:35:07.304639714,T,KO,F I,44,71.26
2025-11-13,9:35:07.304639714,T,KO,F I,44,71.26
2025-11-13,9:35:07.304661341,T,KO,F,100,71.26
2025-11-13,9:35:07.304663666,T,KO,F I,50,71.26
2025-11-13,9:35:07.304726861,T,KO,I,50,71.25
2025-11-13,9:35:07.304730325,T,KO,,100,71.25
2025-11-13,9:35:08.950215908,T,KO,F I,44,71.25
2025-11-13,9:35:08.950233932,T,KO,F I,4,71.25
2025-11-13,9:35:11.671195431,T,KO,F I,2,71.25
2025-11-13,9:35:11.671198422,T,KO,F I,20,71.25
2025-11-13,9:35:11.671595350,T,KO,F I,33,71.24
2025-11-13,9:35:11.671598367,T,KO,F I,50,71.24
2025-11-13,9:35:11.671727579,T,KO,F I,50,71.24
2025-11-13,9:35:11.671797387,T,KO,,100,71.25
2025-11-13,9:35:11.671817857,T,KO,I,1,71.25
2025-11-13,9:35:11.671830482,T,KO,I,42,71.25
2025-11-13,9:35:11.671832886,T,KO,I,45,71.25
2025-11-13,9:35:11.854112052,T,KO,F I,1,71.24
2025-11-13,9:35:11.854112052,T,KO,F I,42,71.24
2025-11-13,9:35:13.318831428,T,KO,I,50,71.23
2025-11-13,9:35:13.319156313,T,KO,I,55,71.22
2025-11-13,9:35:14.222351390,T,KO,I,15,71.21
2025-11-13,9:35:14.222369396,T,KO,F I,35,71.21
2025-11-13,9:35:14.222423522,T,KO,F I,10,71.21
2025-11-13,9:35:14.222423522,T,KO,F I,25,71.21
2025-11-13,9:35:14.320201484,T,KO,I,44,71.21
2025-11-13,9:35:14.320201484,T,KO,I,54,71.21
2025-11-13,9:35:14.320219481,T,KO,I,1,71.21
2025-11-13,9:35:14.324348378,T,KO,F I,44,71.21
2025-11-13,9:35:14.324348378,T,KO,F I,25,71.21
2025-11-13,9:35:14.476432546,T,KO,I,44,71.21
2025-11-13,9:35:14.487808615,T,KO,I,4,71.21
2025-11-13,9:35:14.802454697,T,KO,F,100,71.22
2025-11-13,9:35:15.836247310,T,KO,I,13,71.22
2025-11-13,9:35:15.836283276,T,KO,I,1,71.22
2025-11-13,9:35:15.836313426,T,KO,I,30,71.22
2025-11-13,9:35:15.836346473,T,KO,I,44,71.22
2025-11-13,9:35:15.836346473,T,KO,I,28,71.23
2025-11-13,9:35:16.060371048,T,KO,F I,50,71.23
2025-11-13,9:35:16.190100018,T,KO,I,44,71.23
2025-11-13,9:35:16.190100018,T,KO,I,44,71.23
2025-11-13,9:35:16.190103039,T,KO,I,12,71.23
2025-11-13,9:35:16.190115016,T,KO,I,1,71.23
2025-11-13,9:35:16.883368073,T,KO,I,37,71.23
2025-11-13,9:35:21.314770310,T,KO,F I,7,71.23
2025-11-13,9:35:21.407703663,T,KO,I,6,71.245
2025-11-13,9:35:21.407742718,T,KO,,100,71.25
2025-11-13,9:35:21.407746043,T,KO,I,25,71.25
2025-11-13,9:35:21.407746043,T,KO,I,50,71.25
2025-11-13,9:35:21.407748851,T,KO,,300,71.25
2025-11-13,9:35:21.409682432,T,KO,I,45,71.24
2025-11-13,9:35:21.409685662,T,KO,,100,71.24
2025-11-13,9:35:21.409688542,T,KO,I,50,71.24
2025-11-13,9:35:21.409691444,T,KO,I,5,71.24
2025-11-13,9:35:21.409703413,T,KO,F I,3,71.24
2025-11-13,9:35:21.414773510,T,KO,I,50,71.23
2025-11-13,9:35:21.414773510,T,KO,I,50,71.23
2025-11-13,9:35:21.416316148,T,KO,I,50,71.23
2025-11-13,9:35:21.418475400,T,KO,F I,45,71.23
2025-11-13,9:35:21.418479248,T,KO,F I,56,71.23
2025-11-13,9:35:21.418479248,T,KO,F I,92,71.23
2025-11-13,9:35:21.418481402,T,KO,F I,50,71.23
2025-11-13,9:35:21.418484372,T,KO,F,100,71.23
2025-11-13,9:35:21.418517417,T,KO,F I,50,71.23
2025-11-13,9:35:21.418553543,T,KO,F I,44,71.23
2025-11-13,9:35:30.078554915,T,KO,I,55,71.265
2025-11-13,9:35:30.888943109,T,KO,,100,71.265
2025-11-13,9:35:34.523357300,T,KO,F I,2,71.23
2025-11-13,9:35:34.523357300,T,KO,F I,25,71.23
2025-11-13,9:35:36.548924395,T,KO,F,100,71.23
2025-11-13,9:35:36.549438542,T,KO,F I,46,71.23
2025-11-13,9:35:37.921351070,T,KO,I,46,71.22
2025-11-13,9:35:37.921753996,T,KO,F I,45,71.22
2025-11-13,9:35:37.921757485,T,KO,F,100,71.22
2025-11-13,9:35:37.921760127,T,KO,F,100,71.22
2025-11-13,9:35:37.921799098,T,KO,I,46,71.22
2025-11-13,9:35:37.921826175,T,KO,I,54,71.22
2025-11-13,9:35:37.921830207,T,KO,I,45,71.22
2025-11-13,9:35:37.921830207,T,KO,I,45,71.22
2025-11-13,9:35:37.921832445,T,KO,,100,71.22
2025-11-13,9:35:37.921835196,T,KO,,100,71.22
2025-11-13,9:35:37.922656102,T,KO,F I,45,71.22
2025-11-13,9:35:37.922656102,T,KO,F,100,71.22
2025-11-13,9:35:37.922665491,T,KO,F I,10,71.22
2025-11-13,9:35:37.922665491,T,KO,F I,45,71.22
2025-11-13,9:35:37.922668402,T,KO,F,100,71.22
2025-11-13,9:35:37.922671138,T,KO,F,100,71.22
2025-11-13,9:35:38.460691521,T,KO,I,10,71.22
2025-11-13,9:35:38.460694981,T,KO,I,1,71.22
2025-11-13,9:35:38.460697623,T,KO,I,55,71.22
2025-11-13,9:35:38.460697623,T,KO,I,4,71.22
2025-11-13,9:35:38.460712660,T,KO,I,25,71.22
2025-11-13,9:35:38.461157691,T,KO,F I,1,71.22
2025-11-13,9:35:38.461157691,T,KO,F I,55,71.22
2025-11-13,9:35:38.461217839,T,KO,I,1,71.22
2025-11-13,9:35:38.461217839,T,KO,I,32,71.22
2025-11-13,9:35:38.466152571,T,KO,I,45,71.22
2025-11-13,9:35:38.466152571,T,KO,I,8,71.22
2025-11-13,9:35:38.466155540,T,KO,I,47,71.22
2025-11-13,9:35:38.466173565,T,KO,I,1,71.22
2025-11-13,9:35:38.466179644,T,KO,F I,2,71.22
2025-11-13,9:35:38.558797210,T,KO,I,8,71.21
2025-11-13,9:35:38.558800201,T,KO,I,1,71.21
2025-11-13,9:35:39.651362391,T,KO,F I,45,71.22
2025-11-13,9:35:39.653392332,T,KO,F I,45,71.22
2025-11-13,9:35:39.653392332,T,KO,F I,2,71.22
2025-11-13,9:35:39.653395232,T,KO,F I,50,71.22
2025-11-13,9:35:40.538258785,T,KO,F I,4,71.22
2025-11-13,9:35:40.538261698,T,KO,F I,45,71.22
2025-11-13,9:35:40.538264660,T,KO,F I,50,71.22
2025-11-13,9:35:40.538264660,T,KO,F I,56,71.22
2025-11-13,9:35:40.538270968,T,KO,F I,44,71.22
2025-11-13,9:35:40.538270968,T,KO,F I,25,71.22
2025-11-13,9:35:40.538273673,T,KO,F I,90,71.22
2025-11-13,9:35:40.538297730,T,KO,I,50,71.22
2025-11-13,9:35:41.618226929,T,KO,I,1,71.22
2025-11-13,9:35:43.286540201,T,KO,I,50,71.215
2025-11-13,9:35:45.350292434,T,KO,F I,25,71.19
2025-11-13,9:35:46.636269225,T,KO,I,47,71.2
2025-11-13,9:35:46.636275640,T,KO,,100,71.2
2025-11-13,9:35:46.636278309,T,KO,I,50,71.2
2025-11-13,9:35:46.636278309,T,KO,I,25,71.2
2025-11-13,9:35:46.636281350,T,KO,I,50,71.2
2025-11-13,9:35:46.636281350,T,KO,,121,71.2
2025-11-13,9:35:46.650935235,T,KO,F I,3,71.21
2025-11-13,9:35:46.650938240,T,KO,F I,1,71.21
2025-11-13,9:35:46.650953525,T,KO,F I,96,71.21
2025-11-13,9:35:46.650956351,T,KO,F I,50,71.21
2025-11-13,9:35:46.650959863,T,KO,F I,25,71.21
2025-11-13,9:35:46.842371127,T,KO,I,8,71.21
2025-11-13,9:35:46.842404158,T,KO,I,1,71.21
2025-11-13,9:35:46.843086891,T,KO,I,39,71.21
2025-11-13,9:35:46.843089809,T,KO,I,4,71.21
2025-11-13,9:35:46.843089809,T,KO,I,2,71.21
2025-11-13,9:35:46.843913830,T,KO,I,48,71.21
2025-11-13,9:35:46.843916941,T,KO,I,9,71.21
2025-11-13,9:35:46.843916941,T,KO,I,30,71.21
2025-11-13,9:35:46.843919962,T,KO,I,1,71.21
2025-11-13,9:35:46.843922884,T,KO,I,8,71.21
2025-11-13,9:35:46.844043117,T,KO,F I,48,71.21
2025-11-13,9:35:47.664938309,T,KO,I,40,71.205
2025-11-13,9:35:48.675013921,T,KO,F,100,71.21
2025-11-13,9:35:48.862787158,T,KO,F,200,71.22
2025-11-13,9:35:50.061968376,T,KO,F,100,71.22
2025-11-13,9:35:50.061968376,T,KO,F,160,71.22
2025-11-13,9:35:50.081520773,T,KO,F I,50,71.23
2025-11-13,9:35:50.569129058,T,KO,I,59,71.24
2025-11-13,9:35:54.440119640,T,KO,I,50,71.25
2025-11-13,9:35:54.440817535,T,KO,I,46,71.25
2025-11-13,9:35:54.440821742,T,KO,,100,71.25
2025-11-13,9:35:54.441650237,T,KO,F I,46,71.25
2025-11-13,9:35:54.441653589,T,KO,F I,46,71.25
2025-11-13,9:35:54.441656635,T,KO,F I,50,71.25
2025-11-13,9:35:54.441656635,T,KO,F I,50,71.25
2025-11-13,9:35:54.441674274,T,KO,I,1,71.25
2025-11-13,9:35:56.304686394,T,KO,I,28,71.23
2025-11-13,9:35:56.919419414,T,KO,F I,2,71.22
2025-11-13,9:35:58.329859774,T,KO,I,24,71.22
2025-11-13,9:35:58.329880923,T,KO,I,22,71.22
2025-11-13,9:35:58.329883904,T,KO,,100,71.22
2025-11-13,9:36:02.078630197,T,KO,I,72,71.23
2025-11-13,9:36:02.078633096,T,KO,I,1,71.23
2025-11-13,9:36:02.124242758,T,KO,F I,44,71.23
2025-11-13,9:36:02.124242758,T,KO,F I,25,71.23
2025-11-13,9:36:02.124245782,T,KO,F I,8,71.23
2025-11-13,9:36:02.264223507,T,KO,I,44,71.23
2025-11-13,9:36:02.264223507,T,KO,I,44,71.23
2025-11-13,9:36:03.626407451,T,KO,F I,44,71.235
2025-11-13,9:36:03.655044683,T,KO,F I,44,71.23
2025-11-13,9:36:03.655943802,T,KO,F I,44,71.23
2025-11-13,9:36:03.655943802,T,KO,F I,10,71.23
2025-11-13,9:36:04.651155119,T,KO,F,100,71.24
2025-11-13,9:36:04.651158815,T,KO,F,100,71.24
2025-11-13,9:36:04.651177304,T,KO,I,1,71.24
2025-11-13,9:36:04.651179149,T,KO,I,99,71.24
2025-11-13,9:36:04.722377059,T,KO,F I,44,71.24
2025-11-13,9:36:04.722377059,T,KO,F I,44,71.24
2025-11-13,9:36:04.722379682,T,KO,F I,15,71.24
2025-11-13,9:36:05.137383139,T,KO,I,44,71.24
2025-11-13,9:36:05.156613985,T,KO,F I,44,71.245
2025-11-13,9:36:05.236863470,T,KO,,100,71.25
2025-11-13,9:36:05.236863470,T,KO,I,50,71.25
2025-11-13,9:36:05.237530647,T,KO,F,100,71.26
2025-11-13,9:36:07.291888433,T,KO,,100,71.27
2025-11-13,9:36:07.291915560,T,KO,I,92,71.27
2025-11-13,9:36:07.291924507,T,KO,I,8,71.27
2025-11-13,9:36:08.245468554,T,KO,F,100,71.27
2025-11-13,9:36:08.245486636,T,KO,I,1,71.27
2025-11-13,9:36:08.245495648,T,KO,F I,99,71.27
2025-11-13,9:36:08.245498647,T,KO,F,101,71.27
2025-11-13,9:36:08.486396422,T,KO,,100,71.265
2025-11-13,9:36:10.030742545,T,KO,,100,71.265
2025-11-13,9:36:10.030742545,T,KO,I,50,71.27
2025-11-13,9:36:10.030745529,T,KO,,180,71.27
2025-11-13,9:36:10.030748562,T,KO,I,50,71.27
2025-11-13,9:36:10.030790769,T,KO,I,45,71.27
2025-11-13,9:36:10.030790769,T,KO,I,11,71.27
2025-11-13,9:36:10.030803124,T,KO,I,50,71.27
2025-11-13,9:36:14.929758528,T,KO,F I,45,71.27
2025-11-13,9:36:14.929758528,T,KO,F I,11,71.27
2025-11-13,9:36:14.929788591,T,KO,I,39,71.27
2025-11-13,9:36:14.951163469,T,KO,,100,71.28
2025-11-13,9:36:14.951163469,T,KO,I,1,71.28
2025-11-13,9:36:14.951166458,T,KO,,600,71.28
2025-11-13,9:36:14.951184536,T,KO,I,1,71.28
2025-11-13,9:36:14.951187481,T,KO,I,20,71.28
2025-11-13,9:36:14.951196595,T,KO,F I,79,71.28
2025-11-13,9:36:14.965754347,T,KO,,100,71.285
2025-11-13,9:36:14.965754347,T,KO,I,44,71.28
2025-11-13,9:36:14.965757308,T,KO,I,25,71.28
2025-11-13,9:36:14.965757308,T,KO,I,31,71.28
2025-11-13,9:36:14.965778648,T,KO,F I,48,71.28
2025-11-13,9:36:14.965778648,T,KO,F,100,71.28
2025-11-13,9:36:14.965784329,T,KO,F I,50,71.28
2025-11-13,9:36:14.965784329,T,KO,F I,8,71.28
2025-11-13,9:36:14.965787782,T,KO,F I,50,71.28
2025-11-13,9:36:14.965787782,T,KO,F I,54,71.28
2025-11-13,9:36:14.965790704,T,KO,I,1,71.28
2025-11-13,9:36:15.872819658,T,KO,I,44,71.28
2025-11-13,9:36:19.567975314,T,KO,F I,1,71.285
2025-11-13,9:36:19.567978333,T,KO,F I,1,71.28
2025-11-13,9:36:19.567993334,T,KO,F I,1,71.28
2025-11-13,9:36:20.860955733,T,KO,F I,8,71.28
2025-11-13,9:36:20.861698848,T,KO,I,1,71.28
2025-11-13,9:36:20.861698848,T,KO,I,25,71.28
2025-11-13,9:36:20.861701476,T,KO,I,18,71.28
2025-11-13,9:36:21.005452822,T,KO,F I,1,71.28
2025-11-13,9:36:21.005500982,T,KO,F I,50,71.27
2025-11-13,9:36:21.584957027,T,KO,I,1,71.27
2025-11-13,9:36:22.885407429,T,KO,I,42,71.27
2025-11-13,9:36:22.885434453,T,KO,,158,71.27
2025-11-13,9:36:22.885434453,T,KO,I,25,71.27
2025-11-13,9:36:25.039073679,T,KO,I,50,71.29
2025-11-13,9:36:25.039076741,T,KO,I,10,71.29
2025-11-13,9:36:25.039106758,T,KO,I,1,71.29
2025-11-13,9:36:28.352325744,T,KO,I,10,71.29
2025-11-13,9:36:28.352346831,T,KO,I,15,71.29
2025-11-13,9:36:28.352349837,T,KO,I,50,71.29
2025-11-13,9:36:30.384653249,T,KO,I,6,71.29
2025-11-13,9:36:30.384674369,T,KO,I,94,71.29
2025-11-13,9:36:30.384677419,T,KO,,200,71.29
2025-11-13,9:36:30.384677419,T,KO,I,5,71.29
2025-11-13,9:36:33.221772327,T,KO,F I,12,71.31
2025-11-13,9:36:36.610185436,T,KO,F I,3,71.35
2025-11-13,9:36:36.610185436,T,KO,F I,25,71.35
2025-11-13,9:36:36.610188500,T,KO,F I,22,71.35
2025-11-13,9:36:38.918774864,T,KO,F I,28,71.35
2025-11-13,9:36:38.918777939,T,KO,F I,9,71.35
2025-11-13,9:36:38.918780874,T,KO,F I,2,71.35
2025-11-13,9:36:38.918780874,T,KO,F I,25,71.35
2025-11-13,9:36:38.918895475,T,KO,I,50,71.35
2025-11-13,9:36:38.918937833,T,KO,F I,39,71.35
2025-11-13,9:36:38.919992703,T,KO,F I,9,71.34
2025-11-13,9:36:38.919992703,T,KO,F I,50,71.34
2025-11-13,9:36:38.926752874,T,KO,I,11,71.34
2025-11-13,9:36:38.934490535,T,KO,F I,89,71.34
2025-11-13,9:36:38.934490535,T,KO,F I,12,71.34
2025-11-13,9:36:38.934508290,T,KO,I,1,71.34
2025-11-13,9:36:41.432894706,T,KO,F I,26,71.33
2025-11-13,9:36:42.156853972,T,KO,F I,9,71.33
2025-11-13,9:36:42.156856961,T,KO,F I,25,71.33
2025-11-13,9:36:42.890409026,T,KO,F I,1,71.32
2025-11-13,9:36:46.476687389,T,KO,F,100,71.295
2025-11-13,9:36:46.476690440,T,KO,F,810,71.29
2025-11-13,9:36:46.476705480,T,KO,I,1,71.29
2025-11-13,9:36:46.476708480,T,KO,F,500,71.29
2025-11-13,9:36:46.476714534,T,KO,F,489,71.29
2025-11-13,9:36:47.239508227,T,KO,F I,41,71.3
2025-11-13,9:36:56.053076500,T,KO,F,100,71.35
2025-11-13,9:36:56.058865292,T,KO,F I,32,71.35
2025-11-13,9:36:56.058868419,T,KO,F I,41,71.35
2025-11-13,9:36:56.058868419,T,KO,F I,25,71.35
2025-11-13,9:36:56.058871253,T,KO,F I,50,71.35
2025-11-13,9:36:56.058871253,T,KO,F I,6,71.35
2025-11-13,9:36:56.058877997,T,KO,F I,6,71.35
2025-11-13,9:36:58.378629269,T,KO,F I,2,71.34
2025-11-13,9:36:58.379429104,T,KO,I,45,71.34
2025-11-13,9:36:58.379432098,T,KO,I,74,71.34
2025-11-13,9:36:58.379450129,T,KO,I,1,71.34
2025-11-13,9:36:59.056416455,T,KO,I,1,71.34
2025-11-13,9:36:59.056455604,T,KO,I,1,71.34
2025-11-13,9:36:59.056512826,T,KO,I,45,71.34
2025-11-13,9:37:01.107075548,T,KO,I,1,71.345
2025-11-13,9:37:02.084030501,T,KO,F I,45,71.34
2025-11-13,9:37:02.084030501,T,KO,F I,10,71.34
2025-11-13,9:37:03.343417883,T,KO,F I,2,71.34
2025-11-13,9:37:03.343417883,T,KO,F I,25,71.34
2025-11-13,9:37:03.343423841,T,KO,F,100,71.34
2025-11-13,9:37:03.909627274,T,KO,F I,35,71.335
2025-11-13,9:37:05.390892191,T,KO,F I,25,71.34
2025-11-13,9:37:05.390895198,T,KO,F,100,71.34
2025-11-13,9:37:05.704224182,T,KO,F,100,71.33
2025-11-13,9:37:07.745614488,T,KO,F,100,71.34
2025-11-13,9:37:07.745614488,T,KO,F I,50,71.34
2025-11-13,9:37:09.885261420,T,KO,F I,8,71.33
2025-11-13,9:37:13.470198706,T,KO,I,6,71.325
2025-11-13,9:37:15.296998672,T,KO,I,89,71.33
2025-11-13,9:37:15.297013588,T,KO,I,1,71.33
2025-11-13,9:37:15.297022552,T,KO,F I,10,71.33
2025-11-13,9:37:15.297100742,T,KO,F I,1,71.33
2025-11-13,9:37:15.297260185,T,KO,F I,42,71.33
2025-11-13,9:37:15.297407664,T,KO,F I,50,71.33
2025-11-13,9:37:15.297786379,T,KO,,100,71.33
2025-11-13,9:37:15.623922086,T,KO,F I,42,71.33
2025-11-13,9:37:18.439341552,T,KO,F I,2,71.33
2025-11-13,9:37:18.439383625,T,KO,F I,42,71.33
2025-11-13,9:37:18.439393095,T,KO,F,100,71.33
2025-11-13,9:37:18.439395735,T,KO,F I,1,71.33
2025-11-13,9:37:18.439413723,T,KO,I,1,71.33
2025-11-13,9:37:18.439423398,T,KO,F I,1,71.33
2025-11-13,9:37:18.439428744,T,KO,I,48,71.33
2025-11-13,9:37:18.450579374,T,KO,F I,2,71.33
2025-11-13,9:37:18.450579374,T,KO,F I,42,71.33
2025-11-13,9:37:18.450582407,T,KO,F I,1,71.33
2025-11-13,9:37:18.450585434,T,KO,F I,42,71.33
2025-11-13,9:37:18.450585434,T,KO,F I,13,71.33
2025-11-13,9:37:20.496896009,T,KO,I,2,71.33
2025-11-13,9:37:20.496896009,T,KO,I,42,71.33
2025-11-13,9:37:20.496899085,T,KO,I,2,71.33
2025-11-13,9:37:20.575888169,T,KO,,100,71.34
2025-11-13,9:37:23.563275503,T,KO,,100,71.36
2025-11-13,9:37:26.712664367,T,KO,,100,71.37
2025-11-13,9:37:26.727215732,T,KO,,100,71.375
2025-11-13,9:37:29.555908765,T,KO,F,100,71.39
2025-11-13,9:37:29.555923755,T,KO,F I,50,71.39
2025-11-13,9:37:29.555926885,T,KO,F I,8,71.39
2025-11-13,9:37:29.555929805,T,KO,F I,25,71.39
2025-11-13,9:37:29.555929805,T,KO,I,1,71.39
2025-11-13,9:37:29.555941814,T,KO,F I,86,71.39
2025-11-13,9:37:31.133499122,T,KO,F I,1,71.39
2025-11-13,9:37:31.250216116,T,KO,,100,71.39
2025-11-13,9:37:36.387120212,T,KO,F,100,71.39
2025-11-13,9:37:39.948540785,T,KO,F I,50,71.42
2025-11-13,9:37:41.519340929,T,KO,,200,71.42
2025-11-13,9:37:42.250788183,T,KO,F I,1,71.42
2025-11-13,9:37:42.250791380,T,KO,F I,8,71.42
2025-11-13,9:37:42.250794189,T,KO,F I,3,71.42
2025-11-13,9:37:42.250794189,T,KO,F I,2,71.42
2025-11-13,9:37:44.667990059,T,KO,F,100,71.41
2025-11-13,9:37:44.667993171,T,KO,F I,8,71.41
2025-11-13,9:37:44.667993171,T,KO,F I,25,71.41
2025-11-13,9:37:44.669341079,T,KO,I,41,71.41
2025-11-13,9:37:44.669341079,T,KO,I,2,71.41
2025-11-13,9:37:44.669346330,T,KO,,100,71.41
2025-11-13,9:37:44.669346330,T,KO,I,1,71.41
2025-11-13,9:37:44.669361320,T,KO,I,1,71.41
2025-11-13,9:37:44.670329656,T,KO,F I,41,71.41
2025-11-13,9:37:44.685101169,T,KO,F,100,71.405
2025-11-13,9:37:44.685101169,T,KO,F I,14,71.4
2025-11-13,9:37:45.520153706,T,KO,I,14,71.41
2025-11-13,9:37:45.520234808,T,KO,F I,9,71.41
2025-11-13,9:37:45.520406286,T,KO,F I,41,71.41
2025-11-13,9:37:45.520406286,T,KO,F I,50,71.41
2025-11-13,9:37:45.520551177,T,KO,I,41,71.41
2025-11-13,9:37:45.520554146,T,KO,,100,71.41
2025-11-13,9:37:45.520557266,T,KO,I,41,71.41
2025-11-13,9:37:45.520559720,T,KO,I,1,71.41
2025-11-13,9:37:45.520559720,T,KO,I,17,71.41
2025-11-13,9:37:45.520580639,T,KO,F I,33,71.41
2025-11-13,9:37:45.521248342,T,KO,F I,4,71.41
2025-11-13,9:37:45.521251251,T,KO,F I,50,71.41
2025-11-13,9:37:45.521657335,T,KO,F I,41,71.41
2025-11-13,9:37:45.521660279,T,KO,F I,41,71.41
2025-11-13,9:37:45.521915804,T,KO,F I,2,71.41
2025-11-13,9:37:45.522424092,T,KO,F I,39,71.41
2025-11-13,9:37:46.483973242,T,KO,F I,9,71.41
2025-11-13,9:37:54.326348317,T,KO,F I,25,71.39
2025-11-13,9:37:56.217324144,T,KO,F I,25,71.38
2025-11-13,9:37:56.217483496,T,KO,,100,71.38
2025-11-13,9:37:56.778577736,T,KO,F I,40,71.38
2025-11-13,9:37:56.778601892,T,KO,F I,60,71.38
2025-11-13,9:37:56.778601892,T,KO,F I,60,71.38
2025-11-13,9:37:56.778605223,T,KO,F I,60,71.38
2025-11-13,9:37:56.778605223,T,KO,I,1,71.38
2025-11-13,9:37:56.778610916,T,KO,F I,30,71.38
2025-11-13,9:37:56.778613850,T,KO,I,60,71.38
2025-11-13,9:37:56.780271482,T,KO,I,1,71.38
2025-11-13,9:37:56.780274149,T,KO,I,42,71.38
2025-11-13,9:37:56.780274149,T,KO,I,25,71.38
2025-11-13,9:37:56.780297851,T,KO,I,67,71.38
2025-11-13,9:37:56.781176300,T,KO,F I,1,71.38
2025-11-13,9:37:56.781176300,T,KO,F I,5,71.38
2025-11-13,9:37:56.781182177,T,KO,F I,42,71.38
2025-11-13,9:37:56.781182177,T,KO,F I,42,71.38
2025-11-13,9:37:56.843250242,T,KO,I,41,71.38
2025-11-13,9:37:56.843279923,T,KO,I,1,71.38
2025-11-13,9:37:56.843279923,T,KO,I,1,71.38
2025-11-13,9:37:56.843282911,T,KO,I,25,71.38
2025-11-13,9:37:56.918513049,T,KO,F I,42,71.38
2025-11-13,9:37:56.918513049,T,KO,F I,42,71.38
2025-11-13,9:37:56.918519086,T,KO,F I,1,71.38
2025-11-13,9:37:57.255940742,T,KO,F I,50,71.37
2025-11-13,9:37:57.255943673,T,KO,F I,2,71.37
2025-11-13,9:37:57.257474375,T,KO,F I,42,71.37
2025-11-13,9:37:57.257477314,T,KO,F I,42,71.37
2025-11-13,9:37:57.419698673,T,KO,F I,42,71.37
2025-11-13,9:37:58.447582935,T,KO,,300,71.36
2025-11-13,9:37:58.447582935,T,KO,,275,71.36
2025-11-13,9:37:58.448572314,T,KO,I,50,71.35
2025-11-13,9:37:58.448575219,T,KO,,100,71.35
2025-11-13,9:37:58.448575219,T,KO,I,25,71.35
2025-11-13,9:37:58.448578141,T,KO,I,25,71.35
2025-11-13,9:37:58.448593274,T,KO,I,1,71.35
2025-11-13,9:38:00.403952288,T,KO,I,75,71.37
2025-11-13,9:38:00.403952288,T,KO,I,25,71.37
2025-11-13,9:38:00.532334058,T,KO,I,9,71.37
2025-11-13,9:38:02.226427862,T,KO,F I,8,71.37
2025-11-13,9:38:03.370761270,T,KO,F I,9,71.37
2025-11-13,9:38:03.370764316,T,KO,F I,1,71.37
2025-11-13,9:38:03.598418614,T,KO,F I,1,71.37
2025-11-13,9:38:03.598418614,T,KO,F I,25,71.37
2025-11-13,9:38:03.598421457,T,KO,F I,8,71.37
2025-11-13,9:38:03.613475607,T,KO,F I,8,71.36
2025-11-13,9:38:03.613475607,T,KO,F I,25,71.36
2025-11-13,9:38:03.613478378,T,KO,F I,67,71.36
2025-11-13,9:38:03.613490945,T,KO,F I,33,71.36
2025-11-13,9:38:03.613490945,T,KO,F I,50,71.36
2025-11-13,9:38:03.613496343,T,KO,I,1,71.36
2025-11-13,9:38:03.634943408,T,KO,F I,41,71.37
2025-11-13,9:38:03.634943408,T,KO,F I,50,71.37
2025-11-13,9:38:04.271562660,T,KO,I,8,71.37
2025-11-13,9:38:04.271592782,T,KO,I,1,71.37
2025-11-13,9:38:04.307050175,T,KO,I,32,71.37
2025-11-13,9:38:04.309188366,T,KO,F I,41,71.37
2025-11-13,9:38:04.309191630,T,KO,F I,50,71.37
2025-11-13,9:38:08.272880825,T,KO,F I,5,71.37
2025-11-13,9:38:08.272886684,T,KO,F I,41,71.37
2025-11-13,9:38:08.272886684,T,KO,F I,1,71.37
2025-11-13,9:38:08.272889657,T,KO,F I,2,71.37
2025-11-13,9:38:08.445678153,T,KO,F I,1,71.36
2025-11-13,9:38:08.446180446,T,KO,I,41,71.36
2025-11-13,9:38:08.446180446,T,KO,I,1,71.36
2025-11-13,9:38:09.286950322,T,KO,I,5,71.37
2025-11-13,9:38:09.688832927,T,KO,F I,41,71.37
2025-11-13,9:38:09.689160756,T,KO,I,38,71.37
2025-11-13,9:38:09.689202840,T,KO,I,1,71.37
2025-11-13,9:38:16.581188395,T,KO,F I,38,71.36
2025-11-13,9:38:16.581191392,T,KO,F I,1,71.36
2025-11-13,9:38:19.946732105,T,KO,I,6,71.35
2025-11-13,9:38:19.946741274,T,KO,,133,71.35
2025-11-13,9:38:19.962483628,T,KO,F I,39,71.35
2025-11-13,9:38:19.962486588,T,KO,F I,25,71.35
2025-11-13,9:38:22.142679226,T,KO,,100,71.36
2025-11-13,9:38:22.142697290,T,KO,I,27,71.36
2025-11-13,9:38:23.146803633,T,KO,F,100,71.37
2025-11-13,9:38:23.146803633,T,KO,F I,25,71.37
2025-11-13,9:38:26.579362014,T,KO,I,1,71.39
2025-11-13,9:38:26.579389036,T,KO,I,1,71.39
2025-11-13,9:38:27.948348464,T,KO,I,1,71.4
2025-11-13,9:38:27.948351549,T,KO,,100,71.4
2025-11-13,9:38:27.961149983,T,KO,F I,86,71.41
2025-11-13,9:38:27.961171019,T,KO,I,1,71.41
2025-11-13,9:38:27.961174005,T,KO,I,13,71.41
2025-11-13,9:38:27.961274101,T,KO,F I,39,71.41
2025-11-13,9:38:27.961274101,T,KO,F I,37,71.41
2025-11-13,9:38:27.961297383,T,KO,F,100,71.41
2025-11-13,9:38:27.982167032,T,KO,F I,14,71.4
2025-11-13,9:38:29.041830767,T,KO,I,3,71.41
2025-11-13,9:38:29.041830767,T,KO,I,39,71.41
2025-11-13,9:38:29.041833921,T,KO,I,35,71.41
2025-11-13,9:38:29.041833921,T,KO,I,13,71.41
2025-11-13,9:38:29.041870023,T,KO,F I,9,71.41
2025-11-13,9:38:29.041870023,T,KO,F I,5,71.41
2025-11-13,9:38:31.868990216,T,KO,I,33,71.415
2025-11-13,9:38:31.871056184,T,KO,I,3,71.415
2025-11-13,9:38:32.094533455,T,KO,F I,97,71.41
2025-11-13,9:38:32.094554489,T,KO,F I,68,71.41
2025-11-13,9:38:32.094554489,T,KO,F I,25,71.41
2025-11-13,9:38:32.094557424,T,KO,F I,1,71.41
2025-11-13,9:38:42.844004331,T,KO,,100,71.405
2025-11-13,9:38:44.039357560,T,KO,F I,8,71.4
2025-11-13,9:38:44.039357560,T,KO,F I,92,71.4
2025-11-13,9:38:44.039378289,T,KO,F I,8,71.4
2025-11-13,9:38:44.039381323,T,KO,F I,2,71.4
2025-11-13,9:38:50.027185638,T,KO,F I,8,71.39
2025-11-13,9:38:50.027185638,T,KO,F I,92,71.39
2025-11-13,9:38:50.027203398,T,KO,F I,8,71.39
2025-11-13,9:38:50.029882892,T,KO,F,400,71.38
2025-11-13,9:38:50.029882892,T,KO,F I,25,71.38
2025-11-13,9:38:50.277372289,T,KO,,100,71.375
2025-11-13,9:38:55.121114773,T,KO,F I,90,71.37
2025-11-13,9:38:55.121119884,T,KO,F I,25,71.37
2025-11-13,9:38:55.121119884,T,KO,F,100,71.37
2025-11-13,9:38:55.121123013,T,KO,F I,50,71.37
2025-11-13,9:38:55.121123013,T,KO,F I,60,71.37
2025-11-13,9:38:55.121126508,T,KO,F,200,71.37
2025-11-13,9:38:56.996824966,T,KO,,100,71.38
2025-11-13,9:38:56.996827945,T,KO,,100,71.38
2025-11-13,9:38:56.996830902,T,KO,,200,71.38
2025-11-13,9:38:57.041141752,T,KO,F,100,71.37
2025-11-13,9:38:57.041144607,T,KO,F I,44,71.37
2025-11-13,9:38:57.041147753,T,KO,F I,50,71.37
2025-11-13,9:38:57.041147753,T,KO,F I,60,71.37
2025-11-13,9:38:57.041165521,T,KO,I,1,71.37
2025-11-13,9:38:57.041165521,T,KO,F I,39,71.37
2025-11-13,9:38:57.041168610,T,KO,F I,25,71.37
2025-11-13,9:38:57.151759904,T,KO,F I,2,71.36
2025-11-13,9:38:58.650986689,T,KO,I,54,71.35
2025-11-13,9:39:02.060299736,T,KO,F I,53,71.35
2025-11-13,9:39:02.060302804,T,KO,F I,25,71.35
2025-11-13,9:39:02.060305679,T,KO,F I,1,71.35
2025-11-13,9:39:02.290603145,T,KO,F I,37,71.36
2025-11-13,9:39:02.290603145,T,KO,F,100,71.36
2025-11-13,9:39:02.290606189,T,KO,F I,25,71.36
2025-11-13,9:39:02.290660754,T,KO,I,1,71.36
2025-11-13,9:39:02.290660754,T,KO,,100,71.36
2025-11-13,9:39:03.682320804,T,KO,,100,71.37
2025-11-13,9:39:03.682341815,T,KO,I,42,71.37
2025-11-13,9:39:03.682345703,T,KO,,100,71.37
2025-11-13,9:39:03.682384624,T,KO,,100,71.37
2025-11-13,9:39:03.682405015,T,KO,I,42,71.37
2025-11-13,9:39:03.682407958,T,KO,I,78,71.37
2025-11-13,9:39:05.457785431,T,KO,F I,22,71.37
2025-11-13,9:39:05.457788529,T,KO,F,100,71.37
2025-11-13,9:39:05.464082493,T,KO,F I,42,71.37
2025-11-13,9:39:05.464470354,T,KO,F I,50,71.37
2025-11-13,9:39:05.871110883,T,KO,,100,71.37
2025-11-13,9:39:05.871113839,T,KO,I,26,71.37
2025-11-13,9:39:05.871131891,T,KO,F I,16,71.37
2025-11-13,9:39:07.180781038,T,KO,,100,71.39
2025-11-13,9:39:07.863196266,T,KO,F I,31,71.39
2025-11-13,9:39:09.257912770,T,KO,F I,50,71.38
2025-11-13,9:39:09.270854995,T,KO,,100,71.38
2025-11-13,9:39:09.270854995,T,KO,,100,71.38
2025-11-13,9:39:09.889229742,T,KO,F I,2,71.38
2025-11-13,9:39:09.902503338,T,KO,F,353,71.37
2025-11-13,9:39:09.902524449,T,KO,I,1,71.37
2025-11-13,9:39:09.902536458,T,KO,F,100,71.37
2025-11-13,9:39:09.902539445,T,KO,F I,31,71.37
2025-11-13,9:39:10.143331922,T,KO,,100,71.37
2025-11-13,9:39:10.143331922,T,KO,I,25,71.37
2025-11-13,9:39:13.176764656,T,KO,,100,71.385
2025-11-13,9:39:19.102440717,T,KO,F I,8,71.38
2025-11-13,9:39:19.102443736,T,KO,F I,50,71.38
2025-11-13,9:39:20.604482094,T,KO,F,200,71.37
2025-11-13,9:39:20.617031575,T,KO,F I,44,71.37
2025-11-13,9:39:20.617031575,T,KO,F I,70,71.37
2025-11-13,9:39:20.617037008,T,KO,I,1,71.37
2025-11-13,9:39:20.617037008,T,KO,I,29,71.37
2025-11-13,9:39:22.811609824,T,KO,F I,18,71.38
2025-11-13,9:39:22.811609824,T,KO,F,200,71.38
2025-11-13,9:39:27.224030836,T,KO,F I,44,71.38
2025-11-13,9:39:27.224030836,T,KO,F I,3,71.38
2025-11-13,9:39:27.224034135,T,KO,F I,5,71.38
2025-11-13,9:39:27.224070163,T,KO,I,42,71.38
2025-11-13,9:39:27.224070163,T,KO,I,4,71.38
2025-11-13,9:39:27.224443450,T,KO,I,96,71.38
2025-11-13,9:39:27.224443450,T,KO,I,50,71.38
2025-11-13,9:39:31.259988203,T,KO,I,1,71.39
2025-11-13,9:39:31.259991246,T,KO,,173,71.39
2025-11-13,9:39:31.260006256,T,KO,I,1,71.39
2025-11-13,9:39:31.260006256,T,KO,I,2,71.39
2025-11-13,9:39:31.260009314,T,KO,I,24,71.39
2025-11-13,9:39:31.885132123,T,KO,F I,42,71.39
2025-11-13,9:39:31.885135070,T,KO,F,100,71.39
2025-11-13,9:39:31.885138062,T,KO,F I,2,71.39
2025-11-13,9:39:31.885153177,T,KO,I,1,71.39
2025-11-13,9:39:31.885156408,T,KO,F I,49,71.39
2025-11-13,9:39:36.644227756,T,KO,I,50,71.385
2025-11-13,9:39:40.794318984,T,KO,F,100,71.39
2025-11-13,9:39:40.794322505,T,KO,F,100,71.39
2025-11-13,9:39:40.794326140,T,KO,F I,25,71.39
2025-11-13,9:39:40.794326140,T,KO,F,100,71.39
2025-11-13,9:39:40.795363220,T,KO,F,100,71.4
2025-11-13,9:39:41.641695183,T,KO,I,50,71.42
2025-11-13,9:39:41.641698168,T,KO,,100,71.42
2025-11-13,9:39:41.641701163,T,KO,I,60,71.42
2025-11-13,9:39:41.642140265,T,KO,I,64,71.42
2025-11-13,9:39:41.642143823,T,KO,I,36,71.42
2025-11-13,9:39:41.797520265,T,KO,F,100,71.42
2025-11-13,9:39:41.797788006,T,KO,F,100,71.43
2025-11-13,9:39:41.797791263,T,KO,F,100,71.43
2025-11-13,9:39:41.797791263,T,KO,F I,50,71.43
2025-11-13,9:39:41.797800029,T,KO,F,100,71.43
2025-11-13,9:39:41.797996101,T,KO,F,100,71.43
2025-11-13,9:39:41.798025539,T,KO,I,5,71.43
2025-11-13,9:39:41.798097679,T,KO,F I,5,71.43
2025-11-13,9:39:41.798100681,T,KO,F,100,71.43
2025-11-13,9:39:41.798308685,T,KO,F,100,71.43
2025-11-13,9:39:44.418078793,T,KO,,100,71.415
2025-11-13,9:39:45.082514180,T,KO,I,10,71.415
2025-11-13,9:39:45.086880608,T,KO,F I,24,71.42
2025-11-13,9:39:45.086901599,T,KO,I,76,71.42
2025-11-13,9:39:45.087000853,T,KO,F I,25,71.42
2025-11-13,9:39:45.087003845,T,KO,F I,1,71.42
2025-11-13,9:39:45.087009936,T,KO,F I,76,71.42
2025-11-13,9:39:45.087009936,T,KO,F I,47,71.42
2025-11-13,9:39:45.189686494,T,KO,I,2,71.41
2025-11-13,9:39:46.195882981,T,KO,F I,9,71.405
2025-11-13,9:39:46.195882981,T,KO,F I,47,71.41
2025-11-13,9:39:46.195885893,T,KO,F,112,71.41
2025-11-13,9:39:46.195901213,T,KO,I,1,71.41
2025-11-13,9:39:46.195901213,T,KO,I,8,71.41
2025-11-13,9:39:51.011742119,T,KO,I,1,71.42
2025-11-13,9:39:54.400855555,T,KO,,100,71.425
2025-11-13,9:39:54.419872922,T,KO,F I,49,71.42
2025-11-13,9:39:57.929203981,T,KO,I,50,71.41
2025-11-13,9:39:57.929203981,T,KO,I,50,71.41
2025-11-13,9:39:57.929207342,T,KO,I,2,71.41
2025-11-13,9:39:57.930238457,T,KO,,100,71.41
2025-11-13,9:39:57.930241561,T,KO,I,47,71.41
2025-11-13,9:39:57.930698651,T,KO,I,50,71.41
2025-11-13,9:39:57.930702369,T,KO,I,25,71.41
2025-11-13,9:39:57.930702369,T,KO,I,50,71.41
2025-11-13,9:39:57.930704741,T,KO,I,47,71.41
2025-11-13,9:39:57.930707597,T,KO,,153,71.41
2025-11-13,9:39:57.930725710,T,KO,F,100,71.41
2025-11-13,9:39:57.930756258,T,KO,,100,71.41
2025-11-13,9:39:57.933243155,T,KO,I,47,71.41
2025-11-13,9:39:57.933245718,T,KO,,100,71.41
2025-11-13,9:39:57.933245718,T,KO,,100,71.41
2025-11-13,9:39:58.460798122,T,KO,I,1,71.415
2025-11-13,9:40:00.761598887,T,KO,F I,47,71.41
2025-11-13,9:40:00.761602000,T,KO,F I,1,71.41
2025-11-13,9:40:00.761602000,T,KO,F I,1,71.41
2025-11-13,9:40:00.761604888,T,KO,F I,9,71.41
2025-11-13,9:40:01.530779810,T,KO,F I,15,71.39
2025-11-13,9:40:01.536656009,T,KO,I,47,71.39
2025-11-13,9:40:01.536658842,T,KO,I,2,71.39
2025-11-13,9:40:01.536661936,T,KO,I,1,71.39
2025-11-13,9:40:01.536661936,T,KO,I,2,71.39
2025-11-13,9:40:02.875026436,T,KO,,100,71.41
2025-11-13,9:40:02.875029421,T,KO,I,25,71.41
2025-11-13,9:40:02.875032398,T,KO,I,50,71.41
2025-11-13,9:40:02.897712469,T,KO,I,47,71.41
2025-11-13,9:40:09.094102291,T,KO,F I,1,71.4
2025-11-13,9:40:09.094171477,T,KO,I,55,71.4
2025-11-13,9:40:09.094174499,T,KO,I,9,71.4
2025-11-13,9:40:09.094174499,T,KO,I,2,71.4
2025-11-13,9:40:09.094195552,T,KO,I,1,71.4
2025-11-13,9:40:09.124697232,T,KO,I,45,71.4
2025-11-13,9:40:10.392872026,T,KO,F I,10,71.405
2025-11-13,9:40:10.392872026,T,KO,F,123,71.41
2025-11-13,9:40:10.392874614,T,KO,F I,25,71.41
2025-11-13,9:40:10.392877599,T,KO,F I,50,71.41
2025-11-13,9:40:10.392877599,T,KO,F I,90,71.41
2025-11-13,9:40:10.392889632,T,KO,I,1,71.41
2025-11-13,9:40:10.392895628,T,KO,F I,9,71.41
2025-11-13,9:40:12.113350202,T,KO,I,45,71.41
2025-11-13,9:40:12.113353434,T,KO,I,9,71.41
2025-11-13,9:40:12.113353434,T,KO,I,25,71.41
2025-11-13,9:40:14.048967325,T,KO,I,50,71.41
2025-11-13,9:40:14.899383710,T,KO,I,24,71.405
2025-11-13,9:40:14.900526414,T,KO,I,2,71.405
2025-11-13,9:40:15.085569345,T,KO,I,25,71.4
2025-11-13,9:40:15.085569345,T,KO,I,50,71.4
2025-11-13,9:40:15.085587217,T,KO,F I,70,71.4
2025-11-13,9:40:15.086044351,T,KO,F I,1,71.4
2025-11-13,9:40:15.594916270,T,KO,I,26,71.39
2025-11-13,9:40:15.594919225,T,KO,I,25,71.39
2025-11-13,9:40:15.594919225,T,KO,I,49,71.39
2025-11-13,9:40:15.594934268,T,KO,I,1,71.39
2025-11-13,9:40:18.605689949,T,KO,,100,71.405
2025-11-13,9:40:18.605693002,T,KO,I,10,71.405
2025-11-13,9:40:20.167327331,T,KO,I,10,71.405
2025-11-13,9:40:20.745685871,T,KO,I,2,71.4
2025-11-13,9:40:25.386789853,T,KO,F,200,71.4
2025-11-13,9:40:25.443943654,T,KO,F I,50,71.41
2025-11-13,9:40:25.445769114,T,KO,F I,46,71.41
2025-11-13,9:40:25.445772048,T,KO,F I,1,71.41
2025-11-13,9:40:25.445772048,T,KO,F I,25,71.41
2025-11-13,9:40:29.516170405,T,KO,F,100,71.4
2025-11-13,9:40:29.516173371,T,KO,F I,2,71.4
2025-11-13,9:40:30.228789614,T,KO,,100,71.395
2025-11-13,9:40:32.899850777,T,KO,F I,7,71.39
2025-11-13,9:40:32.899850777,T,KO,F I,50,71.39
2025-11-13,9:40:33.410277048,T,KO,F I,46,71.39
2025-11-13,9:40:33.410279953,T,KO,F I,6,71.39
2025-11-13,9:40:36.015907768,T,KO,F,100,71.4
2025-11-13,9:40:36.015910743,T,KO,F,100,71.4
2025-11-13,9:40:36.027049256,T,KO,F I,43,71.4
2025-11-13,9:40:36.027052436,T,KO,F I,1,71.4
2025-11-13,9:40:36.027055329,T,KO,F I,25,71.4
2025-11-13,9:40:39.664266090,T,KO,F I,1,71.4
2025-11-13,9:40:39.664269094,T,KO,F I,43,71.4
2025-11-13,9:40:39.664272077,T,KO,F I,25,71.4
2025-11-13,9:40:39.664275408,T,KO,F I,9,71.4
2025-11-13,9:40:39.664275408,T,KO,F I,1,71.4
2025-11-13,9:40:40.970673512,T,KO,,300,71.405
2025-11-13,9:40:42.276861461,T,KO,,100,71.405
2025-11-13,9:40:43.742263565,T,KO,,100,71.405
2025-11-13,9:40:43.753317909,T,KO,,100,71.405
2025-11-13,9:40:46.877912643,T,KO,I,19,71.395
2025-11-13,9:40:46.877921746,T,KO,I,57,71.395
2025-11-13,9:40:46.928096167,T,KO,I,24,71.395
2025-11-13,9:40:46.928099194,T,KO,I,18,71.39
2025-11-13,9:40:47.067294702,T,KO,F I,32,71.39
2025-11-13,9:40:47.067294702,T,KO,F I,7,71.39
2025-11-13,9:40:47.067297716,T,KO,F,120,71.39
2025-11-13,9:40:47.067334464,T,KO,I,44,71.39
2025-11-13,9:40:47.067336810,T,KO,I,1,71.39
2025-11-13,9:40:47.067821018,T,KO,F I,44,71.39
2025-11-13,9:40:47.067823999,T,KO,F I,1,71.39
2025-11-13,9:40:47.067826992,T,KO,F I,11,71.39
2025-11-13,9:40:47.067938266,T,KO,F I,56,71.39
2025-11-13,9:40:47.292973593,T,KO,F I,1,71.39
2025-11-13,9:40:47.292973593,T,KO,F I,25,71.39
2025-11-13,9:40:47.295917745,T,KO,I,3,71.4
2025-11-13,9:40:47.295938254,T,KO,F I,97,71.4
2025-11-13,9:40:47.295941306,T,KO,F I,25,71.4
2025-11-13,9:40:47.295944320,T,KO,F I,50,71.4
2025-11-13,9:40:47.385687067,T,KO,I,1,71.4
2025-11-13,9:40:50.013318773,T,KO,F I,48,71.4
2025-11-13,9:40:50.013348378,T,KO,F I,51,71.4
2025-11-13,9:40:50.013351285,T,KO,F I,1,71.4
2025-11-13,9:40:50.027064026,T,KO,,100,71.405
2025-11-13,9:40:50.027064026,T,KO,,100,71.405
2025-11-13,9:40:50.133337145,T,KO,,100,71.405
2025-11-13,9:40:51.181423276,T,KO,,100,71.4
2025-11-13,9:40:53.991874910,T,KO,F I,2,71.39
2025-11-13,9:40:57.606020729,T,KO,F,300,71.39
2025-11-13,9:40:59.295687965,T,KO,I,1,71.39
2025-11-13,9:41:00.202497702,T,KO,F I,35,71.38
2025-11-13,9:41:03.542670004,T,KO,F I,2,71.37
2025-11-13,9:41:03.621995990,T,KO,F,100,71.365
2025-11-13,9:41:03.622007971,T,KO,F I,50,71.36
2025-11-13,9:41:03.622007971,T,KO,F I,25,71.36
2025-11-13,9:41:04.118524017,T,KO,F I,25,71.37
2025-11-13,9:41:04.118526511,T,KO,F I,1,71.37
2025-11-13,9:41:04.118526511,T,KO,F I,50,71.37
2025-11-13,9:41:06.559815890,T,KO,F,100,71.37
2025-11-13,9:41:09.400808283,T,KO,F I,10,71.37
2025-11-13,9:41:09.425795062,T,KO,F I,25,71.36
2025-11-13,9:41:09.425795062,T,KO,F,100,71.36
2025-11-13,9:41:09.425797909,T,KO,F I,50,71.36
2025-11-13,9:41:09.425797909,T,KO,F,125,71.36
2025-11-13,9:41:09.425806870,T,KO,I,1,71.36
2025-11-13,9:41:09.426676005,T,KO,F I,75,71.36
2025-11-13,9:41:10.329834898,T,KO,I,25,71.36
2025-11-13,9:41:10.329891988,T,KO,I,39,71.37
2025-11-13,9:41:10.329891988,T,KO,I,91,71.37
2025-11-13,9:41:10.329910029,T,KO,I,1,71.37
2025-11-13,9:41:11.006870413,T,KO,F I,39,71.37
2025-11-13,9:41:16.190646559,T,KO,,100,71.345
2025-11-13,9:41:16.245704685,T,KO,F I,6,71.35
2025-11-13,9:41:17.771496634,T,KO,,100,71.345
2025-11-13,9:41:21.749157141,T,KO,F I,1,71.35
2025-11-13,9:41:21.749160096,T,KO,F I,3,71.35
2025-11-13,9:41:21.749163254,T,KO,F,100,71.35
2025-11-13,9:41:21.749903215,T,KO,F I,40,71.35
2025-11-13,9:41:21.750844184,T,KO,I,39,71.35
2025-11-13,9:41:21.750844184,T,KO,I,40,71.35
2025-11-13,9:41:21.750847145,T,KO,I,21,71.35
2025-11-13,9:41:21.750886161,T,KO,I,19,71.35
2025-11-13,9:41:22.025551337,T,KO,I,59,71.35
2025-11-13,9:41:22.025584388,T,KO,F I,1,71.35
2025-11-13,9:41:22.025584388,T,KO,F I,12,71.35
2025-11-13,9:41:22.717706877,T,KO,F I,50,71.36
2025-11-13,9:41:22.717706877,T,KO,F I,25,71.36
2025-11-13,9:41:22.717710494,T,KO,F I,1,71.36
2025-11-13,9:41:22.717715893,T,KO,F,100,71.36
2025-11-13,9:41:23.537687738,T,KO,F I,39,71.36
2025-11-13,9:41:23.537690837,T,KO,F,100,71.36
2025-11-13,9:41:26.718444408,T,KO,I,34,71.36
2025-11-13,9:41:26.718447581,T,KO,F I,52,71.36
2025-11-13,9:41:26.718462566,T,KO,F,153,71.36
2025-11-13,9:41:27.297897477,T,KO,F I,3,71.38
2025-11-13,9:41:33.298382787,T,KO,F I,25,71.365
2025-11-13,9:41:34.281718809,T,KO,F I,5,71.37
2025-11-13,9:41:34.336256660,T,KO,F I,41,71.37
2025-11-13,9:41:34.336256660,T,KO,F I,2,71.37
2025-11-13,9:41:34.336259629,T,KO,F I,57,71.37
2025-11-13,9:41:34.336274824,T,KO,F I,43,71.37
2025-11-13,9:41:34.414355637,T,KO,I,40,71.37
2025-11-13,9:41:34.414358695,T,KO,,100,71.37
2025-11-13,9:41:34.414361646,T,KO,I,41,71.37
2025-11-13,9:41:34.414361646,T,KO,I,25,71.37
2025-11-13,9:41:36.651233153,T,KO,F,100,71.38
2025-11-13,9:41:36.766269121,T,KO,,100,71.385
2025-11-13,9:41:36.796403980,T,KO,,100,71.39
2025-11-13,9:41:36.796418975,T,KO,I,1,71.39
2025-11-13,9:41:36.796680607,T,KO,,100,71.39
2025-11-13,9:41:36.796683859,T,KO,I,40,71.39
2025-11-13,9:41:36.796683859,T,KO,I,40,71.39
2025-11-13,9:41:46.898102069,T,KO,,100,71.38
2025-11-13,9:41:46.898102069,T,KO,I,40,71.38
2025-11-13,9:41:47.169272947,T,KO,F I,9,71.38
2025-11-13,9:41:54.715650070,T,KO,F,111,71.38
2025-11-13,9:41:54.715668041,T,KO,I,1,71.38
2025-11-13,9:41:54.715683110,T,KO,F,388,71.38
2025-11-13,9:41:55.171421548,T,KO,I,4,71.38
2025-11-13,9:41:55.171457598,T,KO,F I,9,71.38
2025-11-13,9:41:55.171505741,T,KO,I,47,71.38
2025-11-13,9:41:55.171638003,T,KO,F I,47,71.38
2025-11-13,9:41:57.530618421,T,KO,F I,10,71.37
2025-11-13,9:41:57.530618421,T,KO,F I,9,71.37
2025-11-13,9:41:57.530621466,T,KO,F I,25,71.37
2025-11-13,9:41:57.530636437,T,KO,F I,5,71.37
2025-11-13,9:41:57.531535783,T,KO,I,46,71.37
2025-11-13,9:41:57.531538929,T,KO,,100,71.375
2025-11-13,9:41:57.531538929,T,KO,I,20,71.38
2025-11-13,9:41:57.531542116,T,KO,I,22,71.38
2025-11-13,9:41:57.531545597,T,KO,I,5,71.38
2025-11-13,9:41:57.531547631,T,KO,I,25,71.38
2025-11-13,9:41:57.531547631,T,KO,I,48,71.38
2025-11-13,9:41:57.531550634,T,KO,I,50,71.38
2025-11-13,9:41:57.531574732,T,KO,F,100,71.38
2025-11-13,9:41:57.541570483,T,KO,,100,71.38
2025-11-13,9:41:57.541573451,T,KO,I,46,71.38
2025-11-13,9:41:59.126323927,T,KO,F I,25,71.37
2025-11-13,9:42:04.532211989,T,KO,F I,2,71.35
2025-11-13,9:42:04.945498389,T,KO,,100,71.355
2025-11-13,9:42:06.278738726,T,KO,,100,71.355
2025-11-13,9:42:06.528712076,T,KO,F I,35,71.36
2025-11-13,9:42:06.528736502,T,KO,F I,65,71.36
2025-11-13,9:42:08.878343213,T,KO,F I,2,71.37
2025-11-13,9:42:09.823822048,T,KO,I,1,71.365
2025-11-13,9:42:09.826390135,T,KO,F I,1,71.37
2025-11-13,9:42:09.826393167,T,KO,F I,50,71.37
2025-11-13,9:42:11.616313233,T,KO,,121,71.375
2025-11-13,9:42:11.616316202,T,KO,,160,71.375
2025-11-13,9:42:12.035219950,T,KO,,100,71.38
2025-11-13,9:42:12.035222906,T,KO,I,13,71.38
2025-11-13,9:42:15.127421573,T,KO,I,9,71.38
2025-11-13,9:42:15.127421573,T,KO,I,4,71.38
2025-11-13,9:42:19.041673097,T,KO,F I,1,71.4
2025-11-13,9:42:19.041778670,T,KO,I,50,71.41
2025-11-13,9:42:19.041781301,T,KO,,100,71.41
2025-11-13,9:42:19.041784413,T,KO,I,25,71.41
2025-11-13,9:42:19.041784413,T,KO,I,60,71.41
2025-11-13,9:42:20.552071462,T,KO,F,163,71.42
2025-11-13,9:42:21.073224698,T,KO,F,100,71.43
2025-11-13,9:42:21.073227671,T,KO,F I,60,71.43
2025-11-13,9:42:21.073227671,T,KO,F I,59,71.43
2025-11-13,9:42:21.109512053,T,KO,,100,71.435
2025-11-13,9:42:26.229136376,T,KO,F,100,71.43
2025-11-13,9:42:26.229139542,T,KO,F I,50,71.43
2025-11-13,9:42:26.229139542,T,KO,F I,2,71.43
2025-11-13,9:42:26.229142405,T,KO,F I,10,71.43
2025-11-13,9:42:26.723351856,T,KO,F I,5,71.44
2025-11-13,9:42:26.723354979,T,KO,F,100,71.44
2025-11-13,9:42:26.723357469,T,KO,F,100,71.44
2025-11-13,9:42:27.426236626,T,KO,,100,71.445
2025-11-13,9:42:29.704688078,T,KO,,100,71.445
2025-11-13,9:42:31.727633199,T,KO,F I,10,71.44
2025-11-13,9:42:31.727636150,T,KO,F,150,71.44
2025-11-13,9:42:31.727639369,T,KO,F I,25,71.44
2025-11-13,9:42:31.727639369,T,KO,F I,50,71.44
2025-11-13,9:42:31.727642169,T,KO,F,100,71.44
2025-11-13,9:42:31.727645890,T,KO,F,100,71.44
2025-11-13,9:42:34.256373752,T,KO,F,100,71.45
2025-11-13,9:42:34.256373752,T,KO,F I,50,71.45
2025-11-13,9:42:34.260127353,T,KO,,100,71.445
2025-11-13,9:42:34.265025411,T,KO,F,100,71.46
2025-11-13,9:42:34.265028578,T,KO,F I,50,71.46
2025-11-13,9:42:34.265028578,T,KO,F I,25,71.46
2025-11-13,9:42:34.269151170,T,KO,F I,44,71.46
2025-11-13,9:42:34.269169552,T,KO,F I,33,71.46
2025-11-13,9:42:34.269169552,T,KO,F I,48,71.46
2025-11-13,9:42:34.270387153,T,KO,F I,50,71.45
2025-11-13,9:42:34.270469075,T,KO,F I,50,71.45
2025-11-13,9:42:34.270471490,T,KO,F I,50,71.45
2025-11-13,9:42:34.270474404,T,KO,F I,37,71.45
2025-11-13,9:42:34.273003315,T,KO,F I,50,71.46
2025-11-13,9:42:34.276879658,T,KO,F I,3,71.455
2025-11-13,9:42:34.276879658,T,KO,F I,97,71.45
2025-11-13,9:42:34.277426947,T,KO,I,1,71.45
2025-11-13,9:42:34.279129001,T,KO,F I,50,71.46
2025-11-13,9:42:34.281925724,T,KO,I,68,71.46
2025-11-13,9:42:34.285302637,T,KO,F I,1,71.46
2025-11-13,9:42:34.285443973,T,KO,F I,50,71.46
2025-11-13,9:42:34.286794570,T,KO,F I,2,71.45
2025-11-13,9:42:34.286794570,T,KO,F I,31,71.45
2025-11-13,9:42:34.287143022,T,KO,F I,19,71.45
2025-11-13,9:42:34.287146027,T,KO,F I,50,71.45
2025-11-13,9:42:34.288168534,T,KO,F I,2,71.46
2025-11-13,9:42:34.288451106,T,KO,F I,61,71.45
2025-11-13,9:42:34.288763894,T,KO,F I,39,71.45
2025-11-13,9:42:34.289173297,T,KO,F I,50,71.46
2025-11-13,9:42:34.289242089,T,KO,I,50,71.46
2025-11-13,9:42:34.290258491,T,KO,I,61,71.46
2025-11-13,9:42:34.292796703,T,KO,I,25,71.46
2025-11-13,9:42:34.292796703,T,KO,I,50,71.46
2025-11-13,9:42:34.293349820,T,KO,F I,39,71.46
2025-11-13,9:42:34.296194593,T,KO,I,50,71.46
2025-11-13,9:42:34.296573499,T,KO,F I,24,71.45
2025-11-13,9:42:34.301980419,T,KO,I,50,71.46
2025-11-13,9:42:34.303794371,T,KO,I,76,71.45
2025-11-13,9:42:34.303799662,T,KO,I,24,71.45
2025-11-13,9:42:34.306473062,T,KO,F I,26,71.45
2025-11-13,9:42:34.306476121,T,KO,F I,24,71.45
2025-11-13,9:42:34.307757689,T,KO,F I,25,71.46
2025-11-13,9:42:34.307760103,T,KO,F I,50,71.46
2025-11-13,9:42:34.307763110,T,KO,F,100,71.46
2025-11-13,9:42:34.307766112,T,KO,F,100,71.46
2025-11-13,9:42:34.308009827,T,KO,F I,92,71.46
2025-11-13,9:42:34.308015755,T,KO,I,8,71.46
2025-11-13,9:42:34.310235094,T,KO,F I,50,71.46
2025-11-13,9:42:34.312180702,T,KO,F I,50,71.46
2025-11-13,9:42:34.312421242,T,KO,F,100,71.46
2025-11-13,9:42:34.317467320,T,KO,I,50,71.46
2025-11-13,9:42:34.326759420,T,KO,I,50,71.46
2025-11-13,9:42:34.326759420,T,KO,I,25,71.46
2025-11-13,9:42:34.326762396,T,KO,I,25,71.46
2025-11-13,9:42:34.335874164,T,KO,F I,25,71.46
2025-11-13,9:42:34.373168922,T,KO,I,50,71.46
2025-11-13,9:42:34.545148547,T,KO,F,149,71.45
2025-11-13,9:42:34.545151501,T,KO,F I,5,71.45
2025-11-13,9:42:34.545151501,T,KO,F I,50,71.45
2025-11-13,9:42:35.176159474,T,KO,,100,71.445
2025-11-13,9:42:35.210726782,T,KO,,100,71.445
2025-11-13,9:42:36.594415296,T,KO,,100,71.445
2025-11-13,9:42:36.840620656,T,KO,F I,12,71.45
2025-11-13,9:42:37.053100867,T,KO,F I,25,71.45
2025-11-13,9:42:37.053100867,T,KO,F I,50,71.45
2025-11-13,9:42:37.843644657,T,KO,,100,71.445
2025-11-13,9:42:37.894522697,T,KO,,100,71.445
2025-11-13,9:42:41.281703001,T,KO,I,1,71.45
2025-11-13,9:42:41.281835246,T,KO,F,100,71.45
2025-11-13,9:42:41.281922505,T,KO,F I,2,71.45
2025-11-13,9:42:42.898666266,T,KO,I,1,71.45
2025-11-13,9:42:42.898666266,T,KO,I,26,71.45
2025-11-13,9:42:42.898684022,T,KO,I,26,71.45
2025-11-13,9:42:42.906807042,T,KO,I,42,71.45
2025-11-13,9:42:43.319623641,T,KO,I,42,71.45
2025-11-13,9:42:43.320654998,T,KO,I,41,71.45
2025-11-13,9:42:43.320658025,T,KO,I,61,71.45
2025-11-13,9:42:43.320676133,T,KO,I,1,71.45
2025-11-13,9:42:43.321067937,T,KO,F I,38,71.45
2025-11-13,9:42:43.321070060,T,KO,F I,2,71.45
2025-11-13,9:42:43.328780349,T,KO,,100,71.445
2025-11-13,9:42:43.341855496,T,KO,,100,71.445
2025-11-13,9:42:43.352570057,T,KO,,100,71.445
2025-11-13,9:42:43.401550743,T,KO,,100,71.445
2025-11-13,9:42:44.256129098,T,KO,F I,1,71.45
2025-11-13,9:42:44.256129098,T,KO,F I,2,71.45
2025-11-13,9:42:44.256159746,T,KO,I,1,71.45
2025-11-13,9:42:44.656797398,T,KO,I,16,71.45
2025-11-13,9:42:45.039654139,T,KO,F I,22,71.45
2025-11-13,9:42:45.143804293,T,KO,,100,71.455
2025-11-13,9:42:46.323513931,T,KO,I,10,71.47
2025-11-13,9:42:47.080143083,T,KO,I,50,71.47
2025-11-13,9:42:47.080143083,T,KO,I,25,71.47
2025-11-13,9:42:49.569552922,T,KO,F I,9,71.46
2025-11-13,9:42:49.569556120,T,KO,F I,50,71.46
2025-11-13,9:42:49.569559029,T,KO,F,100,71.46
2025-11-13,9:42:49.569559029,T,KO,F,300,71.46
2025-11-13,9:42:49.569574049,T,KO,I,1,71.46
2025-11-13,9:42:49.569587261,T,KO,F,176,71.46
2025-11-13,9:42:50.407486727,T,KO,I,12,71.46
2025-11-13,9:42:50.407558839,T,KO,F I,41,71.46
2025-11-13,9:42:50.407567866,T,KO,F I,41,71.46
2025-11-13,9:42:50.811207231,T,KO,I,41,71.46
2025-11-13,9:42:50.811210611,T,KO,I,1,71.46
2025-11-13,9:42:50.811210611,T,KO,I,21,71.46
2025-11-13,9:42:50.812578429,T,KO,F I,41,71.46
2025-11-13,9:42:52.311769099,T,KO,I,41,71.46
2025-11-13,9:42:52.311772132,T,KO,,100,71.46
2025-11-13,9:42:52.311790077,T,KO,I,1,71.46
2025-11-13,9:42:52.311838328,T,KO,,100,71.46
2025-11-13,9:42:52.311838328,T,KO,I,40,71.46
2025-11-13,9:42:52.311892381,T,KO,I,40,71.46
2025-11-13,9:43:00.133908916,T,KO,F,124,71.45
2025-11-13,9:43:00.133929924,T,KO,F I,76,71.45
2025-11-13,9:43:01.188662022,T,KO,F,100,71.45
2025-11-13,9:43:01.188674748,T,KO,F I,1,71.45
2025-11-13,9:43:01.188677024,T,KO,F I,1,71.45
2025-11-13,9:43:03.618307692,T,KO,I,50,71.46
2025-11-13,9:43:07.068391610,T,KO,F,100,71.44
2025-11-13,9:43:07.068394646,T,KO,F I,25,71.44
2025-11-13,9:43:12.373894718,T,KO,I,50,71.42
2025-11-13,9:43:12.373897816,T,KO,I,1,71.42
2025-11-13,9:43:12.373897816,T,KO,I,5,71.42
2025-11-13,9:43:15.823107042,T,KO,F,100,71.41
2025-11-13,9:43:15.823107042,T,KO,F I,25,71.41
2025-11-13,9:43:15.823109691,T,KO,F,100,71.41
2025-11-13,9:43:15.823807392,T,KO,I,32,71.41
2025-11-13,9:43:16.032251830,T,KO,I,25,71.41
2025-11-13,9:43:16.919653344,T,KO,I,21,71.41
2025-11-13,9:43:17.943246268,T,KO,F I,32,71.4
2025-11-13,9:43:21.957125128,T,KO,,100,71.4
2025-11-13,9:43:22.499421685,T,KO,F I,10,71.41
2025-11-13,9:43:22.650017373,T,KO,I,6,71.415
2025-11-13,9:43:23.200944612,T,KO,F I,25,71.41
2025-11-13,9:43:35.224030124,T,KO,F,100,71.43
2025-11-13,9:43:35.224032820,T,KO,F I,5,71.43
2025-11-13,9:43:36.599072723,T,KO,F,300,71.445
2025-11-13,9:43:36.599075748,T,KO,F,100,71.45
2025-11-13,9:43:36.599963070,T,KO,F I,39,71.45
2025-11-13,9:43:36.933336873,T,KO,I,1,71.45
2025-11-13,9:43:36.933339820,T,KO,I,39,71.45
2025-11-13,9:43:40.547539779,T,KO,F I,25,71.44
2025-11-13,9:43:40.547548801,T,KO,F,100,71.44
2025-11-13,9:43:43.388285556,T,KO,I,10,71.43
2025-11-13,9:43:46.133854592,T,KO,F I,10,71.42
2025-11-13,9:43:47.135278780,T,KO,F I,1,71.42
2025-11-13,9:43:50.879760896,T,KO,I,1,71.43
2025-11-13,9:43:50.879763987,T,KO,,200,71.43
2025-11-13,9:43:50.879763987,T,KO,,200,71.43
2025-11-13,9:43:53.129839841,T,KO,F I,25,71.45
2025-11-13,9:43:53.129842858,T,KO,F I,90,71.45
2025-11-13,9:43:54.331005702,T,KO,F I,50,71.46
2025-11-13,9:43:54.985947492,T,KO,F I,25,71.47
2025-11-13,9:43:54.985950596,T,KO,F I,17,71.47
2025-11-13,9:43:54.985974580,T,KO,I,83,71.47
2025-11-13,9:43:55.068542407,T,KO,,300,71.465
2025-11-13,9:44:02.629040943,T,KO,,100,71.465
2025-11-13,9:44:02.683952035,T,KO,I,10,71.46
2025-11-13,9:44:02.688892534,T,KO,I,39,71.46
2025-11-13,9:44:02.688895525,T,KO,,100,71.46
2025-11-13,9:44:02.688898500,T,KO,I,2,71.46
2025-11-13,9:44:04.283118462,T,KO,I,39,71.46
2025-11-13,9:44:04.283122148,T,KO,I,25,71.46
2025-11-13,9:44:15.569394951,T,KO,F,100,71.46
2025-11-13,9:44:15.569394951,T,KO,F,100,71.46
2025-11-13,9:44:17.493226814,T,KO,I,28,71.48
2025-11-13,9:44:17.493230066,T,KO,I,25,71.48
2025-11-13,9:44:18.462278795,T,KO,I,34,71.485
2025-11-13,9:44:18.928250616,T,KO,I,12,71.49
2025-11-13,9:44:21.944623630,T,KO,F I,10,71.48
2025-11-13,9:44:23.514368282,T,KO,I,1,71.47
2025-11-13,9:44:23.514368282,T,KO,I,25,71.47
2025-11-13,9:44:28.476221837,T,KO,I,77,71.46
2025-11-13,9:44:28.476239846,T,KO,I,75,71.46
2025-11-13,9:44:31.059677910,T,KO,F,200,71.46
2025-11-13,9:44:31.059677910,T,KO,F I,25,71.46
2025-11-13,9:44:31.059681563,T,KO,F I,90,71.46
2025-11-13,9:44:31.780425452,T,KO,,149,71.48
2025-11-13,9:44:31.780434412,T,KO,I,1,71.48
2025-11-13,9:44:31.780509662,T,KO,F I,28,71.48
2025-11-13,9:44:31.780558287,T,KO,I,22,71.48
2025-11-13,9:44:37.900451535,T,KO,F I,41,71.49
2025-11-13,9:44:37.900472467,T,KO,F I,59,71.49
2025-11-13,9:44:37.900475499,T,KO,F I,59,71.49
2025-11-13,9:44:37.900481942,T,KO,F I,41,71.49
2025-11-13,9:44:37.901122006,T,KO,F I,32,71.5
2025-11-13,9:44:37.901128191,T,KO,F I,49,71.5
2025-11-13,9:44:37.901128191,T,KO,F I,17,71.5
2025-11-13,9:44:37.901134014,T,KO,F,100,71.5
2025-11-13,9:44:37.901134014,T,KO,F I,8,71.5
2025-11-13,9:44:37.905010319,T,KO,F,100,71.5
2025-11-13,9:44:37.931371071,T,KO,,100,71.505
2025-11-13,9:44:39.032978722,T,KO,F I,6,71.51
2025-11-13,9:44:39.032982047,T,KO,F I,94,71.51
2025-11-13,9:44:39.032982047,T,KO,F I,6,71.51
2025-11-13,9:44:41.735900270,T,KO,F I,20,71.53
2025-11-13,9:44:41.739377147,T,KO,F I,45,71.53
2025-11-13,9:44:41.739379718,T,KO,F,100,71.53
2025-11-13,9:44:46.886543456,T,KO,F I,45,71.53
2025-11-13,9:44:46.886543456,T,KO,F I,55,71.53
2025-11-13,9:44:46.886555458,T,KO,F I,11,71.53
2025-11-13,9:44:46.914001794,T,KO,I,16,71.535
2025-11-13,9:44:47.418991648,T,KO,I,10,71.54
2025-11-13,9:44:47.809528870,T,KO,F,100,71.53
2025-11-13,9:44:48.849026611,T,KO,F I,9,71.53
2025-11-13,9:44:48.849029470,T,KO,F I,2,71.53
2025-11-13,9:44:48.849032526,T,KO,F I,25,71.53
2025-11-13,9:44:50.690868303,T,KO,F I,9,71.52
2025-11-13,9:44:50.690868303,T,KO,F,200,71.52
2025-11-13,9:44:55.028991365,T,KO,,100,71.515
2025-11-13,9:44:55.083400108,T,KO,F I,21,71.52
2025-11-13,9:44:55.083406198,T,KO,F,100,71.52
2025-11-13,9:44:55.083406198,T,KO,F I,90,71.53
2025-11-13,9:44:55.083408944,T,KO,F I,25,71.53
2025-11-13,9:44:55.083412113,T,KO,F I,90,71.54
2025-11-13,9:44:55.083415635,T,KO,F I,25,71.54
2025-11-13,9:44:55.083415635,T,KO,F,100,71.54
2025-11-13,9:44:55.083419197,T,KO,F,300,71.54
2025-11-13,9:44:55.083421180,T,KO,F I,70,71.54
2025-11-13,9:44:55.084151708,T,KO,I,25,71.53
2025-11-13,9:44:55.084154790,T,KO,I,50,71.53
2025-11-13,9:44:55.084654298,T,KO,F,300,71.535
2025-11-13,9:44:55.084654298,T,KO,F I,42,71.54
2025-11-13,9:44:55.084657238,T,KO,F,100,71.54
2025-11-13,9:44:55.085346089,T,KO,F I,42,71.54
2025-11-13,9:44:55.085346089,T,KO,F,100,71.54
2025-11-13,9:44:55.085349146,T,KO,F I,42,71.54
2025-11-13,9:44:56.405609914,T,KO,I,50,71.53
2025-11-13,9:44:56.405609914,T,KO,I,59,71.53
2025-11-13,9:44:56.405634038,T,KO,I,1,71.53
2025-11-13,9:44:56.405655242,T,KO,I,7,71.53
2025-11-13,9:44:57.301221098,T,KO,I,35,71.54
2025-11-13,9:44:57.301221098,T,KO,I,42,71.54
2025-11-13,9:44:57.301227043,T,KO,,100,71.54
2025-11-13,9:44:57.301227043,T,KO,I,23,71.54
2025-11-13,9:44:57.301239163,T,KO,I,1,71.54
2025-11-13,9:44:57.301248021,T,KO,I,1,71.54
2025-11-13,9:45:00.066510981,T,KO,I,4,71.53
2025-11-13,9:45:00.066532488,T,KO,F I,46,71.53
2025-11-13,9:45:01.178012442,T,KO,,100,71.525
2025-11-13,9:45:04.940098447,T,KO,,100,71.525
2025-11-13,9:45:08.202156633,T,KO,,100,71.525
2025-11-13,9:45:11.461141819,T,KO,F,100,71.52
2025-11-13,9:45:11.510726575,T,KO,,100,71.52
2025-11-13,9:45:11.510729790,T,KO,I,47,71.52
2025-11-13,9:45:11.510729790,T,KO,I,1,71.52
2025-11-13,9:45:11.854054288,T,KO,,100,71.525
2025-11-13,9:45:12.986858315,T,KO,F I,47,71.52
2025-11-13,9:45:13.151040305,T,KO,,100,71.51
2025-11-13,9:45:13.285012405,T,KO,I,25,71.515
2025-11-13,9:45:17.998327048,T,KO,I,50,71.47
2025-11-13,9:45:18.080473647,T,KO,I,6,71.47
2025-11-13,9:45:22.589079068,T,KO,,100,71.46
2025-11-13,9:45:22.589090805,T,KO,I,1,71.46
2025-11-13,9:45:22.589097220,T,KO,F I,1,71.46
2025-11-13,9:45:22.589097220,T,KO,F I,1,71.46
2025-11-13,9:45:22.589102828,T,KO,F I,1,71.46
2025-11-13,9:45:25.080290485,T,KO,F,100,71.45
2025-11-13,9:45:25.080290485,T,KO,F,100,71.45
2025-11-13,9:45:26.104607632,T,KO,I,18,71.46
2025-11-13,9:45:26.104622691,T,KO,F I,82,71.46
2025-11-13,9:45:26.104625722,T,KO,F,100,71.46
2025-11-13,9:45:26.104625722,T,KO,F,100,71.46
2025-11-13,9:45:26.104917382,T,KO,F I,50,71.46
2025-11-13,9:45:26.713131881,T,KO,F I,51,71.47
2025-11-13,9:45:26.713131881,T,KO,F I,22,71.47
2025-11-13,9:45:26.713134144,T,KO,F I,86,71.47
2025-11-13,9:45:26.713155005,T,KO,I,1,71.47
2025-11-13,9:45:26.713158133,T,KO,I,13,71.47
2025-11-13,9:45:26.713161628,T,KO,,100,71.47
2025-11-13,9:45:26.713191067,T,KO,F,100,71.47
2025-11-13,9:45:26.714809022,T,KO,I,16,71.475
2025-11-13,9:45:26.715281158,T,KO,F I,48,71.47
2025-11-13,9:45:26.715284921,T,KO,F I,25,71.47
2025-11-13,9:45:26.715287083,T,KO,F I,9,71.47
2025-11-13,9:45:26.727445063,T,KO,,100,71.465
2025-11-13,9:45:27.155150764,T,KO,I,75,71.445
2025-11-13,9:45:27.156467849,T,KO,I,48,71.45
2025-11-13,9:45:27.156467849,T,KO,I,2,71.45
2025-11-13,9:45:27.156669476,T,KO,F I,48,71.45
2025-11-13,9:45:27.156672385,T,KO,F,100,71.45
2025-11-13,9:45:27.815532598,T,KO,F,104,71.44
2025-11-13,9:45:27.815535503,T,KO,F I,75,71.44
2025-11-13,9:45:28.950318358,T,KO,I,48,71.44
2025-11-13,9:45:28.950318358,T,KO,I,1,71.44
2025-11-13,9:45:28.950321511,T,KO,I,69,71.44
2025-11-13,9:45:28.950321511,T,KO,F I,31,71.44
2025-11-13,9:45:28.950715948,T,KO,F I,49,71.44
2025-11-13,9:45:30.232214404,T,KO,I,11,71.44
2025-11-13,9:45:30.232214404,T,KO,I,26,71.44
2025-11-13,9:45:31.047654592,T,KO,F I,23,71.44
2025-11-13,9:45:31.047657657,T,KO,F I,77,71.44
2025-11-13,9:45:31.047678670,T,KO,I,13,71.44
2025-11-13,9:45:31.047678670,T,KO,I,87,71.44
2025-11-13,9:45:31.047681817,T,KO,I,1,71.44
2025-11-13,9:45:31.047681817,T,KO,F I,12,71.44
2025-11-13,9:45:31.764940825,T,KO,,100,71.445
2025-11-13,9:45:31.765283719,T,KO,,100,71.445
