DATE,TIME_M,EX,SYM_ROOT,TR_SCOND,SIZE,PRICE
2025-10-24,9:30:01.388658980,T,KO,I,1,69.98
2025-10-24,9:30:01.388686098,T,KO,Q,1,69.98
2025-10-24,9:30:02.005199396,T,KO,I,30,69.975
2025-10-24,9:30:02.076048239,T,KO,F,100,69.93
2025-10-24,9:30:02.076048239,T,KO,F,200,69.93
2025-10-24,9:30:02.076051165,T,KO,F I,15,69.93
2025-10-24,9:30:02.076267900,T,KO,F I,1,69.92
2025-10-24,9:30:02.076267900,T,KO,F,200,69.92
2025-10-24,9:30:02.076271018,T,KO,F,100,69.92
2025-10-24,9:30:02.076905245,T,KO,I,5,69.93
2025-10-24,9:30:02.076908242,T,KO,I,18,69.925
2025-10-24,9:30:02.076911256,T,KO,I,2,69.925
2025-10-24,9:30:02.076920277,T,KO,I,5,69.93
2025-10-24,9:30:02.076935388,T,KO,F I,11,69.93
2025-10-24,9:30:02.076935388,T,KO,F I,5,69.93
2025-10-24,9:30:02.076941261,T,KO,I,16,69.93
2025-10-24,9:30:02.076959332,T,KO,I,11,69.93
2025-10-24,9:30:02.076965328,T,KO,I,68,69.93
2025-10-24,9:30:02.139228793,T,KO,,200,69.91
2025-10-24,9:30:02.139231812,T,KO,,100,69.91
2025-10-24,9:30:02.139234672,T,KO,I,15,69.91
2025-10-24,9:30:02.139706807,T,KO,I,57,69.91
2025-10-24,9:30:02.139730806,T,KO,F,100,69.91
2025-10-24,9:30:02.139737415,T,KO,F,100,69.91
2025-10-24,9:30:02.139742878,T,KO,,100,69.92
2025-10-24,9:30:02.139742878,T,KO,,100,69.92
2025-10-24,9:30:02.139806028,T,KO,,100,69.91
2025-10-24,9:30:02.139827115,T,KO,,100,69.91
2025-10-24,9:30:02.139866284,T,KO,,100,69.91
2025-10-24,9:30:02.240840650,T,KO,F I,2,69.9
2025-10-24,9:30:02.240840650,T,KO,F I,17,69.9
2025-10-24,9:30:03.127833275,T,KO,F I,2,69.92
2025-10-24,9:30:03.147202408,T,KO,F I,13,69.92
2025-10-24,9:30:03.166989490,T,KO,I,5,69.95
2025-10-24,9:30:04.165388442,T,KO,,266,69.94
2025-10-24,9:30:04.165391466,T,KO,,100,69.93
2025-10-24,9:30:04.165391466,T,KO,I,77,69.92
2025-10-24,9:30:04.165410302,T,KO,F I,23,69.92
2025-10-24,9:30:04.165410302,T,KO,F,140,69.92
2025-10-24,9:30:04.165415541,T,KO,F I,3,69.92
2025-10-24,9:30:04.165415541,T,KO,F,200,69.92
2025-10-24,9:30:04.306192861,T,KO,I,83,69.9
2025-10-24,9:30:04.306192861,T,KO,,200,69.9
2025-10-24,9:30:04.306195809,T,KO,,100,69.9
2025-10-24,9:30:04.307001699,T,KO,F I,1,69.87
2025-10-24,9:30:04.307005189,T,KO,F,100,69.87
2025-10-24,9:30:04.307007685,T,KO,F I,6,69.87
2025-10-24,9:30:04.334000257,T,KO,F I,1,69.86
2025-10-24,9:30:04.334003212,T,KO,F,100,69.86
2025-10-24,9:30:04.334093197,T,KO,I,57,69.86
2025-10-24,9:30:04.334390986,T,KO,I,1,69.86
2025-10-24,9:30:04.334390986,T,KO,,100,69.86
2025-10-24,9:30:05.302875310,T,KO,F,100,69.875
2025-10-24,9:30:05.302875310,T,KO,F,100,69.9
2025-10-24,9:30:05.302976831,T,KO,F,100,69.91
2025-10-24,9:30:05.303016176,T,KO,,100,69.89
2025-10-24,9:30:05.303019849,T,KO,I,2,69.89
2025-10-24,9:30:05.303019849,T,KO,I,2,69.88
2025-10-24,9:30:05.303025121,T,KO,I,98,69.88
2025-10-24,9:30:05.303039953,T,KO,I,1,69.89
2025-10-24,9:30:05.303088124,T,KO,,102,69.88
2025-10-24,9:30:05.303803800,T,KO,F,143,69.88
2025-10-24,9:30:05.303821841,T,KO,F I,47,69.88
2025-10-24,9:30:05.304200810,T,KO,I,2,69.87
2025-10-24,9:30:05.304200810,T,KO,I,98,69.87
2025-10-24,9:30:05.304227880,T,KO,,100,69.86
2025-10-24,9:30:05.304234185,T,KO,,200,69.86
2025-10-24,9:30:05.304251854,T,KO,,100,69.86
2025-10-24,9:30:05.304348274,T,KO,F I,2,69.86
2025-10-24,9:30:05.304363134,T,KO,F,101,69.86
2025-10-24,9:30:05.304472012,T,KO,F,100,69.87
2025-10-24,9:30:05.304474378,T,KO,F,103,69.87
2025-10-24,9:30:05.304502546,T,KO,F I,97,69.87
2025-10-24,9:30:05.304504529,T,KO,F,100,69.87
2025-10-24,9:30:05.304751103,T,KO,,200,69.87
2025-10-24,9:30:05.304754078,T,KO,,200,69.87
2025-10-24,9:30:05.304802191,T,KO,,100,69.87
2025-10-24,9:30:05.304832448,T,KO,,200,69.86
2025-10-24,9:30:05.304832448,T,KO,I,58,69.86
2025-10-24,9:30:05.305145297,T,KO,,100,69.86
2025-10-24,9:30:05.305148073,T,KO,,100,69.86
2025-10-24,9:30:05.305151703,T,KO,,200,69.86
2025-10-24,9:30:05.305379528,T,KO,,200,69.87
2025-10-24,9:30:05.305421703,T,KO,F,100,69.87
2025-10-24,9:30:05.305439851,T,KO,,200,69.86
2025-10-24,9:30:05.305614129,T,KO,,200,69.86
2025-10-24,9:30:05.305728412,T,KO,,200,69.86
2025-10-24,9:30:05.305965974,T,KO,,100,69.87
2025-10-24,9:30:05.305965974,T,KO,,200,69.87
2025-10-24,9:30:05.306131395,T,KO,,100,69.86
2025-10-24,9:30:05.306131395,T,KO,,200,69.86
2025-10-24,9:30:05.306248693,T,KO,,100,69.86
2025-10-24,9:30:05.306248693,T,KO,,200,69.86
2025-10-24,9:30:05.306392987,T,KO,,200,69.86
2025-10-24,9:30:05.306666684,T,KO,,200,69.86
2025-10-24,9:30:05.306807932,T,KO,,100,69.86
2025-10-24,9:30:05.307219922,T,KO,,101,69.86
2025-10-24,9:30:05.307523733,T,KO,,100,69.86
2025-10-24,9:30:05.307526646,T,KO,,100,69.86
2025-10-24,9:30:05.308955061,T,KO,,200,69.87
2025-10-24,9:30:05.308958148,T,KO,,100,69.87
2025-10-24,9:30:05.309295043,T,KO,F,100,69.88
2025-10-24,9:30:05.309364736,T,KO,,200,69.87
2025-10-24,9:30:05.309830213,T,KO,,300,69.86
2025-10-24,9:30:05.309833472,T,KO,,200,69.86
2025-10-24,9:30:05.309833472,T,KO,I,18,69.86
2025-10-24,9:30:05.309852570,T,KO,I,82,69.86
2025-10-24,9:30:05.309857238,T,KO,I,57,69.86
2025-10-24,9:30:05.310485722,T,KO,F,300,69.86
2025-10-24,9:30:05.310509752,T,KO,F,200,69.86
2025-10-24,9:30:05.310952216,T,KO,,200,69.87
2025-10-24,9:30:05.310952216,T,KO,,100,69.87
2025-10-24,9:30:05.311424294,T,KO,,100,69.86
2025-10-24,9:30:05.311426938,T,KO,,200,69.86
2025-10-24,9:30:05.312954643,T,KO,,100,69.86
2025-10-24,9:30:05.313273373,T,KO,,100,69.86
2025-10-24,9:30:05.313481935,T,KO,,100,69.87
2025-10-24,9:30:05.313483929,T,KO,,200,69.87
2025-10-24,9:30:05.314067264,T,KO,,200,69.86
2025-10-24,9:30:05.314067264,T,KO,,100,69.86
2025-10-24,9:30:05.314376979,T,KO,F,100,69.87
2025-10-24,9:30:05.314434126,T,KO,,100,69.86
2025-10-24,9:30:05.314506261,T,KO,F,100,69.87
2025-10-24,9:30:05.314587556,T,KO,F,100,69.87
2025-10-24,9:30:05.314680754,T,KO,I,57,69.86
2025-10-24,9:30:05.314782926,T,KO,F,100,69.87
2025-10-24,9:30:05.314855589,T,KO,,100,69.86
2025-10-24,9:30:05.314903224,T,KO,,100,69.86
2025-10-24,9:30:05.314942403,T,KO,F,100,69.87
2025-10-24,9:30:05.314945393,T,KO,F,200,69.87
2025-10-24,9:30:05.315110786,T,KO,F,100,69.87
2025-10-24,9:30:05.315210499,T,KO,,100,69.86
2025-10-24,9:30:05.315210499,T,KO,,200,69.86
2025-10-24,9:30:05.315958890,T,KO,F I,2,69.87
2025-10-24,9:30:05.315961735,T,KO,F,200,69.87
2025-10-24,9:30:05.315964743,T,KO,F,100,69.87
2025-10-24,9:30:05.316040188,T,KO,,100,69.86
2025-10-24,9:30:05.316254171,T,KO,I,2,69.86
2025-10-24,9:30:05.316257062,T,KO,,200,69.86
2025-10-24,9:30:05.316302031,T,KO,,100,69.86
2025-10-24,9:30:05.316346786,T,KO,I,1,69.85
2025-10-24,9:30:05.316351362,T,KO,,200,69.85
2025-10-24,9:30:05.316355909,T,KO,,100,69.85
2025-10-24,9:30:05.316536086,T,KO,F,200,69.86
2025-10-24,9:30:05.316557208,T,KO,,200,69.86
2025-10-24,9:30:05.316560515,T,KO,I,11,69.86
2025-10-24,9:30:05.316581307,T,KO,F I,13,69.86
2025-10-24,9:30:05.316608506,T,KO,I,2,69.86
2025-10-24,9:30:05.316615077,T,KO,F,100,69.86
2025-10-24,9:30:05.316629498,T,KO,,100,69.86
2025-10-24,9:30:05.316632498,T,KO,,100,69.86
2025-10-24,9:30:05.316695641,T,KO,F I,10,69.86
2025-10-24,9:30:05.316704546,T,KO,F I,11,69.86
2025-10-24,9:30:05.316710561,T,KO,F I,79,69.86
2025-10-24,9:30:05.316719847,T,KO,,200,69.85
2025-10-24,9:30:05.316722588,T,KO,,100,69.85
2025-10-24,9:30:05.316755644,T,KO,F,100,69.86
2025-10-24,9:30:05.316779725,T,KO,,100,69.85
2025-10-24,9:30:05.316861203,T,KO,F,100,69.85
2025-10-24,9:30:05.316863969,T,KO,F,100,69.85
2025-10-24,9:30:05.316872898,T,KO,F I,2,69.86
2025-10-24,9:30:05.316876100,T,KO,F I,98,69.86
2025-10-24,9:30:05.316996244,T,KO,F,100,69.86
2025-10-24,9:30:05.317005240,T,KO,,100,69.85
2025-10-24,9:30:05.317107457,T,KO,I,11,69.85
2025-10-24,9:30:05.317297550,T,KO,,200,69.86
2025-10-24,9:30:05.317297550,T,KO,,100,69.86
2025-10-24,9:30:05.317300119,T,KO,,100,69.85
2025-10-24,9:30:05.317357441,T,KO,F I,57,69.86
2025-10-24,9:30:05.317357441,T,KO,I,43,69.86
2025-10-24,9:30:05.317360083,T,KO,I,57,69.85
2025-10-24,9:30:05.317402210,T,KO,,143,69.85
2025-10-24,9:30:05.317402210,T,KO,,100,69.85
2025-10-24,9:30:05.317477523,T,KO,,100,69.85
2025-10-24,9:30:05.317766086,T,KO,I,13,69.85
2025-10-24,9:30:05.318565928,T,KO,F,100,69.84
2025-10-24,9:30:05.318569011,T,KO,F,200,69.84
2025-10-24,9:30:05.318941854,T,KO,,100,69.85
2025-10-24,9:30:05.318959917,T,KO,F,300,69.85
2025-10-24,9:30:05.318959917,T,KO,F,181,69.85
2025-10-24,9:30:05.318963626,T,KO,I,19,69.85
2025-10-24,9:30:05.319077157,T,KO,,100,69.85
2025-10-24,9:30:05.319131319,T,KO,,300,69.85
2025-10-24,9:30:05.319131319,T,KO,,100,69.85
2025-10-24,9:30:05.319720767,T,KO,F I,57,69.85
2025-10-24,9:30:05.332720659,T,KO,,100,69.85
2025-10-24,9:30:05.357195950,T,KO,F,100,69.85
2025-10-24,9:30:05.604907942,T,KO,F I,95,69.85
2025-10-24,9:30:05.605223738,T,KO,F I,5,69.85
2025-10-24,9:30:05.605226767,T,KO,F,353,69.85
2025-10-24,9:30:05.605918469,T,KO,F I,47,69.85
2025-10-24,9:30:05.605921380,T,KO,F I,8,69.87
2025-10-24,9:30:05.605924407,T,KO,F I,53,69.87
2025-10-24,9:30:05.652364049,T,KO,I,21,69.87
2025-10-24,9:30:05.652367030,T,KO,I,26,69.87
2025-10-24,9:30:05.688567173,T,KO,F I,19,69.87
2025-10-24,9:30:06.285043898,T,KO,I,2,69.89
2025-10-24,9:30:06.285043898,T,KO,I,6,69.9
2025-10-24,9:30:06.285070989,T,KO,F I,94,69.9
2025-10-24,9:30:06.285540102,T,KO,F,100,69.91
2025-10-24,9:30:06.630936746,T,KO,F,100,69.94
2025-10-24,9:30:06.630936746,T,KO,F,100,69.94
2025-10-24,9:30:06.630939802,T,KO,F I,18,69.94
2025-10-24,9:30:06.630939802,T,KO,F I,12,69.94
2025-10-24,9:30:06.830344593,T,KO,F,100,69.96
2025-10-24,9:30:06.830344593,T,KO,F I,6,69.96
2025-10-24,9:30:06.830425841,T,KO,F,100,69.97
2025-10-24,9:30:06.830428878,T,KO,F I,6,69.97
2025-10-24,9:30:07.578424405,T,KO,F,100,69.98
2025-10-24,9:30:07.578427408,T,KO,F,100,69.98
2025-10-24,9:30:07.579236278,T,KO,,100,69.98
2025-10-24,9:30:09.490853257,T,KO,F I,2,70.0
2025-10-24,9:30:09.490880492,T,KO,F I,98,70.0
2025-10-24,9:30:09.496178946,T,KO,,100,70.01
2025-10-24,9:30:10.351614387,T,KO,F,100,69.99
2025-10-24,9:30:11.714237845,T,KO,F,100,69.99
2025-10-24,9:30:11.714291954,T,KO,,200,69.99
2025-10-24,9:30:11.714304098,T,KO,I,7,70.0
2025-10-24,9:30:11.714358742,T,KO,F,100,69.99
2025-10-24,9:30:11.714361739,T,KO,F,100,69.99
2025-10-24,9:30:11.714463279,T,KO,F I,7,70.0
2025-10-24,9:30:11.714544886,T,KO,F,100,70.01
2025-10-24,9:30:11.714548165,T,KO,F,100,70.01
2025-10-24,9:30:11.714550555,T,KO,F,200,70.01
2025-10-24,9:30:11.716562337,T,KO,F,100,70.01
2025-10-24,9:30:14.469162274,T,KO,F I,2,70.03
2025-10-24,9:30:14.472632504,T,KO,F,100,70.01
2025-10-24,9:30:14.472635545,T,KO,I,1,70.03
2025-10-24,9:30:14.472680699,T,KO,F,100,70.02
2025-10-24,9:30:14.473089604,T,KO,,100,70.01
2025-10-24,9:30:16.787627183,T,KO,F,200,70.04
2025-10-24,9:30:16.787627183,T,KO,F I,34,70.04
2025-10-24,9:30:16.787642801,T,KO,I,1,70.04
2025-10-24,9:30:16.787663292,T,KO,I,65,70.04
2025-10-24,9:30:16.794089542,T,KO,,200,70.035
2025-10-24,9:30:17.408040888,T,KO,I,38,70.02
2025-10-24,9:30:17.408061969,T,KO,,162,70.02
2025-10-24,9:30:17.408064972,T,KO,I,37,70.02
2025-10-24,9:30:17.408067941,T,KO,F I,63,70.02
2025-10-24,9:30:17.417372354,T,KO,F,200,70.01
2025-10-24,9:30:17.417375698,T,KO,F I,53,70.01
2025-10-24,9:30:17.417396806,T,KO,I,24,70.01
2025-10-24,9:30:17.417399126,T,KO,I,1,70.01
2025-10-24,9:30:17.417414223,T,KO,F,122,70.01
2025-10-24,9:30:17.698521142,T,KO,,100,70.005
2025-10-24,9:30:17.698554373,T,KO,I,1,70.01
2025-10-24,9:30:17.698557205,T,KO,,100,70.01
2025-10-24,9:30:18.727686772,T,KO,,100,70.03
2025-10-24,9:30:18.727689207,T,KO,,200,70.03
2025-10-24,9:30:22.257174150,T,KO,F I,75,70.02
2025-10-24,9:30:22.257189188,T,KO,F,125,70.02
2025-10-24,9:30:22.257192202,T,KO,F,100,70.02
2025-10-24,9:30:22.257382267,T,KO,F,200,70.01
2025-10-24,9:30:22.257382267,T,KO,F,100,70.01
2025-10-24,9:30:22.257384743,T,KO,F,100,70.01
2025-10-24,9:30:22.257388059,T,KO,F I,1,70.01
2025-10-24,9:30:22.257529029,T,KO,F I,99,70.01
2025-10-24,9:30:22.467840908,T,KO,F,100,70.0
2025-10-24,9:30:26.768218250,T,KO,,100,69.99
2025-10-24,9:30:27.950469018,T,KO,,100,69.975
2025-10-24,9:30:28.935068138,T,KO,I,7,69.975
2025-10-24,9:30:29.035113392,T,KO,,200,69.975
2025-10-24,9:30:32.853574948,T,KO,,200,69.97
2025-10-24,9:30:32.855003486,T,KO,I,5,69.95
2025-10-24,9:30:38.339775681,T,KO,,100,69.92
2025-10-24,9:30:38.339775681,T,KO,,100,69.92
2025-10-24,9:30:39.930543509,T,KO,F,200,69.95
2025-10-24,9:30:39.930546474,T,KO,F I,51,69.95
2025-10-24,9:30:41.006818866,T,KO,I,33,69.945
2025-10-24,9:30:41.006842942,T,KO,I,67,69.945
2025-10-24,9:30:41.018859599,T,KO,,100,69.945
2025-10-24,9:30:42.408607586,T,KO,,100,69.93
2025-10-24,9:30:43.812089297,T,KO,F,100,69.93
2025-10-24,9:30:43.812630978,T,KO,,100,69.93
2025-10-24,9:30:43.812633650,T,KO,,100,69.93
2025-10-24,9:30:43.812633650,T,KO,,200,69.93
2025-10-24,9:30:44.579225480,T,KO,F,200,69.94
2025-10-24,9:30:44.579252704,T,KO,,100,69.93
2025-10-24,9:30:44.579255487,T,KO,,100,69.93
2025-10-24,9:30:44.579294702,T,KO,F I,36,69.94
2025-10-24,9:30:44.579294702,T,KO,F,100,69.94
2025-10-24,9:30:44.579342832,T,KO,,100,69.93
2025-10-24,9:30:44.579393811,T,KO,I,36,69.93
2025-10-24,9:30:44.579393811,T,KO,,100,69.93
2025-10-24,9:30:44.579811841,T,KO,F I,34,69.93
2025-10-24,9:30:44.579857012,T,KO,,100,69.92
2025-10-24,9:30:44.579887056,T,KO,F,100,69.93
2025-10-24,9:30:44.579889992,T,KO,F,100,69.93
2025-10-24,9:30:44.579920523,T,KO,F,200,69.93
2025-10-24,9:30:44.579968275,T,KO,F,100,69.93
2025-10-24,9:30:44.580058404,T,KO,,100,69.92
2025-10-24,9:30:44.580061488,T,KO,,100,69.92
2025-10-24,9:30:44.580064696,T,KO,,200,69.92
2025-10-24,9:30:44.580161028,T,KO,F,100,69.93
2025-10-24,9:30:44.580163724,T,KO,F,100,69.93
2025-10-24,9:30:44.580341645,T,KO,,100,69.92
2025-10-24,9:30:44.580341645,T,KO,I,37,69.92
2025-10-24,9:30:44.580344085,T,KO,I,33,69.92
2025-10-24,9:30:44.580464708,T,KO,F,100,69.93
2025-10-24,9:30:44.580464708,T,KO,F,100,69.93
2025-10-24,9:30:44.580467362,T,KO,F I,78,69.93
2025-10-24,9:30:44.580551780,T,KO,I,41,69.92
2025-10-24,9:30:44.580554903,T,KO,,100,69.92
2025-10-24,9:30:44.580557628,T,KO,,100,69.92
2025-10-24,9:30:44.580557628,T,KO,I,78,69.92
2025-10-24,9:30:44.581180127,T,KO,F,200,69.92
2025-10-24,9:30:44.581186144,T,KO,F I,64,69.92
2025-10-24,9:30:44.581231284,T,KO,,100,69.92
2025-10-24,9:30:44.581298021,T,KO,,200,69.92
2025-10-24,9:30:44.581378572,T,KO,F I,43,69.92
2025-10-24,9:30:44.581544352,T,KO,,100,69.92
2025-10-24,9:30:44.581546979,T,KO,I,43,69.92
2025-10-24,9:30:44.581637140,T,KO,I,38,69.92
2025-10-24,9:30:44.581640213,T,KO,I,11,69.92
2025-10-24,9:30:44.582106276,T,KO,,100,69.92
2025-10-24,9:30:44.582725827,T,KO,F,100,69.92
2025-10-24,9:30:44.582728808,T,KO,F I,22,69.92
2025-10-24,9:30:44.582737869,T,KO,F I,78,69.92
2025-10-24,9:30:44.582822451,T,KO,,100,69.92
2025-10-24,9:30:44.582825274,T,KO,,100,69.92
2025-10-24,9:30:44.583143795,T,KO,,100,69.92
2025-10-24,9:30:44.583564800,T,KO,F,100,69.92
2025-10-24,9:30:53.840205593,T,KO,F,100,69.9
2025-10-24,9:30:53.840242157,T,KO,,100,69.91
2025-10-24,9:30:53.840242157,T,KO,,200,69.91
2025-10-24,9:30:53.840244665,T,KO,,100,69.91
2025-10-24,9:30:55.809157153,T,KO,,100,69.96
2025-10-24,9:30:55.809178230,T,KO,,100,69.96
2025-10-24,9:31:00.738422322,T,KO,F,200,69.935
2025-10-24,9:31:06.825435793,T,KO,,100,69.91
2025-10-24,9:31:13.211219969,T,KO,I,57,69.89
2025-10-24,9:31:13.211219969,T,KO,,100,69.89
2025-10-24,9:31:13.211457573,T,KO,F,100,69.88
2025-10-24,9:31:13.211457573,T,KO,F I,47,69.88
2025-10-24,9:31:13.211460393,T,KO,F,100,69.88
2025-10-24,9:31:13.262380688,T,KO,,100,69.87
2025-10-24,9:31:13.262744522,T,KO,F I,1,69.86
2025-10-24,9:31:17.625697880,T,KO,F,200,69.86
2025-10-24,9:31:17.625736982,T,KO,I,14,69.87
2025-10-24,9:31:17.625740295,T,KO,I,45,69.87
2025-10-24,9:31:17.625740295,T,KO,I,28,69.87
2025-10-24,9:31:17.625754916,T,KO,F I,54,69.87
2025-10-24,9:31:17.625758025,T,KO,I,18,69.87
2025-10-24,9:31:18.520280436,T,KO,,100,69.865
2025-10-24,9:31:22.161875738,T,KO,,100,69.85
2025-10-24,9:31:26.176765059,T,KO,,151,69.84
2025-10-24,9:31:27.842468362,T,KO,,100,69.845
2025-10-24,9:31:31.385291106,T,KO,,100,69.82
2025-10-24,9:31:31.385293402,T,KO,,100,69.82
2025-10-24,9:31:31.385347999,T,KO,I,87,69.81
2025-10-24,9:31:31.385368651,T,KO,F I,48,69.81
2025-10-24,9:31:31.388129140,T,KO,I,10,69.82
2025-10-24,9:31:31.388168339,T,KO,I,77,69.82
2025-10-24,9:31:31.388175014,T,KO,,100,69.82
2025-10-24,9:31:31.388177231,T,KO,I,60,69.82
2025-10-24,9:31:31.388418350,T,KO,F I,40,69.82
2025-10-24,9:31:32.610970654,T,KO,,100,69.83
2025-10-24,9:31:32.610970654,T,KO,,100,69.82
2025-10-24,9:31:32.610973791,T,KO,,100,69.82
2025-10-24,9:31:32.610973791,T,KO,I,15,69.81
2025-10-24,9:31:32.610976798,T,KO,I,63,69.81
2025-10-24,9:31:32.610991575,T,KO,I,1,69.81
2025-10-24,9:31:32.611379533,T,KO,,100,69.83
2025-10-24,9:31:32.611409571,T,KO,I,1,69.83
2025-10-24,9:31:32.611412646,T,KO,I,1,69.83
2025-10-24,9:31:32.611971904,T,KO,I,16,69.83
2025-10-24,9:31:32.611975583,T,KO,I,30,69.83
2025-10-24,9:31:32.611975583,T,KO,I,54,69.83
2025-10-24,9:31:32.611993012,T,KO,F I,82,69.835
2025-10-24,9:31:32.612050125,T,KO,F,100,69.84
2025-10-24,9:31:32.612705662,T,KO,F,100,69.85
2025-10-24,9:31:32.687075996,T,KO,I,1,69.85
2025-10-24,9:31:32.687075996,T,KO,I,82,69.85
2025-10-24,9:31:34.544452576,T,KO,,100,69.84
2025-10-24,9:31:34.544452576,T,KO,,100,69.84
2025-10-24,9:31:35.587050757,T,KO,,100,69.83
2025-10-24,9:31:35.587691328,T,KO,,300,69.83
2025-10-24,9:31:35.587697875,T,KO,,100,69.83
2025-10-24,9:31:35.587700539,T,KO,,100,69.83
2025-10-24,9:31:41.519881185,T,KO,,300,69.825
2025-10-24,9:31:41.519884205,T,KO,,142,69.825
2025-10-24,9:31:41.520272450,T,KO,F I,4,69.8
2025-10-24,9:31:41.520275229,T,KO,F I,10,69.8
2025-10-24,9:31:41.520275229,T,KO,F I,1,69.8
2025-10-24,9:31:41.520278270,T,KO,F,100,69.8
2025-10-24,9:31:47.306608596,T,KO,I,10,69.83
2025-10-24,9:31:47.306659682,T,KO,I,1,69.83
2025-10-24,9:31:50.529230898,T,KO,,200,69.79
2025-10-24,9:31:50.529372233,T,KO,I,80,69.78
2025-10-24,9:31:50.529375303,T,KO,I,1,69.78
2025-10-24,9:31:50.529393327,T,KO,I,16,69.78
2025-10-24,9:31:50.641783597,T,KO,,200,69.78
2025-10-24,9:31:50.665807256,T,KO,,100,69.78
2025-10-24,9:31:50.695851837,T,KO,,100,69.78
2025-10-24,9:31:50.741232852,T,KO,F,200,69.78
2025-10-24,9:31:51.415670253,T,KO,I,30,69.77
2025-10-24,9:31:51.416367931,T,KO,F,100,69.77
2025-10-24,9:31:51.416449098,T,KO,F I,2,69.77
2025-10-24,9:31:51.416452055,T,KO,F I,1,69.77
2025-10-24,9:31:51.416455739,T,KO,F I,9,69.77
2025-10-24,9:31:51.416458399,T,KO,F I,3,69.77
2025-10-24,9:31:51.416470278,T,KO,F I,97,69.77
2025-10-24,9:31:51.416473154,T,KO,F,100,69.77
2025-10-24,9:31:51.416539851,T,KO,I,2,69.77
2025-10-24,9:31:51.416542251,T,KO,F,100,69.76
2025-10-24,9:31:51.416611540,T,KO,,100,69.76
2025-10-24,9:31:51.416629456,T,KO,I,1,69.76
2025-10-24,9:31:51.416759412,T,KO,F,100,69.77
2025-10-24,9:31:51.416762032,T,KO,F,100,69.77
2025-10-24,9:31:51.416764785,T,KO,F,100,69.77
2025-10-24,9:31:51.416764785,T,KO,F,100,69.77
2025-10-24,9:31:51.416910318,T,KO,,100,69.76
2025-10-24,9:31:51.416912159,T,KO,I,8,69.76
2025-10-24,9:31:51.416915175,T,KO,,100,69.76
2025-10-24,9:31:51.416915175,T,KO,I,38,69.76
2025-10-24,9:31:51.417321736,T,KO,,103,69.76
2025-10-24,9:31:51.417321736,T,KO,I,21,69.76
2025-10-24,9:31:51.417324801,T,KO,,100,69.76
2025-10-24,9:31:51.417327159,T,KO,I,61,69.76
2025-10-24,9:31:51.417345270,T,KO,I,1,69.76
2025-10-24,9:31:51.417616209,T,KO,,163,69.76
2025-10-24,9:31:51.417619602,T,KO,I,91,69.76
2025-10-24,9:31:51.417619602,T,KO,I,42,69.76
2025-10-24,9:31:51.417622255,T,KO,I,89,69.76
2025-10-24,9:31:51.447354139,T,KO,F,100,69.77
2025-10-24,9:31:51.447354139,T,KO,F,100,69.77
2025-10-24,9:31:51.447356731,T,KO,F I,2,69.77
2025-10-24,9:31:51.447389734,T,KO,,100,69.78
2025-10-24,9:31:51.447393461,T,KO,,100,69.78
2025-10-24,9:31:52.418991842,T,KO,,300,69.77
2025-10-24,9:31:52.419013705,T,KO,I,1,69.77
2025-10-24,9:31:52.419018905,T,KO,I,1,69.77
2025-10-24,9:31:52.429832681,T,KO,F,100,69.8
2025-10-24,9:31:52.430981415,T,KO,F,100,69.82
2025-10-24,9:31:52.430981415,T,KO,F I,64,69.82
2025-10-24,9:31:52.468385479,T,KO,F,100,69.84
2025-10-24,9:31:52.468387708,T,KO,F,200,69.84
2025-10-24,9:31:52.468390442,T,KO,F,100,69.84
2025-10-24,9:31:52.468853616,T,KO,,100,69.84
2025-10-24,9:31:52.469924305,T,KO,F,100,69.86
2025-10-24,9:31:52.469924305,T,KO,F,100,69.86
2025-10-24,9:31:52.469927395,T,KO,F I,28,69.86
2025-10-24,9:31:52.469927395,T,KO,F I,28,69.86
2025-10-24,9:31:52.481108280,T,KO,F,100,69.86
2025-10-24,9:31:52.481152892,T,KO,I,85,69.86
2025-10-24,9:31:52.481177518,T,KO,F I,15,69.86
2025-10-24,9:31:52.481180203,T,KO,I,1,69.86
2025-10-24,9:31:52.481180203,T,KO,I,84,69.86
2025-10-24,9:31:52.481442746,T,KO,,100,69.85
2025-10-24,9:31:52.481444599,T,KO,,200,69.85
2025-10-24,9:31:52.481871589,T,KO,,100,69.85
2025-10-24,9:31:52.481877622,T,KO,F I,3,69.85
2025-10-24,9:31:52.481877622,T,KO,F I,97,69.85
2025-10-24,9:31:52.481901619,T,KO,F I,3,69.85
2025-10-24,9:31:52.481908215,T,KO,,300,69.85
2025-10-24,9:31:52.481911300,T,KO,I,79,69.85
2025-10-24,9:31:52.481911300,T,KO,I,21,69.85
2025-10-24,9:31:52.481913645,T,KO,,100,69.85
2025-10-24,9:31:52.482187323,T,KO,,100,69.86
2025-10-24,9:31:52.482191048,T,KO,,400,69.86
2025-10-24,9:31:52.482674640,T,KO,F,100,69.86
2025-10-24,9:31:52.697560282,T,KO,,100,69.86
2025-10-24,9:31:52.697581355,T,KO,I,1,69.86
2025-10-24,9:31:52.697588314,T,KO,I,3,69.86
2025-10-24,9:31:52.697590643,T,KO,I,2,69.86
2025-10-24,9:31:52.697593332,T,KO,,100,69.86
2025-10-24,9:31:53.419198385,T,KO,F,200,69.86
2025-10-24,9:31:53.419201515,T,KO,F,100,69.86
2025-10-24,9:31:53.419294274,T,KO,F,100,69.86
2025-10-24,9:31:53.419444641,T,KO,F,100,69.86
2025-10-24,9:31:53.419564871,T,KO,F,100,69.86
2025-10-24,9:31:53.419949817,T,KO,F I,13,69.86
2025-10-24,9:31:53.691758648,T,KO,,100,69.85
2025-10-24,9:31:53.691761240,T,KO,,200,69.85
2025-10-24,9:31:53.692459366,T,KO,,100,69.85
2025-10-24,9:31:55.981161939,T,KO,,100,69.87
2025-10-24,9:31:55.981225128,T,KO,F,200,69.87
2025-10-24,9:31:56.018919894,T,KO,,281,69.87
2025-10-24,9:31:56.018983034,T,KO,F,100,69.87
2025-10-24,9:31:56.824848883,T,KO,F,100,69.86
2025-10-24,9:31:56.824848883,T,KO,F,100,69.86
2025-10-24,9:31:56.824926541,T,KO,F,100,69.85
2025-10-24,9:31:56.824930349,T,KO,F,100,69.85
2025-10-24,9:31:56.824933219,T,KO,F I,17,69.85
2025-10-24,9:31:56.824933219,T,KO,F I,64,69.85
2025-10-24,9:31:56.824989774,T,KO,F I,36,69.85
2025-10-24,9:31:56.826063771,T,KO,F,100,69.85
2025-10-24,9:31:57.036838359,T,KO,I,99,69.84
2025-10-24,9:31:57.036841348,T,KO,I,64,69.84
2025-10-24,9:31:57.037003731,T,KO,F I,52,69.85
2025-10-24,9:31:57.037508958,T,KO,I,8,69.85
2025-10-24,9:31:57.037512569,T,KO,I,52,69.84
2025-10-24,9:31:57.037512569,T,KO,I,32,69.84
2025-10-24,9:31:57.037584062,T,KO,F,100,69.85
2025-10-24,9:31:58.419531602,T,KO,,100,69.85
2025-10-24,9:31:58.419549751,T,KO,I,1,69.85
2025-10-24,9:31:58.419582719,T,KO,I,72,69.85
2025-10-24,9:31:58.419600856,T,KO,I,27,69.85
2025-10-24,9:31:58.461307027,T,KO,,100,69.86
2025-10-24,9:31:58.461310070,T,KO,I,66,69.86
2025-10-24,9:31:58.461313514,T,KO,,200,69.86
2025-10-24,9:31:58.461313514,T,KO,,100,69.86
2025-10-24,9:31:58.474307096,T,KO,,200,69.87
2025-10-24,9:31:58.474565688,T,KO,F,100,69.87
2025-10-24,9:31:58.794281151,T,KO,,200,69.875
2025-10-24,9:31:58.794287504,T,KO,F I,5,69.88
2025-10-24,9:31:58.794287504,T,KO,F I,9,69.88
2025-10-24,9:31:58.794290172,T,KO,F I,5,69.88
2025-10-24,9:31:58.794332197,T,KO,I,1,69.875
2025-10-24,9:31:58.809389081,T,KO,F,100,69.88
2025-10-24,9:31:59.675746988,T,KO,F I,45,69.87
2025-10-24,9:31:59.675764513,T,KO,I,1,69.87
2025-10-24,9:31:59.675782601,T,KO,I,54,69.87
2025-10-24,9:31:59.676471199,T,KO,,100,69.87
2025-10-24,9:32:01.141877098,T,KO,,100,69.87
2025-10-24,9:32:01.141882468,T,KO,,100,69.86
2025-10-24,9:32:01.141882468,T,KO,,200,69.86
2025-10-24,9:32:01.141882468,T,KO,,300,69.86
2025-10-24,9:32:01.141894531,T,KO,I,1,69.86
2025-10-24,9:32:01.141894531,T,KO,I,1,69.86
2025-10-24,9:32:01.141933556,T,KO,F I,66,69.87
2025-10-24,9:32:01.141988247,T,KO,,100,69.87
2025-10-24,9:32:01.142014746,T,KO,I,66,69.87
2025-10-24,9:32:01.142065912,T,KO,F,100,69.87
2025-10-24,9:32:01.418908405,T,KO,I,19,69.89
2025-10-24,9:32:01.418908405,T,KO,I,1,69.89
2025-10-24,9:32:02.304268048,T,KO,I,55,69.895
2025-10-24,9:32:02.304397337,T,KO,,100,69.895
2025-10-24,9:32:02.304896464,T,KO,,400,69.9
2025-10-24,9:32:02.419424291,T,KO,F I,5,69.91
2025-10-24,9:32:02.419433340,T,KO,F,200,69.91
2025-10-24,9:32:02.419460363,T,KO,,100,69.92
2025-10-24,9:32:02.419463346,T,KO,,200,69.92
2025-10-24,9:32:02.420708771,T,KO,F,100,69.92
2025-10-24,9:32:02.420708771,T,KO,F,100,69.92
2025-10-24,9:32:03.389435550,T,KO,F I,1,69.93
2025-10-24,9:32:03.389522745,T,KO,I,66,69.92
2025-10-24,9:32:03.389528750,T,KO,I,12,69.93
2025-10-24,9:32:03.389555857,T,KO,F,100,69.93
2025-10-24,9:32:03.389573818,T,KO,I,1,69.93
2025-10-24,9:32:03.389591874,T,KO,I,65,69.93
2025-10-24,9:32:03.389594910,T,KO,,100,69.93
2025-10-24,9:32:03.503554342,T,KO,I,12,69.94
2025-10-24,9:32:04.399688685,T,KO,I,60,69.94
2025-10-24,9:32:04.399707190,T,KO,I,1,69.94
2025-10-24,9:32:04.410758031,T,KO,F I,1,69.92
2025-10-24,9:32:04.410764039,T,KO,F I,1,69.92
2025-10-24,9:32:04.410827134,T,KO,F,198,69.92
2025-10-24,9:32:04.410830188,T,KO,F,100,69.92
2025-10-24,9:32:04.411182023,T,KO,I,66,69.93
2025-10-24,9:32:04.411188255,T,KO,,100,69.93
2025-10-24,9:32:04.411188255,T,KO,,100,69.93
2025-10-24,9:32:04.411191070,T,KO,I,40,69.93
2025-10-24,9:32:04.411197321,T,KO,I,70,69.93
2025-10-24,9:32:04.411197321,T,KO,I,34,69.93
2025-10-24,9:32:04.411204992,T,KO,,100,69.93
2025-10-24,9:32:04.411204992,T,KO,,200,69.93
2025-10-24,9:32:04.411212443,T,KO,I,1,69.93
2025-10-24,9:32:04.411248210,T,KO,I,18,69.93
2025-10-24,9:32:04.411266591,T,KO,I,81,69.93
2025-10-24,9:32:04.437128540,T,KO,,100,69.94
2025-10-24,9:32:04.437157908,T,KO,F,100,69.94
2025-10-24,9:32:04.437160890,T,KO,F,293,69.94
2025-10-24,9:32:04.437163865,T,KO,F,195,69.94
2025-10-24,9:32:04.437182256,T,KO,I,1,69.94
2025-10-24,9:32:04.437182256,T,KO,I,1,69.94
2025-10-24,9:32:04.437185001,T,KO,F I,98,69.94
2025-10-24,9:32:04.437335362,T,KO,F,100,69.94
2025-10-24,9:32:08.260058679,T,KO,F,100,69.92
2025-10-24,9:32:08.260058679,T,KO,F,200,69.92
2025-10-24,9:32:08.260061386,T,KO,F,200,69.92
2025-10-24,9:32:08.260061386,T,KO,F I,98,69.92
2025-10-24,9:32:08.260076008,T,KO,I,1,69.92
2025-10-24,9:32:08.260097269,T,KO,F I,99,69.92
2025-10-24,9:32:08.260897000,T,KO,,100,69.92
2025-10-24,9:32:08.260917978,T,KO,I,1,69.92
2025-10-24,9:32:08.260930147,T,KO,I,99,69.92
2025-10-24,9:32:08.361769366,T,KO,F,100,69.92
2025-10-24,9:32:08.361769366,T,KO,F I,2,69.92
2025-10-24,9:32:08.361772239,T,KO,F,100,69.92
2025-10-24,9:32:08.363423302,T,KO,F I,5,69.91
2025-10-24,9:32:08.363423302,T,KO,F I,17,69.91
2025-10-24,9:32:08.374352079,T,KO,I,2,69.92
2025-10-24,9:32:08.374352079,T,KO,I,50,69.92
2025-10-24,9:32:08.374357172,T,KO,,200,69.92
2025-10-24,9:32:08.374357172,T,KO,I,53,69.92
2025-10-24,9:32:08.374372257,T,KO,F I,47,69.92
2025-10-24,9:32:08.747964030,T,KO,I,1,69.935
2025-10-24,9:32:11.808355921,T,KO,F,100,69.95
2025-10-24,9:32:15.950803306,T,KO,I,41,69.99
2025-10-24,9:32:15.950818141,T,KO,I,84,69.99
2025-10-24,9:32:15.950821078,T,KO,I,2,69.99
2025-10-24,9:32:15.953163788,T,KO,F,200,69.99
2025-10-24,9:32:15.953163788,T,KO,F I,2,69.99
2025-10-24,9:32:15.953166674,T,KO,F,100,69.99
2025-10-24,9:32:15.953621659,T,KO,F,200,69.98
2025-10-24,9:32:15.953846331,T,KO,,100,69.98
2025-10-24,9:32:16.481756688,T,KO,I,60,69.98
2025-10-24,9:32:20.571310782,T,KO,F,200,69.99
2025-10-24,9:32:21.094108912,T,KO,F I,40,69.98
2025-10-24,9:32:23.625529161,T,KO,,100,69.97
2025-10-24,9:32:23.625547147,T,KO,I,1,69.98
2025-10-24,9:32:25.549063386,T,KO,F I,30,69.96
2025-10-24,9:32:25.549066447,T,KO,F,100,69.96
2025-10-24,9:32:26.059322671,T,KO,,100,69.95
2025-10-24,9:32:26.059325553,T,KO,I,28,69.95
2025-10-24,9:32:26.059327979,T,KO,I,43,69.95
2025-10-24,9:32:26.059342918,T,KO,I,1,69.95
2025-10-24,9:32:26.059587217,T,KO,F I,99,69.95
2025-10-24,9:32:26.059587217,T,KO,F I,57,69.95
2025-10-24,9:32:30.161895200,T,KO,F,200,69.96
2025-10-24,9:32:30.161897033,T,KO,F,100,69.96
2025-10-24,9:32:30.161903003,T,KO,F I,71,69.96
2025-10-24,9:32:32.365473886,T,KO,F,100,69.95
2025-10-24,9:32:32.365485289,T,KO,F,100,69.95
2025-10-24,9:32:32.365488258,T,KO,F,100,69.95
2025-10-24,9:32:33.861256878,T,KO,F,100,69.95
2025-10-24,9:32:36.167930670,T,KO,F,100,69.96
2025-10-24,9:32:40.027006994,T,KO,,100,69.97
2025-10-24,9:32:42.560832865,T,KO,F,100,70.0
2025-10-24,9:32:54.044301435,T,KO,F,100,69.98
2025-10-24,9:32:54.044301435,T,KO,F,100,69.98
2025-10-24,9:32:54.044304277,T,KO,F,100,69.98
2025-10-24,9:33:00.805446290,T,KO,F I,42,69.96
2025-10-24,9:33:00.805508643,T,KO,I,78,69.97
2025-10-24,9:33:00.805511582,T,KO,I,57,69.97
2025-10-24,9:33:00.805514560,T,KO,,200,69.97
2025-10-24,9:33:00.805536148,T,KO,I,1,69.96
2025-10-24,9:33:00.805568878,T,KO,I,52,69.96
2025-10-24,9:33:00.805568878,T,KO,,100,69.96
2025-10-24,9:33:00.805577861,T,KO,F I,52,69.96
2025-10-24,9:33:00.805590840,T,KO,F I,26,69.96
2025-10-24,9:33:00.805592763,T,KO,F I,57,69.96
2025-10-24,9:33:00.805710096,T,KO,F I,42,69.95
2025-10-24,9:33:00.805710096,T,KO,F I,12,69.95
2025-10-24,9:33:00.806750580,T,KO,F,100,69.94
2025-10-24,9:33:00.806753542,T,KO,F I,1,69.94
2025-10-24,9:33:00.819828705,T,KO,,200,69.935
2025-10-24,9:33:00.920652842,T,KO,F I,20,69.93
2025-10-24,9:33:00.920655815,T,KO,F I,13,69.93
2025-10-24,9:33:00.920722494,T,KO,F I,33,69.92
2025-10-24,9:33:00.920725183,T,KO,F,100,69.92
2025-10-24,9:33:00.920725183,T,KO,F I,14,69.92
2025-10-24,9:33:00.920744305,T,KO,I,1,69.92
2025-10-24,9:33:00.920767161,T,KO,F I,99,69.92
2025-10-24,9:33:02.702336283,T,KO,F I,33,69.915
2025-10-24,9:33:02.702405512,T,KO,I,33,69.915
2025-10-24,9:33:04.088526891,T,KO,F I,33,69.91
2025-10-24,9:33:04.089236503,T,KO,,100,69.91
2025-10-24,9:33:04.089236503,T,KO,I,3,69.91
2025-10-24,9:33:04.089239481,T,KO,,100,69.91
2025-10-24,9:33:04.089284690,T,KO,,100,69.91
2025-10-24,9:33:04.089284690,T,KO,I,3,69.91
2025-10-24,9:33:04.089507653,T,KO,,100,69.91
2025-10-24,9:33:04.089510409,T,KO,,100,69.91
2025-10-24,9:33:04.089510409,T,KO,,100,69.91
2025-10-24,9:33:06.336552458,T,KO,F I,64,69.92
2025-10-24,9:33:06.336552458,T,KO,F I,52,69.92
2025-10-24,9:33:06.337490252,T,KO,F I,64,69.93
2025-10-24,9:33:13.534606572,T,KO,,100,69.92
2025-10-24,9:33:13.534606572,T,KO,I,24,69.92
2025-10-24,9:33:21.741588154,T,KO,F,100,69.91
2025-10-24,9:33:23.659475010,T,KO,I,3,69.91
2025-10-24,9:33:23.659478103,T,KO,,100,69.91
2025-10-24,9:33:23.660422281,T,KO,I,34,69.91
2025-10-24,9:33:23.660435125,T,KO,F I,66,69.91
2025-10-24,9:33:23.660437409,T,KO,F I,1,69.91
2025-10-24,9:33:23.660494442,T,KO,F I,3,69.91
2025-10-24,9:33:23.660501212,T,KO,F I,2,69.91
2025-10-24,9:33:23.660504493,T,KO,F,100,69.91
2025-10-24,9:33:23.660504493,T,KO,F,200,69.91
2025-10-24,9:33:23.660506494,T,KO,F,100,69.91
2025-10-24,9:33:23.686040414,T,KO,F I,53,69.92
2025-10-24,9:33:23.686043594,T,KO,F,200,69.92
2025-10-24,9:33:23.686043594,T,KO,F,100,69.92
2025-10-24,9:33:24.608081308,T,KO,F I,5,69.92
2025-10-24,9:33:24.626178408,T,KO,I,45,69.91
2025-10-24,9:33:24.626894547,T,KO,,100,69.91
2025-10-24,9:33:24.626894547,T,KO,I,3,69.91
2025-10-24,9:33:30.592789121,T,KO,F,100,69.9
2025-10-24,9:33:30.592789121,T,KO,F I,30,69.9
2025-10-24,9:33:30.592795214,T,KO,F,130,69.9
2025-10-24,9:33:30.592800683,T,KO,I,70,69.9
2025-10-24,9:33:30.592800683,T,KO,I,45,69.9
2025-10-24,9:33:30.592809427,T,KO,I,1,69.9
2025-10-24,9:33:30.592851568,T,KO,F I,54,69.9
2025-10-24,9:33:30.592854525,T,KO,F I,16,69.9
2025-10-24,9:33:30.592881879,T,KO,F I,84,69.9
2025-10-24,9:33:30.592881879,T,KO,F I,46,69.9
2025-10-24,9:33:30.592941723,T,KO,F,154,69.9
2025-10-24,9:33:30.593895013,T,KO,F,100,69.91
2025-10-24,9:33:30.593901102,T,KO,F I,49,69.91
2025-10-24,9:33:30.593904078,T,KO,F,100,69.91
2025-10-24,9:33:30.593907143,T,KO,F I,95,69.91
2025-10-24,9:33:30.593910031,T,KO,F,105,69.91
2025-10-24,9:33:30.593910031,T,KO,F,100,69.91
2025-10-24,9:33:30.594207674,T,KO,F,100,69.91
2025-10-24,9:33:30.594397478,T,KO,F,100,69.92
2025-10-24,9:33:30.594400152,T,KO,F,200,69.92
2025-10-24,9:33:30.594749345,T,KO,,100,69.92
2025-10-24,9:33:30.594881479,T,KO,F I,44,69.92
2025-10-24,9:33:30.594902370,T,KO,F I,56,69.92
2025-10-24,9:33:30.594905424,T,KO,F,100,69.92
2025-10-24,9:33:33.185043519,T,KO,F,100,69.93
2025-10-24,9:33:33.185043519,T,KO,F I,1,69.93
2025-10-24,9:33:34.127283618,T,KO,F I,63,69.92
2025-10-24,9:33:35.629048473,T,KO,I,63,69.91
2025-10-24,9:33:35.629051412,T,KO,I,1,69.91
2025-10-24,9:33:35.629096884,T,KO,F I,22,69.91
2025-10-24,9:33:35.629102733,T,KO,I,51,69.92
2025-10-24,9:33:35.629106247,T,KO,,100,69.92
2025-10-24,9:33:35.629106247,T,KO,I,82,69.92
2025-10-24,9:33:35.629108671,T,KO,I,59,69.92
2025-10-24,9:33:35.629111569,T,KO,,100,69.92
2025-10-24,9:33:35.629126924,T,KO,,100,69.91
2025-10-24,9:33:35.629126924,T,KO,I,1,69.92
2025-10-24,9:33:35.629132811,T,KO,F I,22,69.91
2025-10-24,9:33:35.629261911,T,KO,F I,1,69.91
2025-10-24,9:33:35.629451310,T,KO,F I,1,69.91
2025-10-24,9:33:35.629490491,T,KO,F I,22,69.91
2025-10-24,9:33:37.761015230,T,KO,F I,76,69.9
2025-10-24,9:33:37.814524691,T,KO,I,46,69.89
2025-10-24,9:33:37.815291822,T,KO,I,59,69.89
2025-10-24,9:33:37.815294480,T,KO,,100,69.89
2025-10-24,9:33:37.815294480,T,KO,I,46,69.89
2025-10-24,9:33:37.815313072,T,KO,I,1,69.89
2025-10-24,9:33:38.286763449,T,KO,I,49,69.88
2025-10-24,9:33:38.286766530,T,KO,I,51,69.88
2025-10-24,9:33:38.286766530,T,KO,I,1,69.88
2025-10-24,9:33:38.287740732,T,KO,F,100,69.88
2025-10-24,9:33:38.862812518,T,KO,I,34,69.87
2025-10-24,9:33:38.862815614,T,KO,,100,69.87
2025-10-24,9:33:38.862819018,T,KO,,500,69.87
2025-10-24,9:33:38.863074774,T,KO,,100,69.88
2025-10-24,9:33:38.863080104,T,KO,,100,69.88
2025-10-24,9:33:38.863080104,T,KO,,100,69.88
2025-10-24,9:33:38.863086528,T,KO,I,50,69.88
2025-10-24,9:33:38.863086528,T,KO,,100,69.88
2025-10-24,9:33:38.863119142,T,KO,,100,69.89
2025-10-24,9:33:38.863125472,T,KO,,100,69.88
2025-10-24,9:33:38.863140833,T,KO,,100,69.89
2025-10-24,9:33:38.863152704,T,KO,,100,69.89
2025-10-24,9:33:38.863155742,T,KO,I,62,69.88
2025-10-24,9:33:38.863185522,T,KO,I,1,69.88
2025-10-24,9:33:38.863209333,T,KO,,100,69.89
2025-10-24,9:33:38.863227390,T,KO,F,200,69.88
2025-10-24,9:33:38.863405531,T,KO,,100,69.88
2025-10-24,9:33:38.863408354,T,KO,I,1,69.88
2025-10-24,9:33:38.863411246,T,KO,,100,69.88
2025-10-24,9:33:38.863411246,T,KO,I,43,69.88
2025-10-24,9:33:38.863459834,T,KO,F I,3,69.88
2025-10-24,9:33:38.863459834,T,KO,F I,51,69.88
2025-10-24,9:33:38.863651408,T,KO,F I,31,69.88
2025-10-24,9:33:38.863651408,T,KO,F,100,69.88
2025-10-24,9:33:38.863655390,T,KO,F I,96,69.88
2025-10-24,9:33:38.863655390,T,KO,F I,14,69.88
2025-10-24,9:33:38.863657924,T,KO,F I,53,69.88
2025-10-24,9:33:40.049769587,T,KO,F I,53,69.9
2025-10-24,9:33:40.049769587,T,KO,F I,1,69.9
2025-10-24,9:33:41.357403954,T,KO,F,100,69.9
2025-10-24,9:33:43.803673194,T,KO,,100,69.9
2025-10-24,9:33:43.803673194,T,KO,,100,69.9
2025-10-24,9:33:43.803676603,T,KO,,100,69.91
2025-10-24,9:33:43.803680307,T,KO,,100,69.91
2025-10-24,9:33:43.810165725,T,KO,I,54,69.9
2025-10-24,9:33:43.810165725,T,KO,I,10,69.9
2025-10-24,9:33:43.810186767,T,KO,I,90,69.9
2025-10-24,9:33:43.810192801,T,KO,,100,69.9
2025-10-24,9:33:43.811381150,T,KO,F,100,69.89
2025-10-24,9:33:43.811383543,T,KO,F I,19,69.89
2025-10-24,9:33:43.811416770,T,KO,,100,69.89
2025-10-24,9:33:43.811488802,T,KO,F I,81,69.89
2025-10-24,9:33:43.813774296,T,KO,,100,69.89
2025-10-24,9:33:43.813795325,T,KO,F,374,69.89
2025-10-24,9:33:43.974218429,T,KO,I,12,69.89
2025-10-24,9:33:43.974218429,T,KO,,100,69.89
2025-10-24,9:33:44.281475165,T,KO,I,12,69.89
2025-10-24,9:33:44.618869735,T,KO,F I,66,69.9
2025-10-24,9:33:45.139313789,T,KO,,350,69.91
2025-10-24,9:33:45.139331355,T,KO,I,1,69.91
2025-10-24,9:33:45.139334399,T,KO,I,13,69.91
2025-10-24,9:33:45.139346460,T,KO,F I,36,69.91
2025-10-24,9:33:45.140390064,T,KO,,100,69.9
2025-10-24,9:33:45.140510255,T,KO,,100,69.9
2025-10-24,9:33:45.140534603,T,KO,I,1,69.9
2025-10-24,9:33:45.140537382,T,KO,F,199,69.9
2025-10-24,9:33:45.587203062,T,KO,,200,69.87
2025-10-24,9:33:45.587203062,T,KO,I,30,69.87
2025-10-24,9:33:47.677090674,T,KO,F,100,69.87
2025-10-24,9:33:49.769215729,T,KO,F,100,69.87
2025-10-24,9:33:49.769218496,T,KO,F,100,69.87
2025-10-24,9:33:49.769260559,T,KO,I,68,69.88
2025-10-24,9:33:49.769290651,T,KO,F I,32,69.88
2025-10-24,9:33:52.212098772,T,KO,F,100,69.89
2025-10-24,9:33:54.018179309,T,KO,I,1,69.9
2025-10-24,9:33:54.018179309,T,KO,I,54,69.9
2025-10-24,9:33:54.371550927,T,KO,,100,69.9
2025-10-24,9:34:03.507893538,T,KO,F I,78,69.89
2025-10-24,9:34:03.507896363,T,KO,F,100,69.89
2025-10-24,9:34:03.508585416,T,KO,I,59,69.89
2025-10-24,9:34:03.508585416,T,KO,I,3,69.89
2025-10-24,9:34:03.508587800,T,KO,,100,69.89
2025-10-24,9:34:04.614237208,T,KO,F I,1,69.9
2025-10-24,9:34:04.614586168,T,KO,,100,69.9
2025-10-24,9:34:04.614586168,T,KO,I,6,69.9
2025-10-24,9:34:04.614589061,T,KO,I,3,69.9
2025-10-24,9:34:04.616230954,T,KO,I,1,69.9
2025-10-24,9:34:04.618681789,T,KO,,100,69.9
2025-10-24,9:34:04.618681789,T,KO,I,3,69.9
2025-10-24,9:34:04.618686113,T,KO,,100,69.9
2025-10-24,9:34:04.618687926,T,KO,I,59,69.9
2025-10-24,9:34:04.618690904,T,KO,I,67,69.9
2025-10-24,9:34:04.734607909,T,KO,I,67,69.89
2025-10-24,9:34:04.735371742,T,KO,F I,49,69.9
2025-10-24,9:34:04.735375793,T,KO,F I,93,69.9
2025-10-24,9:34:04.735380890,T,KO,F I,58,69.9
2025-10-24,9:34:04.735380890,T,KO,F,100,69.9
2025-10-24,9:34:04.735380890,T,KO,F,200,69.9
2025-10-24,9:34:04.842637251,T,KO,,100,69.905
2025-10-24,9:34:04.899277668,T,KO,,100,69.91
2025-10-24,9:34:04.899277668,T,KO,I,93,69.91
2025-10-24,9:34:04.899283102,T,KO,,173,69.91
2025-10-24,9:34:04.899283102,T,KO,I,49,69.91
2025-10-24,9:34:04.899286147,T,KO,,200,69.91
2025-10-24,9:34:05.657069955,T,KO,,100,69.92
2025-10-24,9:34:05.657069955,T,KO,,100,69.92
2025-10-24,9:34:08.789696939,T,KO,I,1,69.92
2025-10-24,9:34:19.825236726,T,KO,I,1,69.93
2025-10-24,9:34:19.825239356,T,KO,I,3,69.93
2025-10-24,9:34:19.825242877,T,KO,,100,69.93
2025-10-24,9:34:20.147977046,T,KO,I,68,69.92
2025-10-24,9:34:20.147980035,T,KO,,100,69.92
2025-10-24,9:34:20.147998019,T,KO,I,1,69.92
2025-10-24,9:34:20.148022156,T,KO,F I,99,69.92
2025-10-24,9:34:20.148025158,T,KO,F I,1,69.92
2025-10-24,9:34:20.148043226,T,KO,I,1,69.92
2025-10-24,9:34:20.148115311,T,KO,I,98,69.92
2025-10-24,9:34:22.284908594,T,KO,F I,1,69.89
2025-10-24,9:34:29.292847422,T,KO,I,73,69.87
2025-10-24,9:34:29.292847422,T,KO,,100,69.87
2025-10-24,9:34:29.292865470,T,KO,I,1,69.87
2025-10-24,9:34:29.292889514,T,KO,F I,99,69.87
2025-10-24,9:34:29.292904606,T,KO,I,99,69.87
2025-10-24,9:34:29.292940673,T,KO,I,1,69.87
2025-10-24,9:34:33.860215745,T,KO,F I,11,69.88
2025-10-24,9:34:42.496382631,T,KO,,100,69.89
2025-10-24,9:34:51.866396654,T,KO,F I,1,69.87
2025-10-24,9:34:51.866396654,T,KO,F I,53,69.87
2025-10-24,9:34:51.867391998,T,KO,F I,42,69.86
2025-10-24,9:34:51.867446135,T,KO,,100,69.86
2025-10-24,9:34:51.867464132,T,KO,I,1,69.86
2025-10-24,9:34:51.885633493,T,KO,F I,69,69.85
2025-10-24,9:34:51.885657560,T,KO,F,131,69.85
2025-10-24,9:35:02.391602609,T,KO,F,100,69.86
2025-10-24,9:35:02.391624332,T,KO,F,100,69.86
2025-10-24,9:35:02.391624332,T,KO,F I,23,69.86
2025-10-24,9:35:02.391624332,T,KO,F I,2,69.86
2025-10-24,9:35:02.391629687,T,KO,F I,16,69.86
2025-10-24,9:35:02.391629687,T,KO,F,121,69.86
2025-10-24,9:35:02.391629687,T,KO,F I,3,69.86
2025-10-24,9:35:02.391632959,T,KO,F I,6,69.86
2025-10-24,9:35:02.391632959,T,KO,F I,1,69.86
2025-10-24,9:35:02.391635962,T,KO,F I,2,69.86
2025-10-24,9:35:02.391635962,T,KO,F I,2,69.86
2025-10-24,9:35:02.391638823,T,KO,F I,6,69.86
2025-10-24,9:35:02.391638823,T,KO,F I,59,69.86
2025-10-24,9:35:02.391641755,T,KO,F I,41,69.86
2025-10-24,9:35:02.970141630,T,KO,F,100,69.85
2025-10-24,9:35:02.970460379,T,KO,I,3,69.85
2025-10-24,9:35:02.970463290,T,KO,,100,69.85
2025-10-24,9:35:02.971095453,T,KO,F,100,69.85
2025-10-24,9:35:08.788080246,T,KO,,100,69.84
2025-10-24,9:35:09.327246318,T,KO,F I,54,69.85
2025-10-24,9:35:10.720455561,T,KO,,100,69.84
2025-10-24,9:35:14.503345358,T,KO,F I,44,69.85
2025-10-24,9:35:14.503348344,T,KO,F I,7,69.85
2025-10-24,9:35:14.516258249,T,KO,F I,87,69.86
2025-10-24,9:35:14.516258249,T,KO,F I,1,69.86
2025-10-24,9:35:14.516261092,T,KO,F,100,69.86
2025-10-24,9:35:14.571105743,T,KO,F I,66,69.89
2025-10-24,9:35:14.571108748,T,KO,F,100,69.89
2025-10-24,9:35:16.242964938,T,KO,F I,1,69.91
2025-10-24,9:35:16.242964938,T,KO,F I,2,69.91
2025-10-24,9:35:17.426565675,T,KO,F I,1,69.93
2025-10-24,9:35:17.426599807,T,KO,I,1,69.94
2025-10-24,9:35:17.426605548,T,KO,,100,69.94
2025-10-24,9:35:17.426610743,T,KO,,200,69.94
2025-10-24,9:35:17.426610743,T,KO,,100,69.94
2025-10-24,9:35:17.428821017,T,KO,I,27,69.96
2025-10-24,9:35:17.429975833,T,KO,,100,69.95
2025-10-24,9:35:17.430130261,T,KO,,100,69.96
2025-10-24,9:35:17.430132316,T,KO,I,50,69.96
2025-10-24,9:35:17.430136128,T,KO,,100,69.96
2025-10-24,9:35:17.430141441,T,KO,I,68,69.96
2025-10-24,9:35:17.430141441,T,KO,I,94,69.96
2025-10-24,9:35:17.430141441,T,KO,,100,69.96
2025-10-24,9:35:17.430141441,T,KO,,200,69.96
2025-10-24,9:35:17.430270476,T,KO,F I,10,69.96
2025-10-24,9:35:18.808777915,T,KO,I,12,69.97
2025-10-24,9:35:18.808777915,T,KO,I,1,69.97
2025-10-24,9:35:19.423222447,T,KO,,300,69.965
2025-10-24,9:35:19.423225173,T,KO,I,1,69.965
2025-10-24,9:35:19.809257605,T,KO,,143,69.97
2025-10-24,9:35:20.676775737,T,KO,F I,50,69.97
2025-10-24,9:35:22.930349165,T,KO,F I,90,69.96
2025-10-24,9:35:24.446458117,T,KO,F I,80,69.95
2025-10-24,9:35:24.446476159,T,KO,I,1,69.95
2025-10-24,9:35:24.446479161,T,KO,F I,3,69.95
2025-10-24,9:35:29.787960058,T,KO,I,25,69.97
2025-10-24,9:35:31.582051139,T,KO,I,10,69.97
2025-10-24,9:35:31.582069079,T,KO,I,1,69.97
2025-10-24,9:35:31.582111222,T,KO,I,3,69.97
2025-10-24,9:35:33.787711340,T,KO,I,1,69.975
2025-10-24,9:35:35.726010837,T,KO,F,100,69.97
2025-10-24,9:35:38.519081207,T,KO,F I,68,69.98
2025-10-24,9:35:38.519099876,T,KO,F I,32,69.98
2025-10-24,9:35:38.519102569,T,KO,F,100,69.98
2025-10-24,9:35:44.080154050,T,KO,F,100,69.99
2025-10-24,9:35:44.082168890,T,KO,F,171,69.98
2025-10-24,9:35:44.082171889,T,KO,F I,10,69.98
2025-10-24,9:35:44.082650141,T,KO,I,59,69.98
2025-10-24,9:35:44.082653840,T,KO,I,3,69.98
2025-10-24,9:35:45.619231716,T,KO,I,59,69.99
2025-10-24,9:35:45.619234734,T,KO,I,3,69.99
2025-10-24,9:35:49.499410135,T,KO,F I,28,70.0
2025-10-24,9:35:49.499410135,T,KO,F I,62,70.0
2025-10-24,9:35:49.499424773,T,KO,I,1,70.0
2025-10-24,9:35:49.499431025,T,KO,F I,37,70.0
2025-10-24,9:35:49.499433373,T,KO,F I,1,70.0
2025-10-24,9:35:49.500410765,T,KO,F,400,70.0
2025-10-24,9:35:49.500435050,T,KO,I,1,70.0
2025-10-24,9:35:49.500873745,T,KO,F,300,70.0
2025-10-24,9:35:49.664617171,T,KO,F I,58,69.99
2025-10-24,9:35:49.664620345,T,KO,F,100,69.99
2025-10-24,9:35:49.664622746,T,KO,F I,16,69.99
2025-10-24,9:35:51.250016686,T,KO,F I,3,69.99
2025-10-24,9:35:51.250019700,T,KO,F I,58,69.99
2025-10-24,9:35:51.250037790,T,KO,I,1,69.99
2025-10-24,9:35:57.718365562,T,KO,F,100,69.99
2025-10-24,9:35:57.718383664,T,KO,F,100,69.99
2025-10-24,9:35:57.718485872,T,KO,I,57,69.99
2025-10-24,9:35:57.718488828,T,KO,,100,69.99
2025-10-24,9:35:57.718488828,T,KO,I,11,69.99
2025-10-24,9:35:57.718539933,T,KO,F I,57,69.99
2025-10-24,9:36:01.388793486,T,KO,F I,1,69.99
2025-10-24,9:36:02.111880626,T,KO,I,3,69.99
2025-10-24,9:36:02.111884969,T,KO,I,11,69.99
2025-10-24,9:36:02.111886795,T,KO,I,11,69.99
2025-10-24,9:36:02.111889693,T,KO,I,75,69.99
2025-10-24,9:36:02.111904714,T,KO,F I,53,69.99
2025-10-24,9:36:02.111904714,T,KO,F I,86,69.99
2025-10-24,9:36:18.198302025,T,KO,F,100,69.96
2025-10-24,9:36:18.198303930,T,KO,F,100,69.96
2025-10-24,9:36:18.198319233,T,KO,F,100,69.96
2025-10-24,9:36:18.198622740,T,KO,F,100,69.96
2025-10-24,9:36:21.366043040,T,KO,,100,69.95
2025-10-24,9:36:21.366043040,T,KO,,100,69.95
2025-10-24,9:36:22.776067831,T,KO,F I,3,69.95
2025-10-24,9:36:22.776073766,T,KO,F,100,69.95
2025-10-24,9:36:26.784449539,T,KO,I,69,69.96
2025-10-24,9:36:30.016908620,T,KO,F,111,69.96
2025-10-24,9:36:30.016911376,T,KO,F I,6,69.96
2025-10-24,9:36:30.016914473,T,KO,F I,47,69.96
2025-10-24,9:36:31.809565741,T,KO,,200,69.95
2025-10-24,9:36:31.809571347,T,KO,,100,69.95
2025-10-24,9:36:31.809571347,T,KO,I,55,69.96
2025-10-24,9:36:31.809716324,T,KO,F I,58,69.95
2025-10-24,9:36:31.809718470,T,KO,F I,78,69.95
2025-10-24,9:36:31.809721417,T,KO,F I,97,69.95
2025-10-24,9:36:31.810281049,T,KO,I,2,69.94
2025-10-24,9:36:31.810304848,T,KO,I,1,69.94
2025-10-24,9:36:31.810311102,T,KO,I,50,69.94
2025-10-24,9:36:31.820499035,T,KO,,100,69.935
2025-10-24,9:36:33.538544938,T,KO,F I,97,69.94
2025-10-24,9:36:33.538548630,T,KO,F I,59,69.94
2025-10-24,9:36:33.538551775,T,KO,F,1292,69.94
2025-10-24,9:36:33.538555099,T,KO,F I,58,69.94
2025-10-24,9:36:33.538587144,T,KO,,100,69.95
2025-10-24,9:36:35.118911511,T,KO,F,200,69.94
2025-10-24,9:36:35.118914116,T,KO,F I,45,69.94
2025-10-24,9:36:35.118917740,T,KO,F,100,69.94
2025-10-24,9:36:35.118917740,T,KO,F,100,69.94
2025-10-24,9:36:37.054618296,T,KO,F I,33,69.93
2025-10-24,9:36:37.054618296,T,KO,F,100,69.93
2025-10-24,9:36:42.067512512,T,KO,F I,3,69.93
2025-10-24,9:36:42.067527551,T,KO,F,146,69.93
2025-10-24,9:36:44.486239340,T,KO,F I,72,69.97
2025-10-24,9:36:45.847734930,T,KO,,100,69.975
2025-10-24,9:36:54.620247514,T,KO,F,100,69.97
2025-10-24,9:36:54.626318146,T,KO,,200,69.96
2025-10-24,9:36:55.421324541,T,KO,,100,69.965
2025-10-24,9:36:55.421324541,T,KO,I,93,69.97
2025-10-24,9:36:59.027077459,T,KO,,100,69.96
2025-10-24,9:36:59.027080790,T,KO,I,66,69.96
2025-10-24,9:36:59.027083484,T,KO,I,34,69.96
2025-10-24,9:36:59.027098709,T,KO,I,1,69.96
2025-10-24,9:36:59.027098709,T,KO,I,1,69.96
2025-10-24,9:36:59.027678970,T,KO,I,64,69.96
2025-10-24,9:36:59.027678970,T,KO,I,36,69.96
2025-10-24,9:37:00.563000715,T,KO,I,76,69.96
2025-10-24,9:37:00.563021692,T,KO,F,124,69.96
2025-10-24,9:37:04.557678861,T,KO,,100,69.97
2025-10-24,9:37:04.557694441,T,KO,I,1,69.97
2025-10-24,9:37:04.557696964,T,KO,F I,1,69.97
2025-10-24,9:37:04.557700294,T,KO,F I,1,69.97
2025-10-24,9:37:04.557702905,T,KO,F I,1,69.97
2025-10-24,9:37:04.558030757,T,KO,I,1,69.97
2025-10-24,9:37:10.855500626,T,KO,F,100,69.97
2025-10-24,9:37:10.855503638,T,KO,F I,64,69.97
2025-10-24,9:37:11.677340108,T,KO,F I,25,69.96
2025-10-24,9:37:14.160197584,T,KO,F I,1,69.96
2025-10-24,9:37:15.206683950,T,KO,F,100,69.97
2025-10-24,9:37:15.206683950,T,KO,F I,79,69.97
2025-10-24,9:37:17.522671676,T,KO,I,59,69.98
2025-10-24,9:37:17.522673831,T,KO,,100,69.98
2025-10-24,9:37:22.646144512,T,KO,F,100,69.98
2025-10-24,9:37:25.029717530,T,KO,F I,35,69.99
2025-10-24,9:37:25.029735514,T,KO,F I,65,69.99
2025-10-24,9:37:25.799112255,T,KO,I,65,69.99
2025-10-24,9:37:25.799133028,T,KO,F I,35,69.99
2025-10-24,9:37:25.799136214,T,KO,F I,38,69.99
2025-10-24,9:37:25.799139013,T,KO,I,35,69.99
2025-10-24,9:37:31.381268165,T,KO,F,100,69.98
2025-10-24,9:37:31.392935901,T,KO,,200,69.97
2025-10-24,9:37:31.463547111,T,KO,,100,69.97
2025-10-24,9:37:31.463550178,T,KO,I,51,69.97
2025-10-24,9:37:31.463550178,T,KO,,100,69.97
2025-10-24,9:37:31.463932466,T,KO,I,51,69.98
2025-10-24,9:37:31.463935275,T,KO,,100,69.98
2025-10-24,9:37:31.463935275,T,KO,,100,69.98
2025-10-24,9:37:32.580377106,T,KO,,100,69.985
2025-10-24,9:37:33.191032499,T,KO,I,3,69.98
2025-10-24,9:37:33.191036078,T,KO,I,51,69.98
2025-10-24,9:37:33.191036078,T,KO,I,12,69.98
2025-10-24,9:37:33.191038441,T,KO,I,14,69.98
2025-10-24,9:37:33.191041449,T,KO,I,86,69.98
2025-10-24,9:37:33.191044936,T,KO,I,69,69.98
2025-10-24,9:37:33.191044936,T,KO,I,1,69.98
2025-10-24,9:37:33.191104647,T,KO,F I,38,69.98
2025-10-24,9:37:44.092085632,T,KO,F,100,69.97
2025-10-24,9:37:44.092088712,T,KO,F,100,69.97
2025-10-24,9:37:44.905318568,T,KO,I,56,69.965
2025-10-24,9:37:44.906431303,T,KO,I,64,69.96
2025-10-24,9:37:45.468178085,T,KO,,100,69.965
2025-10-24,9:37:45.468217616,T,KO,,100,69.97
2025-10-24,9:37:45.468220339,T,KO,I,3,69.97
2025-10-24,9:37:45.468502888,T,KO,F,100,69.97
2025-10-24,9:37:47.119347740,T,KO,F I,1,69.97
2025-10-24,9:37:53.175598021,T,KO,I,59,69.95
2025-10-24,9:37:53.321701091,T,KO,,100,69.94
2025-10-24,9:37:53.321719094,T,KO,I,1,69.94
2025-10-24,9:37:53.321725098,T,KO,I,1,69.94
2025-10-24,9:37:53.321992801,T,KO,I,35,69.94
2025-10-24,9:37:54.975129713,T,KO,,100,69.93
2025-10-24,9:37:54.975129713,T,KO,,317,69.93
2025-10-24,9:37:54.975131979,T,KO,I,53,69.93
2025-10-24,9:37:54.977940720,T,KO,I,49,69.93
2025-10-24,9:37:54.977940720,T,KO,,100,69.93
2025-10-24,9:37:54.977943877,T,KO,,100,69.93
2025-10-24,9:37:54.977976801,T,KO,,100,69.94
2025-10-24,9:37:54.977980010,T,KO,I,69,69.94
2025-10-24,9:37:54.977982854,T,KO,,200,69.94
2025-10-24,9:37:54.977985782,T,KO,,100,69.94
2025-10-24,9:37:56.580024376,T,KO,F I,61,69.94
2025-10-24,9:37:56.580024376,T,KO,F I,39,69.94
2025-10-24,9:37:56.580039344,T,KO,I,1,69.94
2025-10-24,9:37:56.580060498,T,KO,I,22,69.94
2025-10-24,9:37:56.580258981,T,KO,I,7,69.94
2025-10-24,9:37:56.580258981,T,KO,I,15,69.94
2025-10-24,9:37:57.974631939,T,KO,F I,46,69.94
2025-10-24,9:37:57.974634953,T,KO,F I,15,69.94
2025-10-24,9:37:57.982579853,T,KO,,100,69.935
2025-10-24,9:37:57.982582861,T,KO,,100,69.93
2025-10-24,9:37:57.982586460,T,KO,,112,69.93
2025-10-24,9:37:59.028019844,T,KO,I,1,69.935
2025-10-24,9:38:00.369373555,T,KO,F I,23,69.94
2025-10-24,9:38:00.369376737,T,KO,F I,57,69.94
2025-10-24,9:38:00.369376737,T,KO,F,100,69.94
2025-10-24,9:38:00.369379599,T,KO,F,100,69.94
2025-10-24,9:38:00.379101755,T,KO,,100,69.945
2025-10-24,9:38:11.000970055,T,KO,F,100,69.95
2025-10-24,9:38:11.001595984,T,KO,F I,45,69.95
2025-10-24,9:38:11.001598936,T,KO,F I,3,69.95
2025-10-24,9:38:11.001601535,T,KO,F I,12,69.95
2025-10-24,9:38:11.289293753,T,KO,F I,6,69.94
2025-10-24,9:38:11.289293753,T,KO,F I,88,69.94
2025-10-24,9:38:11.295383277,T,KO,I,8,69.935
2025-10-24,9:38:14.620198074,T,KO,I,30,69.93
2025-10-24,9:38:14.620201110,T,KO,I,5,69.93
2025-10-24,9:38:14.628636619,T,KO,F I,44,69.93
2025-10-24,9:38:14.628639924,T,KO,F I,45,69.93
2025-10-24,9:38:14.628642273,T,KO,F,100,69.93
2025-10-24,9:38:14.628645155,T,KO,F I,3,69.93
2025-10-24,9:38:16.348844226,T,KO,I,44,69.93
2025-10-24,9:38:16.348844226,T,KO,I,2,69.93
2025-10-24,9:38:16.348847289,T,KO,I,1,69.93
2025-10-24,9:38:16.348850232,T,KO,,100,69.93
2025-10-24,9:38:18.176904229,T,KO,,100,69.925
2025-10-24,9:38:18.254870890,T,KO,I,25,69.92
2025-10-24,9:38:18.254873975,T,KO,I,10,69.92
2025-10-24,9:38:21.393376947,T,KO,,100,69.93
2025-10-24,9:38:21.648868368,T,KO,,100,69.925
2025-10-24,9:38:26.804915662,T,KO,F,100,69.93
2025-10-24,9:38:26.804918651,T,KO,F,100,69.93
2025-10-24,9:38:28.880979382,T,KO,,100,69.94
2025-10-24,9:38:28.881006256,T,KO,I,1,69.94
2025-10-24,9:38:28.881018312,T,KO,F I,99,69.94
2025-10-24,9:38:32.776430196,T,KO,F,100,69.93
2025-10-24,9:38:32.776430196,T,KO,F,100,69.93
2025-10-24,9:38:36.647146995,T,KO,F I,7,69.92
2025-10-24,9:38:36.647146995,T,KO,F,100,69.92
2025-10-24,9:38:36.648458168,T,KO,F I,9,69.91
2025-10-24,9:38:39.033528742,T,KO,I,8,69.9
2025-10-24,9:38:39.033558757,T,KO,F I,20,69.9
2025-10-24,9:38:39.033561773,T,KO,F I,34,69.9
2025-10-24,9:38:39.033564871,T,KO,F I,7,69.9
2025-10-24,9:38:42.283423106,T,KO,I,10,69.89
2025-10-24,9:38:42.283453275,T,KO,I,37,69.89
2025-10-24,9:38:42.283453275,T,KO,I,7,69.89
2025-10-24,9:38:49.167479033,T,KO,I,23,69.89
2025-10-24,9:38:49.167497007,T,KO,I,46,69.89
2025-10-24,9:38:49.167524156,T,KO,I,1,69.89
2025-10-24,9:38:49.167530117,T,KO,I,3,69.89
2025-10-24,9:38:52.567734449,T,KO,,100,69.895
2025-10-24,9:38:52.567734449,T,KO,,100,69.9
2025-10-24,9:38:52.567737894,T,KO,I,15,69.9
2025-10-24,9:38:52.567749328,T,KO,I,1,69.9
2025-10-24,9:38:57.853228917,T,KO,F I,2,69.91
2025-10-24,9:38:57.853228917,T,KO,F I,80,69.91
2025-10-24,9:38:57.853233847,T,KO,F,100,69.91
2025-10-24,9:38:59.525171030,T,KO,I,34,69.92
2025-10-24,9:39:00.391940421,T,KO,F I,1,69.91
2025-10-24,9:39:06.235734692,T,KO,F I,68,69.91
2025-10-24,9:39:06.235738175,T,KO,F,261,69.91
2025-10-24,9:39:06.238357957,T,KO,,200,69.905
2025-10-24,9:39:06.238361530,T,KO,F I,68,69.91
2025-10-24,9:39:06.238375250,T,KO,F I,32,69.91
2025-10-24,9:39:06.238375250,T,KO,F,100,69.91
2025-10-24,9:39:06.238378123,T,KO,F I,55,69.91
2025-10-24,9:39:06.238381153,T,KO,F I,40,69.91
2025-10-24,9:39:06.238384446,T,KO,F,100,69.91
2025-10-24,9:39:06.238384446,T,KO,F I,1,69.91
2025-10-24,9:39:06.864406241,T,KO,F I,2,69.91
2025-10-24,9:39:07.526928943,T,KO,,200,69.915
2025-10-24,9:39:07.526971087,T,KO,I,66,69.92
2025-10-24,9:39:07.526971087,T,KO,I,64,69.92
2025-10-24,9:39:07.526995224,T,KO,I,1,69.92
2025-10-24,9:39:07.526995224,T,KO,I,20,69.92
2025-10-24,9:39:07.526998572,T,KO,F I,15,69.92
2025-10-24,9:39:08.370278547,T,KO,,200,69.925
2025-10-24,9:39:08.390201044,T,KO,F,100,69.93
2025-10-24,9:39:08.390204946,T,KO,F I,17,69.93
2025-10-24,9:39:08.390204946,T,KO,F,500,69.93
2025-10-24,9:39:08.390207300,T,KO,F I,3,69.93
2025-10-24,9:39:11.958001035,T,KO,F I,18,69.94
2025-10-24,9:39:11.958016042,T,KO,F I,82,69.94
2025-10-24,9:39:11.958018580,T,KO,F,100,69.94
2025-10-24,9:39:14.692729278,T,KO,,100,69.95
2025-10-24,9:39:14.692783063,T,KO,F,500,69.95
2025-10-24,9:39:14.693002630,T,KO,F,500,69.95
2025-10-24,9:39:15.076511999,T,KO,,100,69.955
2025-10-24,9:39:15.076515085,T,KO,,100,69.96
2025-10-24,9:39:15.086998067,T,KO,I,53,69.96
2025-10-24,9:39:15.087208486,T,KO,F I,57,69.95
2025-10-24,9:39:15.087208486,T,KO,F I,66,69.95
2025-10-24,9:39:16.022770040,T,KO,F I,3,69.95
2025-10-24,9:39:16.022770040,T,KO,F I,17,69.95
2025-10-24,9:39:16.985575947,T,KO,F I,36,69.94
2025-10-24,9:39:16.985575947,T,KO,F,100,69.94
2025-10-24,9:39:16.985591421,T,KO,I,1,69.94
2025-10-24,9:39:16.985593940,T,KO,I,99,69.94
2025-10-24,9:39:18.246166752,T,KO,,133,69.93
2025-10-24,9:39:18.246166752,T,KO,I,80,69.93
2025-10-24,9:39:18.246169339,T,KO,I,29,69.93
2025-10-24,9:39:18.246181401,T,KO,I,1,69.93
2025-10-24,9:39:20.448368431,T,KO,F,100,69.94
2025-10-24,9:39:24.326771796,T,KO,F I,42,69.94
2025-10-24,9:39:24.326771796,T,KO,F I,62,69.94
2025-10-24,9:39:25.819211253,T,KO,F,200,69.93
2025-10-24,9:39:25.819214331,T,KO,F,100,69.93
2025-10-24,9:39:25.947905813,T,KO,,100,69.92
2025-10-24,9:39:25.947905813,T,KO,,100,69.92
2025-10-24,9:39:25.948606544,T,KO,I,59,69.92
2025-10-24,9:39:25.948606544,T,KO,I,6,69.92
2025-10-24,9:39:27.694682196,T,KO,I,33,69.91
2025-10-24,9:39:27.695334667,T,KO,F I,26,69.91
2025-10-24,9:39:32.488113752,T,KO,F I,59,69.9
2025-10-24,9:39:32.488116756,T,KO,F,100,69.9
2025-10-24,9:39:32.488137859,T,KO,I,1,69.9
2025-10-24,9:39:32.488164849,T,KO,I,28,69.9
2025-10-24,9:39:32.488168399,T,KO,F I,71,69.9
2025-10-24,9:39:32.488171234,T,KO,F I,29,69.9
2025-10-24,9:39:32.488171234,T,KO,F I,71,69.9
2025-10-24,9:39:36.346444202,T,KO,F I,4,69.9
2025-10-24,9:39:36.346447517,T,KO,F,100,69.9
2025-10-24,9:39:36.346447517,T,KO,F,100,69.9
2025-10-24,9:39:36.346450241,T,KO,F I,50,69.9
2025-10-24,9:39:36.346466070,T,KO,I,1,69.9
2025-10-24,9:39:36.346486407,T,KO,I,13,69.9
2025-10-24,9:39:40.464187577,T,KO,,100,69.91
2025-10-24,9:39:40.464190506,T,KO,,100,69.91
2025-10-24,9:39:40.466671403,T,KO,I,58,69.91
2025-10-24,9:39:40.466671403,T,KO,I,4,69.91
2025-10-24,9:39:44.047958154,T,KO,I,58,69.9
2025-10-24,9:39:44.047958154,T,KO,I,25,69.9
2025-10-24,9:39:45.255637533,T,KO,,100,69.895
2025-10-24,9:39:46.100635061,T,KO,,100,69.895
2025-10-24,9:39:50.002686695,T,KO,I,6,69.89
2025-10-24,9:39:54.876189995,T,KO,,100,69.89
2025-10-24,9:39:59.793549784,T,KO,F,100,69.89
2025-10-24,9:39:59.998719435,T,KO,,100,69.89
2025-10-24,9:40:04.267506852,T,KO,F,200,69.89
2025-10-24,9:40:04.267509507,T,KO,F I,17,69.89
2025-10-24,9:40:04.435219438,T,KO,F I,41,69.88
2025-10-24,9:40:04.435219438,T,KO,F I,35,69.88
2025-10-24,9:40:04.467594019,T,KO,I,54,69.88
2025-10-24,9:40:04.467600100,T,KO,,100,69.88
2025-10-24,9:40:04.467600100,T,KO,I,1,69.88
2025-10-24,9:40:04.683748886,T,KO,F I,1,69.89
2025-10-24,9:40:04.683769967,T,KO,F I,99,69.89
2025-10-24,9:40:04.733694912,T,KO,,100,69.9
2025-10-24,9:40:04.733700898,T,KO,,100,69.9
2025-10-24,9:40:04.733700898,T,KO,I,3,69.9
2025-10-24,9:40:04.947134248,T,KO,F I,54,69.9
2025-10-24,9:40:04.947134248,T,KO,F I,10,69.9
2025-10-24,9:40:05.041083962,T,KO,,100,69.9
2025-10-24,9:40:06.836937282,T,KO,F,100,69.9
2025-10-24,9:40:06.836937282,T,KO,F,100,69.89
2025-10-24,9:40:06.836958435,T,KO,I,1,69.89
2025-10-24,9:40:06.836958435,T,KO,I,1,69.89
2025-10-24,9:40:07.050803550,T,KO,,100,69.89
2025-10-24,9:40:07.051254749,T,KO,F I,3,69.89
2025-10-24,9:40:07.051257694,T,KO,F I,5,69.89
2025-10-24,9:40:07.051570492,T,KO,I,50,69.89
2025-10-24,9:40:07.051570492,T,KO,,150,69.89
2025-10-24,9:40:07.051591496,T,KO,I,1,69.89
2025-10-24,9:40:07.051681671,T,KO,I,29,69.89
2025-10-24,9:40:07.059205667,T,KO,I,55,69.89
2025-10-24,9:40:07.068495121,T,KO,F I,10,69.89
2025-10-24,9:40:07.068497858,T,KO,F I,55,69.88
2025-10-24,9:40:07.068500963,T,KO,F,200,69.88
2025-10-24,9:40:07.068500963,T,KO,F I,35,69.88
2025-10-24,9:40:07.068518817,T,KO,I,1,69.88
2025-10-24,9:40:07.123279199,T,KO,I,7,69.88
2025-10-24,9:40:07.886460843,T,KO,I,11,69.875
2025-10-24,9:40:13.736504226,T,KO,F I,62,69.88
2025-10-24,9:40:13.736504226,T,KO,F I,3,69.88
2025-10-24,9:40:13.736510196,T,KO,F I,5,69.88
2025-10-24,9:40:13.736510196,T,KO,F I,53,69.88
2025-10-24,9:40:13.736561303,T,KO,F I,3,69.88
2025-10-24,9:40:13.736570316,T,KO,F I,35,69.88
2025-10-24,9:40:14.544405264,T,KO,F I,18,69.89
2025-10-24,9:40:14.544408352,T,KO,F I,5,69.89
2025-10-24,9:40:20.885756254,T,KO,F I,10,69.9
2025-10-24,9:40:20.885758838,T,KO,F I,87,69.9
2025-10-24,9:40:20.885761796,T,KO,F,126,69.9
2025-10-24,9:40:20.885761796,T,KO,F,100,69.9
2025-10-24,9:40:20.889649964,T,KO,,100,69.89
2025-10-24,9:40:20.889674033,T,KO,I,16,69.89
2025-10-24,9:40:20.889677386,T,KO,I,2,69.89
2025-10-24,9:40:20.890351095,T,KO,I,4,69.89
2025-10-24,9:40:20.890354171,T,KO,,100,69.89
2025-10-24,9:40:20.890356735,T,KO,I,54,69.89
2025-10-24,9:40:20.991000395,T,KO,I,4,69.89
2025-10-24,9:40:20.991004004,T,KO,I,54,69.89
2025-10-24,9:40:32.900980829,T,KO,F I,5,69.89
2025-10-24,9:40:32.900980829,T,KO,F I,1,69.89
2025-10-24,9:40:32.900983432,T,KO,F I,88,69.89
2025-10-24,9:40:32.900998572,T,KO,I,12,69.89
2025-10-24,9:40:33.107861244,T,KO,,100,69.89
2025-10-24,9:40:33.107861244,T,KO,I,4,69.89
2025-10-24,9:40:33.107864148,T,KO,,100,69.89
2025-10-24,9:40:33.112543315,T,KO,I,67,69.88
2025-10-24,9:40:33.112543315,T,KO,I,3,69.88
2025-10-24,9:40:33.112597438,T,KO,I,30,69.88
2025-10-24,9:40:33.112606487,T,KO,I,61,69.88
2025-10-24,9:40:33.214167529,T,KO,,100,69.88
2025-10-24,9:40:33.224289470,T,KO,I,53,69.88
2025-10-24,9:40:33.224289470,T,KO,I,8,69.88
2025-10-24,9:40:33.237223300,T,KO,I,4,69.88
2025-10-24,9:40:33.237223300,T,KO,I,53,69.88
2025-10-24,9:40:33.237827746,T,KO,F I,53,69.88
2025-10-24,9:40:33.237854851,T,KO,F I,50,69.88
2025-10-24,9:40:33.238014199,T,KO,I,50,69.88
2025-10-24,9:40:33.238083329,T,KO,I,50,69.88
2025-10-24,9:40:33.238483240,T,KO,,100,69.88
2025-10-24,9:40:33.238489328,T,KO,I,53,69.88
2025-10-24,9:40:33.238492273,T,KO,I,47,69.88
2025-10-24,9:40:33.238504395,T,KO,I,1,69.88
2025-10-24,9:40:33.238513880,T,KO,I,50,69.88
2025-10-24,9:40:36.840657687,T,KO,,100,69.875
2025-10-24,9:40:36.878587275,T,KO,F I,71,69.87
2025-10-24,9:40:36.878587275,T,KO,F,200,69.87
2025-10-24,9:40:36.878592997,T,KO,F I,80,69.87
2025-10-24,9:40:36.878592997,T,KO,F I,13,69.87
2025-10-24,9:40:37.595353286,T,KO,F I,8,69.86
2025-10-24,9:40:37.595353286,T,KO,F,126,69.86
2025-10-24,9:40:37.596937891,T,KO,,100,69.855
2025-10-24,9:40:37.596937891,T,KO,I,54,69.86
2025-10-24,9:40:37.596941000,T,KO,I,48,69.86
2025-10-24,9:40:37.596943959,T,KO,,100,69.86
2025-10-24,9:40:39.841011712,T,KO,I,6,69.85
2025-10-24,9:40:39.841011712,T,KO,I,39,69.85
2025-10-24,9:40:39.841041746,T,KO,I,9,69.85
2025-10-24,9:40:39.841041746,T,KO,,100,69.85
2025-10-24,9:40:40.506262146,T,KO,F I,58,69.84
2025-10-24,9:40:40.761498148,T,KO,F I,10,69.83
2025-10-24,9:40:40.761498148,T,KO,F I,47,69.83
2025-10-24,9:40:41.174994846,T,KO,F I,75,69.82
2025-10-24,9:40:42.758879427,T,KO,F,100,69.82
2025-10-24,9:40:42.758879427,T,KO,F I,64,69.81
2025-10-24,9:40:42.758882262,T,KO,F I,25,69.81
2025-10-24,9:40:42.759020552,T,KO,,100,69.81
2025-10-24,9:40:42.759101738,T,KO,,109,69.81
2025-10-24,9:40:42.759110721,T,KO,,300,69.81
2025-10-24,9:40:42.759297963,T,KO,I,57,69.81
2025-10-24,9:40:42.759297963,T,KO,I,53,69.81
2025-10-24,9:40:42.759300585,T,KO,I,90,69.81
2025-10-24,9:40:42.759303273,T,KO,F I,10,69.81
2025-10-24,9:40:42.759306223,T,KO,F,100,69.81
2025-10-24,9:40:42.759456626,T,KO,F I,53,69.81
2025-10-24,9:40:42.759456626,T,KO,F,100,69.81
2025-10-24,9:40:42.759636989,T,KO,I,90,69.81
2025-10-24,9:40:42.759829492,T,KO,F,100,69.81
2025-10-24,9:40:42.870646342,T,KO,I,64,69.8
2025-10-24,9:40:42.870649429,T,KO,I,36,69.8
2025-10-24,9:40:42.870664447,T,KO,I,1,69.8
2025-10-24,9:40:42.870709583,T,KO,F I,63,69.8
2025-10-24,9:40:42.870986275,T,KO,,100,69.8
2025-10-24,9:40:47.571361486,T,KO,F,200,69.8
2025-10-24,9:40:47.577381542,T,KO,F I,15,69.8
2025-10-24,9:40:50.579946297,T,KO,F I,44,69.79
2025-10-24,9:40:50.580166007,T,KO,,100,69.79
2025-10-24,9:40:50.580168399,T,KO,,100,69.79
2025-10-24,9:40:52.038963875,T,KO,F I,71,69.79
2025-10-24,9:40:52.038963875,T,KO,F I,29,69.79
2025-10-24,9:41:01.219646740,T,KO,F I,10,69.78
2025-10-24,9:41:01.219646740,T,KO,F I,1,69.78
2025-10-24,9:41:02.543794462,T,KO,I,1,69.78
2025-10-24,9:41:03.341488405,T,KO,I,99,69.78
2025-10-24,9:41:05.249851564,T,KO,I,14,69.77
2025-10-24,9:41:05.249854643,T,KO,,100,69.77
2025-10-24,9:41:05.249857548,T,KO,,100,69.77
2025-10-24,9:41:05.250937941,T,KO,F I,49,69.77
2025-10-24,9:41:05.250940223,T,KO,F I,44,69.77
2025-10-24,9:41:05.453171864,T,KO,F I,49,69.77
2025-10-24,9:41:05.493870746,T,KO,F I,49,69.77
2025-10-24,9:41:06.636740503,T,KO,I,49,69.77
2025-10-24,9:41:06.636742779,T,KO,I,25,69.77
2025-10-24,9:41:06.643845752,T,KO,I,49,69.77
2025-10-24,9:41:06.645057989,T,KO,F I,5,69.78
2025-10-24,9:41:06.645057989,T,KO,F I,1,69.78
2025-10-24,9:41:06.645060611,T,KO,F I,4,69.78
2025-10-24,9:41:07.501235825,T,KO,,100,69.78
2025-10-24,9:41:07.501238814,T,KO,I,49,69.78
2025-10-24,9:41:07.526333526,T,KO,F I,10,69.77
2025-10-24,9:41:07.527904050,T,KO,F I,48,69.77
2025-10-24,9:41:07.527904050,T,KO,F,100,69.77
2025-10-24,9:41:07.527906340,T,KO,F I,7,69.77
2025-10-24,9:41:07.527910263,T,KO,F I,3,69.77
2025-10-24,9:41:07.527913241,T,KO,F I,1,69.77
2025-10-24,9:41:07.527915359,T,KO,F I,96,69.77
2025-10-24,9:41:11.954530396,T,KO,F I,5,69.79
2025-10-24,9:41:11.954533331,T,KO,F I,9,69.79
2025-10-24,9:41:19.646842879,T,KO,F I,48,69.79
2025-10-24,9:41:19.646845422,T,KO,F I,15,69.79
2025-10-24,9:41:19.646848449,T,KO,F,100,69.79
2025-10-24,9:41:21.042921408,T,KO,F I,2,69.79
2025-10-24,9:41:21.042921408,T,KO,F I,33,69.79
2025-10-24,9:41:21.042926612,T,KO,F I,35,69.79
2025-10-24,9:41:21.042930385,T,KO,F I,65,69.79
2025-10-24,9:41:21.042932741,T,KO,F,200,69.79
2025-10-24,9:41:21.993665280,T,KO,F I,44,69.8
2025-10-24,9:41:21.993665280,T,KO,F I,15,69.8
2025-10-24,9:41:21.993667906,T,KO,F I,70,69.8
2025-10-24,9:41:21.993682953,T,KO,,100,69.8
2025-10-24,9:41:21.994368617,T,KO,I,14,69.8
2025-10-24,9:41:32.263960277,T,KO,F I,13,69.81
2025-10-24,9:41:32.263963349,T,KO,F I,13,69.81
2025-10-24,9:41:32.263963349,T,KO,F I,14,69.81
2025-10-24,9:41:32.263981746,T,KO,I,13,69.81
2025-10-24,9:41:32.264290948,T,KO,F I,60,69.81
2025-10-24,9:41:37.729576746,T,KO,,100,69.815
2025-10-24,9:41:38.311014657,T,KO,I,45,69.82
2025-10-24,9:41:38.311017973,T,KO,I,54,69.82
2025-10-24,9:41:38.311020744,T,KO,I,6,69.82
2025-10-24,9:41:38.311023638,T,KO,,100,69.82
2025-10-24,9:41:38.311797454,T,KO,I,42,69.82
2025-10-24,9:41:38.311802735,T,KO,,100,69.82
2025-10-24,9:41:38.311802735,T,KO,I,7,69.82
2025-10-24,9:41:38.311802735,T,KO,,100,69.82
2025-10-24,9:41:38.312103213,T,KO,F I,7,69.82
2025-10-24,9:41:38.312103213,T,KO,F I,2,69.82
2025-10-24,9:41:38.312121250,T,KO,I,40,69.82
2025-10-24,9:41:38.887686081,T,KO,F,100,69.82
2025-10-24,9:41:38.887689020,T,KO,F I,7,69.82
2025-10-24,9:41:38.887692059,T,KO,F,200,69.82
2025-10-24,9:41:40.535041380,T,KO,F I,25,69.81
2025-10-24,9:41:40.535041380,T,KO,F I,96,69.81
2025-10-24,9:41:40.535045752,T,KO,F,184,69.81
2025-10-24,9:41:40.738474791,T,KO,F I,1,69.8
2025-10-24,9:41:40.738826701,T,KO,F I,1,69.8
2025-10-24,9:41:40.738826701,T,KO,F I,11,69.8
2025-10-24,9:41:40.750190118,T,KO,,200,69.805
2025-10-24,9:41:40.750313412,T,KO,I,25,69.8
2025-10-24,9:41:40.750430725,T,KO,F I,7,69.8
2025-10-24,9:41:40.750436985,T,KO,F I,41,69.8
2025-10-24,9:41:40.750440004,T,KO,F,100,69.8
2025-10-24,9:41:40.750440004,T,KO,F I,75,69.8
2025-10-24,9:41:40.750656584,T,KO,I,7,69.8
2025-10-24,9:41:40.750659400,T,KO,I,4,69.8
2025-10-24,9:41:40.750662926,T,KO,I,41,69.8
2025-10-24,9:41:40.750662926,T,KO,,100,69.8
2025-10-24,9:41:40.750665846,T,KO,I,41,69.8
2025-10-24,9:41:40.750665846,T,KO,,100,69.8
2025-10-24,9:41:40.750746470,T,KO,I,7,69.8
2025-10-24,9:41:41.493599632,T,KO,F I,41,69.81
2025-10-24,9:41:45.108825173,T,KO,F I,81,69.83
2025-10-24,9:41:45.108837420,T,KO,F I,19,69.83
2025-10-24,9:41:45.108837420,T,KO,F I,2,69.83
2025-10-24,9:41:45.108840220,T,KO,F I,25,69.83
2025-10-24,9:41:45.108846305,T,KO,F I,46,69.83
2025-10-24,9:41:45.108852243,T,KO,F I,46,69.83
2025-10-24,9:41:45.108864234,T,KO,F I,8,69.83
2025-10-24,9:41:45.447185783,T,KO,F I,1,69.85
2025-10-24,9:41:45.447188024,T,KO,F,100,69.85
2025-10-24,9:41:45.447191025,T,KO,F,100,69.85
2025-10-24,9:41:45.447191025,T,KO,F I,1,69.85
2025-10-24,9:41:45.447197067,T,KO,I,1,69.85
2025-10-24,9:41:45.447203063,T,KO,I,98,69.85
2025-10-24,9:41:48.425854360,T,KO,,100,69.855
2025-10-24,9:41:49.852187557,T,KO,F I,91,69.85
2025-10-24,9:41:52.868296271,T,KO,F I,20,69.84
2025-10-24,9:41:52.868299008,T,KO,F,126,69.84
2025-10-24,9:41:52.873573677,T,KO,I,10,69.835
2025-10-24,9:41:54.466804304,T,KO,F,100,69.82
2025-10-24,9:42:02.141410203,T,KO,I,89,69.83
2025-10-24,9:42:02.141422206,T,KO,I,1,69.83
2025-10-24,9:42:02.141443755,T,KO,F,110,69.83
2025-10-24,9:42:02.141443755,T,KO,F I,1,69.83
2025-10-24,9:42:02.141446487,T,KO,F I,8,69.83
2025-10-24,9:42:04.740927499,T,KO,,100,69.835
2025-10-24,9:42:12.936578417,T,KO,F,100,69.83
2025-10-24,9:42:12.936596461,T,KO,F I,45,69.83
2025-10-24,9:42:12.941967245,T,KO,I,11,69.825
2025-10-24,9:42:22.444471375,T,KO,F I,84,69.8
2025-10-24,9:42:22.444471375,T,KO,F I,62,69.8
2025-10-24,9:42:22.444476725,T,KO,F,100,69.8
2025-10-24,9:42:22.444476725,T,KO,F,200,69.8
2025-10-24,9:42:22.562640197,T,KO,,877,69.8
2025-10-24,9:42:22.562658243,T,KO,I,1,69.8
2025-10-24,9:42:22.562670571,T,KO,F,121,69.8
2025-10-24,9:42:22.562673745,T,KO,F,100,69.8
2025-10-24,9:42:22.562676405,T,KO,F I,1,69.8
2025-10-24,9:42:22.562676405,T,KO,F I,24,69.8
2025-10-24,9:42:22.562679232,T,KO,F,200,69.8
2025-10-24,9:42:28.041764980,T,KO,,100,69.795
2025-10-24,9:42:29.649201792,T,KO,F I,25,69.79
2025-10-24,9:42:29.649204539,T,KO,F I,45,69.79
2025-10-24,9:42:30.156473640,T,KO,F I,8,69.79
2025-10-24,9:42:30.156488764,T,KO,F I,9,69.79
2025-10-24,9:42:31.724101370,T,KO,,100,69.79
2025-10-24,9:42:37.498779449,T,KO,I,41,69.78
2025-10-24,9:42:37.498782335,T,KO,I,10,69.78
2025-10-24,9:42:37.498782335,T,KO,I,25,69.78
2025-10-24,9:42:37.502195205,T,KO,I,26,69.775
2025-10-24,9:42:38.997744799,T,KO,F,100,69.78
2025-10-24,9:42:38.997765930,T,KO,F I,26,69.78
2025-10-24,9:42:38.997765930,T,KO,I,1,69.78
2025-10-24,9:42:38.997774720,T,KO,I,73,69.78
2025-10-24,9:42:42.649326393,T,KO,F,193,69.785
2025-10-24,9:42:42.649543341,T,KO,F I,10,69.785
2025-10-24,9:42:42.649543341,T,KO,F I,88,69.79
2025-10-24,9:42:42.649546213,T,KO,F I,5,69.79
2025-10-24,9:42:42.649546213,T,KO,F I,90,69.79
2025-10-24,9:42:42.650655493,T,KO,I,10,69.79
2025-10-24,9:42:42.650902126,T,KO,I,1,69.79
2025-10-24,9:42:42.651079547,T,KO,F I,10,69.79
2025-10-24,9:42:42.651500473,T,KO,I,10,69.79
2025-10-24,9:42:42.651650825,T,KO,F I,79,69.79
2025-10-24,9:42:51.146162519,T,KO,F,189,69.8
2025-10-24,9:42:53.171549404,T,KO,F I,21,69.81
2025-10-24,9:42:53.171549404,T,KO,F I,40,69.81
2025-10-24,9:42:54.404681353,T,KO,F I,70,69.83
2025-10-24,9:42:54.404686210,T,KO,F I,4,69.83
2025-10-24,9:42:58.068409451,T,KO,I,20,69.84
2025-10-24,9:42:58.068409451,T,KO,,100,69.84
2025-10-24,9:42:58.068412460,T,KO,I,25,69.84
2025-10-24,9:43:00.429179642,T,KO,F I,10,69.83
2025-10-24,9:43:00.429182210,T,KO,F I,60,69.83
2025-10-24,9:43:00.429185176,T,KO,F I,10,69.83
2025-10-24,9:43:00.429185176,T,KO,F I,25,69.83
2025-10-24,9:43:00.429188279,T,KO,F,100,69.83
2025-10-24,9:43:00.430647084,T,KO,F,100,69.82
2025-10-24,9:43:00.430647084,T,KO,F I,22,69.82
2025-10-24,9:43:00.430649666,T,KO,F I,62,69.82
2025-10-24,9:43:00.436318764,T,KO,F,100,69.81
2025-10-24,9:43:00.436322390,T,KO,F,100,69.81
2025-10-24,9:43:00.436327213,T,KO,F,100,69.81
2025-10-24,9:43:00.436327213,T,KO,F,100,69.81
2025-10-24,9:43:00.438122792,T,KO,F,200,69.8
2025-10-24,9:43:00.438122792,T,KO,F,100,69.8
2025-10-24,9:43:00.438311882,T,KO,,100,69.8
2025-10-24,9:43:00.438360347,T,KO,F,100,69.8
2025-10-24,9:43:00.438363856,T,KO,F I,54,69.8
2025-10-24,9:43:00.438363856,T,KO,F,100,69.81
2025-10-24,9:43:00.438366974,T,KO,F I,54,69.81
2025-10-24,9:43:00.438369898,T,KO,F I,7,69.81
2025-10-24,9:43:00.438369898,T,KO,F,100,69.81
2025-10-24,9:43:00.438372404,T,KO,F I,25,69.81
2025-10-24,9:43:00.438372404,T,KO,F I,61,69.81
2025-10-24,9:43:00.438375556,T,KO,F,200,69.81
2025-10-24,9:43:00.438375556,T,KO,F,100,69.81
2025-10-24,9:43:00.438408179,T,KO,F I,48,69.81
2025-10-24,9:43:00.438444218,T,KO,,100,69.81
2025-10-24,9:43:00.439292177,T,KO,I,25,69.81
2025-10-24,9:43:00.439295226,T,KO,I,18,69.81
2025-10-24,9:43:00.439298478,T,KO,I,31,69.81
2025-10-24,9:43:00.440161270,T,KO,F I,37,69.81
2025-10-24,9:43:00.440161270,T,KO,F I,89,69.81
2025-10-24,9:43:00.464248990,T,KO,I,11,69.81
2025-10-24,9:43:00.464254699,T,KO,,233,69.81
2025-10-24,9:43:00.464254699,T,KO,,172,69.81
2025-10-24,9:43:00.464257959,T,KO,I,52,69.81
2025-10-24,9:43:00.464261036,T,KO,I,31,69.81
2025-10-24,9:43:00.464261036,T,KO,,100,69.81
2025-10-24,9:43:00.464264087,T,KO,I,37,69.81
2025-10-24,9:43:00.464264087,T,KO,I,25,69.81
2025-10-24,9:43:00.464264087,T,KO,,100,69.81
2025-10-24,9:43:00.464329812,T,KO,I,37,69.81
2025-10-24,9:43:00.464462099,T,KO,I,31,69.81
2025-10-24,9:43:00.464465655,T,KO,I,37,69.81
2025-10-24,9:43:00.464552369,T,KO,I,31,69.81
2025-10-24,9:43:00.464552369,T,KO,I,36,69.81
2025-10-24,9:43:01.252055923,T,KO,,100,69.805
2025-10-24,9:43:01.252055923,T,KO,I,1,69.81
2025-10-24,9:43:01.252059057,T,KO,I,25,69.81
2025-10-24,9:43:01.252243023,T,KO,I,54,69.81
2025-10-24,9:43:01.252543161,T,KO,I,25,69.81
2025-10-24,9:43:01.253024254,T,KO,I,75,69.81
2025-10-24,9:43:01.253027577,T,KO,I,54,69.81
2025-10-24,9:43:01.253027577,T,KO,,100,69.81
2025-10-24,9:43:01.253376150,T,KO,,100,69.8
2025-10-24,9:43:01.253376150,T,KO,I,10,69.8
2025-10-24,9:43:01.253685908,T,KO,F I,79,69.8
2025-10-24,9:43:01.253691884,T,KO,I,21,69.8
2025-10-24,9:43:01.253691884,T,KO,,100,69.8
2025-10-24,9:43:04.426635940,T,KO,F I,54,69.79
2025-10-24,9:43:07.554156875,T,KO,F I,2,69.8
2025-10-24,9:43:19.359749677,T,KO,F I,10,69.8
2025-10-24,9:43:19.359755668,T,KO,F,100,69.8
2025-10-24,9:43:19.359755668,T,KO,F I,25,69.8
2025-10-24,9:43:19.359755668,T,KO,F I,75,69.8
2025-10-24,9:43:19.571986266,T,KO,F I,10,69.79
2025-10-24,9:43:23.176773963,T,KO,F I,28,69.77
2025-10-24,9:43:27.758456215,T,KO,F I,1,69.76
2025-10-24,9:43:27.758462278,T,KO,F,100,69.76
2025-10-24,9:43:27.758462278,T,KO,F I,91,69.76
2025-10-24,9:43:27.758937550,T,KO,I,16,69.76
2025-10-24,9:43:27.758937550,T,KO,,100,69.76
2025-10-24,9:43:27.758940389,T,KO,,100,69.76
2025-10-24,9:43:27.758988661,T,KO,F I,50,69.76
2025-10-24,9:43:27.758991562,T,KO,F I,50,69.76
2025-10-24,9:43:27.758991562,T,KO,F I,50,69.76
2025-10-24,9:43:27.769396243,T,KO,I,11,69.755
2025-10-24,9:43:27.769420288,T,KO,I,89,69.755
2025-10-24,9:43:27.769426378,T,KO,,200,69.755
2025-10-24,9:43:32.411534566,T,KO,I,7,69.76
2025-10-24,9:43:32.411537512,T,KO,I,50,69.76
2025-10-24,9:43:36.210897680,T,KO,F I,68,69.78
2025-10-24,9:43:37.271295531,T,KO,F I,3,69.77
2025-10-24,9:43:37.271295531,T,KO,F I,4,69.77
2025-10-24,9:43:38.170749839,T,KO,F,100,69.765
2025-10-24,9:43:38.170749839,T,KO,F,795,69.77
2025-10-24,9:43:38.170767548,T,KO,F,100,69.77
2025-10-24,9:43:38.170809588,T,KO,,100,69.78
2025-10-24,9:43:38.170809588,T,KO,,100,69.78
2025-10-24,9:43:38.170815614,T,KO,,200,69.78
2025-10-24,9:43:38.170815614,T,KO,I,13,69.78
2025-10-24,9:43:39.845282488,T,KO,F I,1,69.79
2025-10-24,9:43:39.845284818,T,KO,F I,4,69.79
2025-10-24,9:43:39.845288856,T,KO,F I,25,69.79
2025-10-24,9:43:39.845291165,T,KO,F I,70,69.79
2025-10-24,9:43:39.845303399,T,KO,F I,30,69.79
2025-10-24,9:43:42.916210864,T,KO,F,100,69.81
2025-10-24,9:43:48.185823725,T,KO,F,100,69.82
2025-10-24,9:44:01.942162735,T,KO,,100,69.81
2025-10-24,9:44:04.544106858,T,KO,F I,1,69.81
2025-10-24,9:44:04.544458774,T,KO,F I,12,69.81
2025-10-24,9:44:05.869116800,T,KO,F I,7,69.81
2025-10-24,9:44:06.373805873,T,KO,F,100,69.82
2025-10-24,9:44:06.373809021,T,KO,F I,1,69.82
2025-10-24,9:44:06.374178663,T,KO,F I,6,69.82
2025-10-24,9:44:09.040954276,T,KO,,100,69.825
2025-10-24,9:44:11.970868592,T,KO,I,15,69.82
2025-10-24,9:44:12.110121243,T,KO,F,100,69.81
2025-10-24,9:44:12.110125008,T,KO,F I,36,69.81
2025-10-24,9:44:12.110125008,T,KO,F I,74,69.81
2025-10-24,9:44:12.639280192,T,KO,F,100,69.8
2025-10-24,9:44:12.639283313,T,KO,F I,61,69.8
2025-10-24,9:44:12.639300807,T,KO,I,1,69.8
2025-10-24,9:44:12.639300807,T,KO,I,92,69.8
2025-10-24,9:44:15.999013506,T,KO,F,100,69.8
2025-10-24,9:44:16.785879657,T,KO,F,200,69.8
2025-10-24,9:44:17.638488411,T,KO,,100,69.805
2025-10-24,9:44:21.007499380,T,KO,F,100,69.82
2025-10-24,9:44:24.107113841,T,KO,,100,69.83
2025-10-24,9:44:24.111429186,T,KO,,100,69.84
2025-10-24,9:44:24.114830283,T,KO,F,100,69.835
2025-10-24,9:44:29.802817501,T,KO,,100,69.835
2025-10-24,9:44:33.801125304,T,KO,F,100,69.85
2025-10-24,9:44:42.306402391,T,KO,,300,69.855
2025-10-24,9:44:50.862079413,T,KO,,100,69.855
2025-10-24,9:44:50.862666809,T,KO,F,100,69.86
2025-10-24,9:44:51.892603810,T,KO,F I,6,69.87
2025-10-24,9:44:51.892603810,T,KO,F,100,69.87
2025-10-24,9:44:52.755214320,T,KO,F I,16,69.87
2025-10-24,9:44:54.513396911,T,KO,F I,24,69.87
2025-10-24,9:44:54.513396911,T,KO,F,200,69.87
2025-10-24,9:44:56.104429351,T,KO,F I,7,69.87
2025-10-24,9:45:00.030240878,T,KO,F I,21,69.89
2025-10-24,9:45:00.030243663,T,KO,F,132,69.89
2025-10-24,9:45:00.030243663,T,KO,F I,50,69.89
2025-10-24,9:45:00.030451155,T,KO,I,1,69.89
2025-10-24,9:45:00.030820974,T,KO,,100,69.89
2025-10-24,9:45:00.030923292,T,KO,,100,69.89
2025-10-24,9:45:00.030981056,T,KO,F I,3,69.89
2025-10-24,9:45:00.031037628,T,KO,,100,69.9
2025-10-24,9:45:00.031236446,T,KO,,200,69.9
2025-10-24,9:45:00.031536759,T,KO,F I,2,69.9
2025-10-24,9:45:00.031542692,T,KO,F I,1,69.9
2025-10-24,9:45:00.034092860,T,KO,,120,69.9
2025-10-24,9:45:00.034727336,T,KO,I,80,69.9
2025-10-24,9:45:00.041571583,T,KO,I,54,69.9
2025-10-24,9:45:00.041571583,T,KO,I,46,69.9
2025-10-24,9:45:00.041589694,T,KO,I,1,69.9
2025-10-24,9:45:00.163680458,T,KO,I,10,69.9
2025-10-24,9:45:00.381209540,T,KO,F I,90,69.9
2025-10-24,9:45:00.441214437,T,KO,F I,54,69.91
2025-10-24,9:45:00.441217433,T,KO,F,200,69.91
2025-10-24,9:45:05.224779657,T,KO,F I,1,69.9
2025-10-24,9:45:05.224779657,T,KO,F I,12,69.9
2025-10-24,9:45:07.082954042,T,KO,F I,15,69.91
2025-10-24,9:45:07.082956426,T,KO,F,107,69.91
2025-10-24,9:45:09.677999137,T,KO,F I,59,69.92
2025-10-24,9:45:09.678002178,T,KO,F I,26,69.92
2025-10-24,9:45:13.099307699,T,KO,F,100,69.93
2025-10-24,9:45:13.112202375,T,KO,,100,69.95
2025-10-24,9:45:13.112359405,T,KO,F I,7,69.95
2025-10-24,9:45:13.112362499,T,KO,F I,2,69.95
2025-10-24,9:45:13.112374197,T,KO,F I,54,69.95
2025-10-24,9:45:13.112374197,T,KO,F,100,69.95
2025-10-24,9:45:13.112473100,T,KO,F,100,69.95
2025-10-24,9:45:13.112473100,T,KO,F I,10,69.95
2025-10-24,9:45:13.112497324,T,KO,I,46,69.95
2025-10-24,9:45:13.112497324,T,KO,,100,69.95
2025-10-24,9:45:13.112506095,T,KO,I,7,69.95
2025-10-24,9:45:13.112506095,T,KO,I,2,69.95
2025-10-24,9:45:13.128266632,T,KO,,100,69.945
2025-10-24,9:45:13.278994647,T,KO,I,7,69.94
2025-10-24,9:45:13.278997631,T,KO,I,10,69.94
2025-10-24,9:45:14.937083767,T,KO,F,100,69.93
2025-10-24,9:45:15.362320589,T,KO,I,24,69.93
2025-10-24,9:45:17.512231076,T,KO,F I,90,69.94
2025-10-24,9:45:17.512246076,T,KO,I,1,69.94
2025-10-24,9:45:17.707934205,T,KO,F I,46,69.93
2025-10-24,9:45:17.707934205,T,KO,F,106,69.93
2025-10-24,9:45:17.708821266,T,KO,I,55,69.93
2025-10-24,9:45:17.708821266,T,KO,,100,69.93
2025-10-24,9:45:17.708824340,T,KO,I,7,69.93
2025-10-24,9:45:17.709082932,T,KO,F,100,69.93
2025-10-24,9:45:18.491687839,T,KO,I,1,69.93
2025-10-24,9:45:21.386442351,T,KO,F I,35,69.95
2025-10-24,9:45:21.945738412,T,KO,I,50,69.97
2025-10-24,9:45:23.231646132,T,KO,I,18,69.97
2025-10-24,9:45:23.231724281,T,KO,I,31,69.97
2025-10-24,9:45:23.231745420,T,KO,I,6,69.97
2025-10-24,9:45:23.232136783,T,KO,I,7,69.97
2025-10-24,9:45:23.232139257,T,KO,I,8,69.97
2025-10-24,9:45:23.232160427,T,KO,F I,47,69.97
2025-10-24,9:45:23.232163429,T,KO,F,100,69.97
2025-10-24,9:45:23.232166417,T,KO,F,100,69.97
2025-10-24,9:45:25.265047171,T,KO,,100,69.975
2025-10-24,9:45:25.944434273,T,KO,F I,55,69.98
2025-10-24,9:45:25.944437297,T,KO,F I,10,69.98
2025-10-24,9:45:27.450532394,T,KO,F,100,69.97
2025-10-24,9:45:27.450538430,T,KO,F I,5,69.97
2025-10-24,9:45:27.450538430,T,KO,F,121,69.97
2025-10-24,9:45:27.452757695,T,KO,I,7,69.965
2025-10-24,9:45:27.459800729,T,KO,I,54,69.97
2025-10-24,9:45:27.459803492,T,KO,I,39,69.97
2025-10-24,9:45:27.459825091,T,KO,I,1,69.97
2025-10-24,9:45:30.030852054,T,KO,F I,60,69.97
2025-10-24,9:45:30.031017357,T,KO,F,100,69.98
2025-10-24,9:45:30.031017357,T,KO,F,100,69.98
2025-10-24,9:45:30.031020458,T,KO,F,100,69.98
2025-10-24,9:45:32.095410376,T,KO,F,100,69.98
2025-10-24,9:45:32.095428744,T,KO,I,1,69.98
2025-10-24,9:45:32.095431402,T,KO,F,147,69.98
2025-10-24,9:45:32.095455451,T,KO,F I,53,69.98
2025-10-24,9:45:35.670980668,T,KO,F I,54,69.99
2025-10-24,9:45:35.670983462,T,KO,F I,5,69.99
2025-10-24,9:45:35.679000471,T,KO,F I,19,69.98
2025-10-24,9:45:35.899675081,T,KO,F,100,69.98
2025-10-24,9:45:42.832080430,T,KO,,100,69.97
2025-10-24,9:45:42.832080430,T,KO,I,10,69.97
2025-10-24,9:45:42.832744943,T,KO,F I,27,69.97
2025-10-24,9:45:42.840707867,T,KO,I,5,69.965
2025-10-24,9:45:42.975522302,T,KO,F I,55,69.97
2025-10-24,9:45:42.975527967,T,KO,F,100,69.97
2025-10-24,9:45:42.975527967,T,KO,F I,1,69.97
2025-10-24,9:45:42.975530969,T,KO,F,100,69.97
2025-10-24,9:45:42.976078233,T,KO,F,100,69.98
2025-10-24,9:45:42.976081661,T,KO,F,100,69.98
2025-10-24,9:45:42.976084289,T,KO,F,100,69.98
2025-10-24,9:45:42.981734784,T,KO,I,55,69.98
2025-10-24,9:45:42.981738102,T,KO,I,11,69.98
2025-10-24,9:45:43.026291976,T,KO,F I,54,69.97
2025-10-24,9:45:43.026294870,T,KO,F,100,69.97
2025-10-24,9:45:43.026294870,T,KO,F,100,69.97
2025-10-24,9:45:43.027633020,T,KO,,100,69.97
2025-10-24,9:45:43.027636118,T,KO,,100,69.97
2025-10-24,9:45:43.027639146,T,KO,I,54,69.97
2025-10-24,9:45:43.027642095,T,KO,I,7,69.97
2025-10-24,9:45:43.027642095,T,KO,I,68,69.97
2025-10-24,9:45:43.027645321,T,KO,,216,69.97
2025-10-24,9:45:43.027648433,T,KO,,100,69.97
2025-10-24,9:45:43.027846596,T,KO,F I,1,69.97
2025-10-24,9:45:48.093646476,T,KO,F I,7,69.97
2025-10-24,9:45:48.093646476,T,KO,F I,4,69.97
2025-10-24,9:45:48.093649119,T,KO,F I,5,69.97
2025-10-24,9:45:48.093676736,T,KO,F I,63,69.97
2025-10-24,9:45:48.093676736,T,KO,F I,10,69.97
2025-10-24,9:45:48.093679155,T,KO,F,118,69.97
2025-10-24,9:45:48.094659963,T,KO,I,54,69.97
2025-10-24,9:45:48.094663513,T,KO,,100,69.97
2025-10-24,9:45:48.094665600,T,KO,I,7,69.97
2025-10-24,9:45:48.736944182,T,KO,F,100,69.98
2025-10-24,9:45:48.736947176,T,KO,F I,19,69.98
2025-10-24,9:45:48.738971079,T,KO,F,100,69.99
2025-10-24,9:45:48.738971079,T,KO,F I,30,69.99
2025-10-24,9:45:48.940399791,T,KO,I,54,69.99
2025-10-24,9:45:48.940402802,T,KO,I,11,69.99
2025-10-24,9:45:50.481140698,T,KO,F I,48,70.0
2025-10-24,9:45:50.481140698,T,KO,I,8,70.0
2025-10-24,9:45:50.481147209,T,KO,F I,44,70.0
2025-10-24,9:45:50.481150365,T,KO,F,100,70.0
2025-10-24,9:45:50.481155868,T,KO,F I,20,70.0
2025-10-24,9:45:50.481155868,T,KO,F,100,70.0
2025-10-24,9:45:50.481155868,T,KO,F,104,70.0
2025-10-24,9:45:51.230627644,T,KO,,100,70.005
2025-10-24,9:45:52.074214708,T,KO,F,100,70.0
2025-10-24,9:45:52.074214708,T,KO,F I,23,70.0
2025-10-24,9:45:52.074232726,T,KO,I,1,70.0
2025-10-24,9:45:52.074235735,T,KO,I,76,70.0
2025-10-24,9:45:52.074262973,T,KO,,100,70.0
2025-10-24,9:45:52.074262973,T,KO,I,55,70.0
2025-10-24,9:45:52.074265983,T,KO,I,7,70.0
2025-10-24,9:45:52.074265983,T,KO,I,38,70.005
2025-10-24,9:46:00.141429557,T,KO,,100,70.01
2025-10-24,9:46:00.141700199,T,KO,I,23,70.02
2025-10-24,9:46:00.142716906,T,KO,F I,53,70.02
2025-10-24,9:46:00.142719963,T,KO,F I,55,70.02
2025-10-24,9:46:00.142723353,T,KO,F,100,70.02
2025-10-24,9:46:00.142723353,T,KO,F I,7,70.02
2025-10-24,9:46:00.142726458,T,KO,F,100,70.02
2025-10-24,9:46:00.142728597,T,KO,F,100,70.02
2025-10-24,9:46:00.142870238,T,KO,F,100,70.02
2025-10-24,9:46:00.142870238,T,KO,F I,53,70.01
2025-10-24,9:46:00.142873853,T,KO,F,100,70.01
2025-10-24,9:46:00.142873853,T,KO,F,100,70.01
2025-10-24,9:46:00.142875955,T,KO,F I,54,70.01
2025-10-24,9:46:00.143655766,T,KO,I,66,70.01
2025-10-24,9:46:00.143657839,T,KO,,100,70.01
2025-10-24,9:46:00.143660905,T,KO,,136,70.02
2025-10-24,9:46:00.143665007,T,KO,,200,70.02
2025-10-24,9:46:00.143666881,T,KO,,100,70.02
2025-10-24,9:46:00.143666881,T,KO,,100,70.02
2025-10-24,9:46:00.143670126,T,KO,,138,70.02
2025-10-24,9:46:00.143778138,T,KO,I,40,70.02
2025-10-24,9:46:00.143781434,T,KO,,100,70.02
2025-10-24,9:46:00.144830697,T,KO,,100,70.02
2025-10-24,9:46:00.144830697,T,KO,,100,70.02
2025-10-24,9:46:00.230901616,T,KO,F,100,70.03
2025-10-24,9:46:00.230922862,T,KO,I,24,70.03
2025-10-24,9:46:00.230922862,T,KO,I,1,70.03
2025-10-24,9:46:00.230926060,T,KO,F I,11,70.03
2025-10-24,9:46:00.272860572,T,KO,,100,70.01
2025-10-24,9:46:01.313158244,T,KO,,100,70.015
2025-10-24,9:46:01.364042472,T,KO,I,58,70.015
2025-10-24,9:46:01.427508656,T,KO,F,100,70.02
2025-10-24,9:46:01.427511647,T,KO,F I,1,70.02
2025-10-24,9:46:02.266563986,T,KO,,100,70.03
2025-10-24,9:46:03.799185315,T,KO,F I,7,70.02
2025-10-24,9:46:03.799188346,T,KO,F I,63,70.02
2025-10-24,9:46:07.841124424,T,KO,F I,7,70.03
2025-10-24,9:46:07.841124424,T,KO,F I,60,70.03
2025-10-24,9:46:08.361865373,T,KO,F I,98,70.03
2025-10-24,9:46:08.361868862,T,KO,F I,93,70.03
2025-10-24,9:46:08.361868862,T,KO,F I,2,70.03
2025-10-24,9:46:08.361872077,T,KO,F I,8,70.03
2025-10-24,9:46:09.594468093,T,KO,I,50,70.025
2025-10-24,9:46:10.981440522,T,KO,,100,70.03
2025-10-24,9:46:10.981440522,T,KO,I,8,70.03
2025-10-24,9:46:10.981443515,T,KO,,100,70.03
2025-10-24,9:46:10.981446487,T,KO,,100,70.03
2025-10-24,9:46:10.985515179,T,KO,I,5,70.04
2025-10-24,9:46:13.274008135,T,KO,F I,8,70.04
2025-10-24,9:46:13.274011296,T,KO,F,100,70.04
2025-10-24,9:46:13.274013995,T,KO,F,100,70.04
2025-10-24,9:46:13.274013995,T,KO,F,124,70.04
2025-10-24,9:46:13.277330627,T,KO,F,186,70.03
2025-10-24,9:46:14.704192966,T,KO,F I,2,70.02
2025-10-24,9:46:14.704361376,T,KO,,200,70.02
2025-10-24,9:46:21.006008273,T,KO,I,8,70.025
2025-10-24,9:46:22.918861242,T,KO,,100,70.02
2025-10-24,9:46:22.918861242,T,KO,I,1,70.02
2025-10-24,9:46:22.921056319,T,KO,F,100,70.01
2025-10-24,9:46:22.921059311,T,KO,F,200,70.01
2025-10-24,9:46:22.921092372,T,KO,F,100,70.01
2025-10-24,9:46:23.534120435,T,KO,I,87,70.0
2025-10-24,9:46:23.534123462,T,KO,,100,70.0
2025-10-24,9:46:23.534141633,T,KO,I,1,70.0
2025-10-24,9:46:26.424475481,T,KO,I,99,70.0
2025-10-24,9:46:26.424478507,T,KO,,498,70.0
2025-10-24,9:46:38.134398217,T,KO,F,100,69.99
2025-10-24,9:46:38.134416204,T,KO,F I,13,69.99
2025-10-24,9:46:38.134419178,T,KO,I,1,69.99
2025-10-24,9:46:40.970621964,T,KO,I,61,69.99
2025-10-24,9:46:40.971087330,T,KO,F I,62,69.99
2025-10-24,9:46:40.971087330,T,KO,F,100,69.99
2025-10-24,9:46:45.830983597,T,KO,I,62,69.99
2025-10-24,9:46:45.830983597,T,KO,I,4,69.99
2025-10-24,9:46:45.830987000,T,KO,,100,69.99
2025-10-24,9:46:47.698936448,T,KO,F,100,70.0
2025-10-24,9:46:47.700686322,T,KO,F,100,70.0
2025-10-24,9:46:47.700692371,T,KO,F I,61,70.0
2025-10-24,9:46:47.700692371,T,KO,F I,8,70.0
2025-10-24,9:46:47.751459175,T,KO,F,100,69.99
2025-10-24,9:46:49.504376181,T,KO,F I,61,69.99
2025-10-24,9:46:49.504376181,T,KO,F I,12,69.99
2025-10-24,9:46:51.218257223,T,KO,F I,90,70.0
2025-10-24,9:47:00.790051592,T,KO,F I,36,70.01
2025-10-24,9:47:00.790072657,T,KO,I,1,70.01
2025-10-24,9:47:00.790081623,T,KO,F,163,70.01
2025-10-24,9:47:00.790081623,T,KO,F,100,70.01
2025-10-24,9:47:00.931337075,T,KO,F I,1,70.01
2025-10-24,9:47:03.184504571,T,KO,F,100,70.01
2025-10-24,9:47:03.184504571,T,KO,F I,34,70.01
2025-10-24,9:47:03.308309510,T,KO,F,103,70.0
2025-10-24,9:47:03.308315503,T,KO,F,119,70.0
2025-10-24,9:47:03.308315503,T,KO,F,100,70.0
2025-10-24,9:47:11.813238438,T,KO,I,1,70.0
2025-10-24,9:47:11.813240868,T,KO,,100,70.0
2025-10-24,9:47:11.813243681,T,KO,I,1,70.0
2025-10-24,9:47:11.813255778,T,KO,I,1,70.0
2025-10-24,9:47:11.813259502,T,KO,I,99,70.0
2025-10-24,9:47:13.665063457,T,KO,F,300,70.0
2025-10-24,9:47:25.393492841,T,KO,F I,71,69.98
2025-10-24,9:47:26.265566360,T,KO,,100,69.965
2025-10-24,9:47:34.273110287,T,KO,F,151,69.97
2025-10-24,9:47:34.273113977,T,KO,F,100,69.97
2025-10-24,9:47:34.273113977,T,KO,F,100,69.97
2025-10-24,9:47:34.273943257,T,KO,,100,69.98
2025-10-24,9:47:36.669057512,T,KO,F,100,69.99
2025-10-24,9:47:48.578676855,T,KO,F,100,69.98
2025-10-24,9:47:48.579212272,T,KO,F I,64,69.99
2025-10-24,9:47:48.579215159,T,KO,F,100,69.99
2025-10-24,9:47:51.859620134,T,KO,F,200,69.98
2025-10-24,9:47:53.486437835,T,KO,,100,69.975
2025-10-24,9:47:55.886589348,T,KO,,100,69.975
2025-10-24,9:48:03.349767544,T,KO,,100,69.975
2025-10-24,9:48:04.699718785,T,KO,,100,69.975
2025-10-24,9:48:08.442011883,T,KO,F I,5,69.97
2025-10-24,9:48:11.910250217,T,KO,,200,69.965
2025-10-24,9:48:12.040779129,T,KO,I,1,69.965
2025-10-24,9:48:17.116577251,T,KO,F I,35,69.96
2025-10-24,9:48:17.116580271,T,KO,F I,71,69.96
2025-10-24,9:48:19.137215782,T,KO,,100,69.955
2025-10-24,9:48:20.429152955,T,KO,F I,2,69.96
2025-10-24,9:48:20.429155907,T,KO,F,200,69.96
2025-10-24,9:48:31.553317091,T,KO,F,100,69.97
2025-10-24,9:48:31.553317091,T,KO,F I,50,69.97
2025-10-24,9:48:31.553320546,T,KO,F,100,69.97
2025-10-24,9:48:31.553325442,T,KO,F I,38,69.97
2025-10-24,9:48:31.553337505,T,KO,F I,62,69.97
2025-10-24,9:48:31.559252568,T,KO,,100,69.96
2025-10-24,9:48:31.559283606,T,KO,F I,67,69.95
2025-10-24,9:48:31.559283606,T,KO,F,100,69.95
2025-10-24,9:48:31.559285731,T,KO,F I,47,69.95
2025-10-24,9:48:31.564605354,T,KO,I,41,69.95
2025-10-24,9:48:43.554509878,T,KO,F I,41,69.95
2025-10-24,9:48:43.554513169,T,KO,F I,29,69.95
2025-10-24,9:48:43.554513169,T,KO,F,101,69.95
2025-10-24,9:48:43.554527920,T,KO,I,1,69.95
2025-10-24,9:48:43.554549151,T,KO,F I,3,69.95
2025-10-24,9:48:44.026995217,T,KO,F I,7,69.95
2025-10-24,9:48:44.029578335,T,KO,,100,69.955
2025-10-24,9:48:45.166499172,T,KO,F I,7,69.95
2025-10-24,9:48:47.730011828,T,KO,,100,69.945
2025-10-24,9:48:52.808938690,T,KO,F I,5,69.93
2025-10-24,9:48:52.808938690,T,KO,F I,25,69.93
2025-10-24,9:49:00.544633742,T,KO,I,47,69.91
2025-10-24,9:49:00.544654703,T,KO,F I,4,69.91
2025-10-24,9:49:00.545391724,T,KO,I,48,69.91
2025-10-24,9:49:00.545394834,T,KO,,100,69.91
2025-10-24,9:49:00.545397438,T,KO,I,52,69.91
2025-10-24,9:49:00.545413018,T,KO,I,1,69.91
2025-10-24,9:49:02.567274974,T,KO,F I,51,69.9
2025-10-24,9:49:02.567278154,T,KO,F I,48,69.9
2025-10-24,9:49:02.567278154,T,KO,F,100,69.9
2025-10-24,9:49:04.108295361,T,KO,F I,9,69.89
2025-10-24,9:49:04.120149590,T,KO,F I,3,69.88
2025-10-24,9:49:05.113400142,T,KO,F I,1,69.87
2025-10-24,9:49:11.145575157,T,KO,F,200,69.87
2025-10-24,9:49:23.018609736,T,KO,F I,7,69.87
2025-10-24,9:49:23.018609736,T,KO,F I,34,69.87
2025-10-24,9:49:23.018615567,T,KO,F,100,69.87
2025-10-24,9:49:23.018955470,T,KO,F I,6,69.87
2025-10-24,9:49:25.544063564,T,KO,,100,69.865
2025-10-24,9:49:25.545867842,T,KO,,200,69.865
2025-10-24,9:49:25.634816653,T,KO,I,5,69.87
2025-10-24,9:49:28.903009693,T,KO,F I,15,69.86
2025-10-24,9:49:30.005949633,T,KO,I,2,69.85
2025-10-24,9:49:30.005949633,T,KO,I,15,69.85
2025-10-24,9:49:30.005952639,T,KO,,138,69.85
2025-10-24,9:49:30.908627507,T,KO,I,21,69.835
2025-10-24,9:49:32.042676516,T,KO,I,15,69.83
2025-10-24,9:49:32.880429781,T,KO,I,1,69.83
2025-10-24,9:49:32.880432872,T,KO,,100,69.83
2025-10-24,9:49:33.081528517,T,KO,,100,69.83
2025-10-24,9:49:33.081530839,T,KO,I,33,69.82
2025-10-24,9:49:33.081553123,T,KO,I,67,69.82
2025-10-24,9:49:33.081553123,T,KO,I,66,69.82
2025-10-24,9:49:33.081557908,T,KO,I,1,69.82
2025-10-24,9:49:33.081557908,T,KO,F,132,69.83
2025-10-24,9:49:33.081567212,T,KO,I,1,69.82
2025-10-24,9:49:33.082180307,T,KO,F I,25,69.84
2025-10-24,9:49:33.082183362,T,KO,F I,29,69.84
2025-10-24,9:49:33.082198402,T,KO,,171,69.84
2025-10-24,9:49:33.082201400,T,KO,I,54,69.84
2025-10-24,9:49:36.564723816,T,KO,,100,69.845
2025-10-24,9:49:37.292662313,T,KO,F,100,69.85
2025-10-24,9:49:37.292662313,T,KO,F,200,69.85
2025-10-24,9:49:39.887968938,T,KO,,100,69.855
2025-10-24,9:49:40.091322235,T,KO,,300,69.855
2025-10-24,9:49:40.274729117,T,KO,,135,69.855
2025-10-24,9:49:41.220382395,T,KO,F,100,69.85
2025-10-24,9:49:41.220382395,T,KO,F I,68,69.85
2025-10-24,9:49:41.220385562,T,KO,F,100,69.85
2025-10-24,9:49:42.256803834,T,KO,I,13,69.85
2025-10-24,9:49:42.256839886,T,KO,F I,4,69.84
2025-10-24,9:49:42.256860957,T,KO,I,1,69.84
2025-10-24,9:49:44.027815272,T,KO,F I,89,69.84
2025-10-24,9:49:44.027817870,T,KO,F,100,69.84
2025-10-24,9:49:44.028205849,T,KO,F,100,69.84
2025-10-24,9:49:45.940153623,T,KO,F I,85,69.83
2025-10-24,9:49:48.230128643,T,KO,I,6,69.82
2025-10-24,9:49:50.649249368,T,KO,F,180,69.82
2025-10-24,9:49:50.649249368,T,KO,F I,3,69.82
2025-10-24,9:49:50.783910088,T,KO,F,119,69.83
2025-10-24,9:49:50.783932072,T,KO,I,1,69.83
2025-10-24,9:49:50.783932072,T,KO,I,74,69.83
2025-10-24,9:50:04.172467413,T,KO,,200,69.84
2025-10-24,9:50:04.172470220,T,KO,,100,69.84
2025-10-24,9:50:04.172470220,T,KO,I,1,69.84
2025-10-24,9:50:04.964376304,T,KO,F,100,69.84
2025-10-24,9:50:04.964379217,T,KO,F,100,69.84
2025-10-24,9:50:04.964379217,T,KO,F I,79,69.84
2025-10-24,9:50:04.967864412,T,KO,I,33,69.835
2025-10-24,9:50:05.000035009,T,KO,F,100,69.83
2025-10-24,9:50:05.000038785,T,KO,F I,79,69.83
2025-10-24,9:50:05.000038785,T,KO,F I,13,69.83
2025-10-24,9:50:05.000041048,T,KO,F I,14,69.83
2025-10-24,9:50:05.001986767,T,KO,F I,41,69.83
2025-10-24,9:50:05.001986767,T,KO,F,100,69.83
2025-10-24,9:50:12.397410536,T,KO,F,100,69.805
2025-10-24,9:50:12.397464638,T,KO,F I,55,69.8
2025-10-24,9:50:12.397801448,T,KO,I,6,69.8
2025-10-24,9:50:12.397858572,T,KO,I,94,69.8
2025-10-24,9:50:12.398393863,T,KO,F I,2,69.8
2025-10-24,9:50:12.398754743,T,KO,F I,5,69.8
2025-10-24,9:50:16.357849153,T,KO,,100,69.81
2025-10-24,9:50:17.228233738,T,KO,F,100,69.83
2025-10-24,9:50:17.487640102,T,KO,F I,5,69.85
2025-10-24,9:50:17.973014920,T,KO,F I,28,69.86
2025-10-24,9:50:17.993736430,T,KO,,100,69.865
2025-10-24,9:50:24.498936133,T,KO,F I,11,69.86
2025-10-24,9:50:24.498938275,T,KO,F I,10,69.86
2025-10-24,9:50:24.498941217,T,KO,F,100,69.86
2025-10-24,9:50:36.963460018,T,KO,,100,69.855
2025-10-24,9:50:41.513913007,T,KO,F,100,69.86
2025-10-24,9:50:41.513916225,T,KO,F,100,69.86
2025-10-24,9:50:41.513919054,T,KO,F I,42,69.86
2025-10-24,9:50:41.513937008,T,KO,I,1,69.86
2025-10-24,9:50:41.513937008,T,KO,I,57,69.86
2025-10-24,9:50:41.525857480,T,KO,,100,69.865
2025-10-24,9:50:41.546447438,T,KO,,100,69.865
2025-10-24,9:50:44.163500054,T,KO,I,40,69.86
2025-10-24,9:50:44.163515177,T,KO,F I,16,69.86
2025-10-24,9:50:50.467342122,T,KO,F,100,69.87
2025-10-24,9:50:52.009318409,T,KO,,100,69.85
2025-10-24,9:50:58.696922429,T,KO,F,100,69.85
2025-10-24,9:50:58.698004940,T,KO,,106,69.86
2025-10-24,9:50:58.702690176,T,KO,F,100,69.86
2025-10-24,9:50:58.702693124,T,KO,F I,57,69.86
2025-10-24,9:50:58.702693124,T,KO,F,100,69.86
2025-10-24,9:50:58.727790900,T,KO,,100,69.855
2025-10-24,9:51:00.451517696,T,KO,F I,7,69.86
2025-10-24,9:51:00.451520425,T,KO,F I,57,69.86
2025-10-24,9:51:00.451524125,T,KO,F I,40,69.86
2025-10-24,9:51:04.713748977,T,KO,F I,1,69.87
2025-10-24,9:51:04.713748977,T,KO,F I,6,69.87
2025-10-24,9:51:04.926872726,T,KO,I,45,69.87
2025-10-24,9:51:04.967090542,T,KO,I,55,69.87
2025-10-24,9:51:04.967090542,T,KO,I,7,69.87
2025-10-24,9:51:04.975835417,T,KO,I,56,69.87
2025-10-24,9:51:04.975838482,T,KO,I,21,69.87
2025-10-24,9:51:04.975838482,T,KO,,273,69.875
2025-10-24,9:51:04.975872029,T,KO,F I,27,69.875
2025-10-24,9:51:04.975877600,T,KO,F I,43,69.88
2025-10-24,9:51:04.975880915,T,KO,F I,25,69.88
2025-10-24,9:51:04.975880915,T,KO,F I,65,69.88
2025-10-24,9:51:04.975883588,T,KO,F,200,69.88
2025-10-24,9:51:04.975886577,T,KO,F I,73,69.88
2025-10-24,9:51:04.975892349,T,KO,I,1,69.88
2025-10-24,9:51:04.975898379,T,KO,I,26,69.88
2025-10-24,9:51:04.975898379,T,KO,I,74,69.88
2025-10-24,9:51:04.975901319,T,KO,I,1,69.88
2025-10-24,9:51:04.975941282,T,KO,F I,25,69.88
2025-10-24,9:51:07.016579738,T,KO,,100,69.885
2025-10-24,9:51:07.112054178,T,KO,,100,69.885
2025-10-24,9:51:11.466858397,T,KO,,100,69.885
2025-10-24,9:51:11.466861177,T,KO,I,56,69.88
2025-10-24,9:51:11.466864213,T,KO,I,21,69.88
2025-10-24,9:51:11.466864213,T,KO,,121,69.88
2025-10-24,9:51:11.466870114,T,KO,I,1,69.88
2025-10-24,9:51:11.466870114,T,KO,I,40,69.88
2025-10-24,9:51:11.466882243,T,KO,F,100,69.88
2025-10-24,9:51:13.352012028,T,KO,F,200,69.87
2025-10-24,9:51:13.364107037,T,KO,I,30,69.86
2025-10-24,9:51:13.364109927,T,KO,I,2,69.86
2025-10-24,9:51:14.352657361,T,KO,I,81,69.86
2025-10-24,9:51:29.052836831,T,KO,F,100,69.84
2025-10-24,9:51:29.052836831,T,KO,F I,13,69.84
2025-10-24,9:51:29.052842215,T,KO,F I,87,69.84
2025-10-24,9:51:29.661552012,T,KO,F I,16,69.84
2025-10-24,9:51:29.661555036,T,KO,F I,2,69.84
2025-10-24,9:51:29.661555036,T,KO,F,100,69.84
2025-10-24,9:51:29.862253033,T,KO,I,67,69.84
2025-10-24,9:51:30.103292118,T,KO,I,2,69.84
2025-10-24,9:51:30.103292118,T,KO,I,45,69.84
2025-10-24,9:51:31.281732801,T,KO,I,34,69.83
2025-10-24,9:51:31.281732801,T,KO,I,99,69.83
2025-10-24,9:51:31.302894298,T,KO,,100,69.815
2025-10-24,9:51:31.319172041,T,KO,,100,69.815
2025-10-24,9:51:37.821733399,T,KO,I,1,69.815
2025-10-24,9:51:39.075326189,T,KO,F,100,69.81
2025-10-24,9:51:39.813479180,T,KO,,100,69.805
2025-10-24,9:51:44.769589482,T,KO,F,151,69.8
2025-10-24,9:51:44.769589482,T,KO,F I,43,69.8
2025-10-24,9:51:44.769592975,T,KO,F I,25,69.8
2025-10-24,9:51:49.185715458,T,KO,F I,6,69.79
2025-10-24,9:51:49.185718420,T,KO,F,100,69.79
2025-10-24,9:51:49.185721465,T,KO,F,100,69.79
2025-10-24,9:51:56.619219184,T,KO,F,100,69.79
2025-10-24,9:51:56.619219184,T,KO,F,100,69.79
2025-10-24,9:51:56.619222486,T,KO,F,100,69.79
2025-10-24,9:51:56.620902896,T,KO,F,100,69.8
2025-10-24,9:51:56.620902896,T,KO,F,100,69.8
2025-10-24,9:51:58.549513336,T,KO,,100,69.815
2025-10-24,9:52:02.047327208,T,KO,I,80,69.81
2025-10-24,9:52:02.047375847,T,KO,F I,20,69.81
2025-10-24,9:52:02.047378401,T,KO,F I,1,69.81
2025-10-24,9:52:02.079609106,T,KO,F,100,69.815
2025-10-24,9:52:04.397150975,T,KO,F I,1,69.81
2025-10-24,9:52:04.397172242,T,KO,F I,99,69.81
2025-10-24,9:52:04.397175061,T,KO,F I,49,69.81
2025-10-24,9:52:04.397175061,T,KO,F I,19,69.81
2025-10-24,9:52:06.700799592,T,KO,I,68,69.8
2025-10-24,9:52:07.345396823,T,KO,,100,69.795
2025-10-24,9:52:10.006425675,T,KO,I,12,69.795
2025-10-24,9:52:12.953641415,T,KO,I,16,69.8
2025-10-24,9:52:12.953646798,T,KO,I,60,69.8
2025-10-24,9:52:12.953661266,T,KO,F I,40,69.8
2025-10-24,9:52:12.953664216,T,KO,F,100,69.8
2025-10-24,9:52:17.787758715,T,KO,,100,69.805
2025-10-24,9:52:20.942777128,T,KO,F,100,69.81
2025-10-24,9:52:20.942780211,T,KO,F,100,69.81
2025-10-24,9:52:22.372875262,T,KO,F,100,69.81
2025-10-24,9:52:22.372881292,T,KO,F,100,69.81
2025-10-24,9:52:22.372881292,T,KO,F I,16,69.81
2025-10-24,9:52:22.372881292,T,KO,F I,51,69.81
2025-10-24,9:52:25.288436490,T,KO,F,100,69.81
2025-10-24,9:52:25.288436490,T,KO,F,100,69.81
2025-10-24,9:52:26.094322764,T,KO,F,100,69.81
2025-10-24,9:52:26.094325825,T,KO,F I,51,69.81
2025-10-24,9:52:32.107095583,T,KO,,100,69.815
2025-10-24,9:52:36.120292089,T,KO,,100,69.82
2025-10-24,9:52:36.120295101,T,KO,I,10,69.82
2025-10-24,9:52:36.120298066,T,KO,,100,69.82
2025-10-24,9:52:40.536379132,T,KO,I,14,69.84
2025-10-24,9:52:40.536394148,T,KO,I,86,69.84
2025-10-24,9:52:43.306083846,T,KO,I,10,69.85
2025-10-24,9:52:43.306101908,T,KO,I,10,69.85
2025-10-24,9:52:44.022789965,T,KO,F I,20,69.85
2025-10-24,9:52:46.636771635,T,KO,I,50,69.855
2025-10-24,9:52:50.159818682,T,KO,I,1,69.855
2025-10-24,9:52:52.396807647,T,KO,F I,42,69.85
2025-10-24,9:52:52.396819577,T,KO,F I,58,69.85
2025-10-24,9:52:52.396822561,T,KO,F,100,69.85
2025-10-24,9:52:52.397923179,T,KO,F I,15,69.85
2025-10-24,9:52:52.397923179,T,KO,F I,54,69.85
2025-10-24,9:52:52.397926146,T,KO,F,100,69.85
2025-10-24,9:52:52.398984671,T,KO,I,54,69.85
2025-10-24,9:52:52.398984671,T,KO,,100,69.85
2025-10-24,9:52:52.398988007,T,KO,I,15,69.85
2025-10-24,9:52:52.398988007,T,KO,I,54,69.85
2025-10-24,9:52:52.399471848,T,KO,F I,25,69.85
2025-10-24,9:52:52.399481199,T,KO,F I,25,69.85
2025-10-24,9:52:52.399484722,T,KO,F,100,69.85
2025-10-24,9:52:52.399484722,T,KO,F I,54,69.85
2025-10-24,9:52:52.399487618,T,KO,F,100,69.85
2025-10-24,9:52:52.399489950,T,KO,F I,54,69.85
2025-10-24,9:52:52.399489950,T,KO,F I,25,69.85
2025-10-24,9:52:52.399958998,T,KO,I,15,69.85
2025-10-24,9:52:52.399958998,T,KO,I,54,69.85
2025-10-24,9:52:52.399962232,T,KO,,100,69.85
2025-10-24,9:52:52.399962232,T,KO,I,31,69.85
2025-10-24,9:52:56.865120012,T,KO,F,100,69.86
2025-10-24,9:52:56.865120012,T,KO,F,100,69.86
2025-10-24,9:52:56.865122914,T,KO,F I,31,69.86
2025-10-24,9:52:56.868003761,T,KO,F,100,69.87
2025-10-24,9:52:56.868027896,T,KO,I,1,69.87
2025-10-24,9:52:56.868039888,T,KO,F I,25,69.87
2025-10-24,9:52:56.868075941,T,KO,F I,74,69.87
2025-10-24,9:52:58.654273123,T,KO,F,100,69.86
2025-10-24,9:53:00.612696529,T,KO,,100,69.855
2025-10-24,9:53:05.004786362,T,KO,I,7,69.855
2025-10-24,9:53:09.056333013,T,KO,I,1,69.855
2025-10-24,9:53:13.101991757,T,KO,,100,69.845
2025-10-24,9:53:14.495502297,T,KO,F I,2,69.85
2025-10-24,9:53:14.495504610,T,KO,F,100,69.85
2025-10-24,9:53:14.495507597,T,KO,F,100,69.85
2025-10-24,9:53:16.358928859,T,KO,I,51,69.85
2025-10-24,9:53:16.543619812,T,KO,I,50,69.85
2025-10-24,9:53:17.847777785,T,KO,,100,69.855
2025-10-24,9:53:22.756113044,T,KO,I,5,69.855
2025-10-24,9:53:23.295152771,T,KO,F I,50,69.85
2025-10-24,9:53:23.404824034,T,KO,I,50,69.845
2025-10-24,9:53:25.137707332,T,KO,F,100,69.84
2025-10-24,9:53:25.137710251,T,KO,F,100,69.84
2025-10-24,9:53:29.543227737,T,KO,F I,15,69.84
2025-10-24,9:53:29.543230299,T,KO,F I,90,69.84
2025-10-24,9:53:29.543233476,T,KO,F,100,69.84
2025-10-24,9:53:29.543233476,T,KO,F,100,69.84
2025-10-24,9:53:29.543248106,T,KO,I,1,69.84
2025-10-24,9:53:29.543257529,T,KO,I,99,69.84
2025-10-24,9:53:32.005200754,T,KO,F I,51,69.83
2025-10-24,9:53:32.005200754,T,KO,F,100,69.83
2025-10-24,9:53:32.005203430,T,KO,F I,25,69.83
2025-10-24,9:53:32.005205866,T,KO,F I,75,69.83
2025-10-24,9:53:32.272389210,T,KO,,100,69.82
2025-10-24,9:53:33.943445219,T,KO,,100,69.815
2025-10-24,9:53:36.053995001,T,KO,F I,2,69.82
2025-10-24,9:53:36.054010047,T,KO,F,198,69.82
2025-10-24,9:53:39.288498783,T,KO,F I,15,69.82
2025-10-24,9:53:39.288501840,T,KO,F I,96,69.82
2025-10-24,9:53:40.713577990,T,KO,F I,4,69.82
2025-10-24,9:53:44.004177399,T,KO,I,1,69.83
2025-10-24,9:53:44.004607357,T,KO,I,99,69.83
2025-10-24,9:53:44.004610424,T,KO,,100,69.83
2025-10-24,9:53:44.004613468,T,KO,,100,69.83
2025-10-24,9:53:44.557768856,T,KO,,100,69.83
2025-10-24,9:53:47.591328161,T,KO,I,10,69.815
2025-10-24,9:53:49.414657980,T,KO,F I,93,69.81
2025-10-24,9:53:49.414660755,T,KO,F,100,69.81
2025-10-24,9:53:49.414663808,T,KO,F I,25,69.81
2025-10-24,9:53:49.414676337,T,KO,I,1,69.81
2025-10-24,9:53:49.414687872,T,KO,F I,99,69.81
2025-10-24,9:53:51.173679301,T,KO,,100,69.805
2025-10-24,9:53:51.664451238,T,KO,,100,69.81
2025-10-24,9:53:58.287485474,T,KO,F,100,69.8
2025-10-24,9:53:58.287485474,T,KO,F,101,69.8
2025-10-24,9:53:58.539651046,T,KO,I,30,69.8
2025-10-24,9:54:00.161957978,T,KO,I,7,69.795
2025-10-24,9:54:00.350591213,T,KO,I,52,69.795
2025-10-24,9:54:00.706985068,T,KO,F,100,69.8
2025-10-24,9:54:02.062974777,T,KO,I,43,69.8
2025-10-24,9:54:04.445756851,T,KO,I,19,69.795
2025-10-24,9:54:09.396355466,T,KO,F I,6,69.8
2025-10-24,9:54:09.396358279,T,KO,F I,1,69.8
2025-10-24,9:54:09.396360927,T,KO,F,100,69.8
2025-10-24,9:54:09.396360927,T,KO,F I,2,69.8
