DATE,TIME_M,EX,SYM_ROOT,TR_SCOND,SIZE,PRICE
2025-10-15,9:30:00.066194985,T,KO,TI,1,67.32
2025-10-15,9:30:00.449854852,T,KO,TI,2,67.34
2025-10-15,9:30:01.323414751,T,KO,,200,67.28
2025-10-15,9:30:01.323417858,T,KO,Q,200,67.28
2025-10-15,9:30:01.323420772,T,KO,I,1,67.28
2025-10-15,9:30:01.323495910,T,KO,,200,67.28
2025-10-15,9:30:01.323586168,T,KO,,200,67.28
2025-10-15,9:30:01.323883914,T,KO,F,100,67.27
2025-10-15,9:30:01.330102725,T,KO,,100,67.27
2025-10-15,9:30:01.459816698,T,KO,,100,67.265
2025-10-15,9:30:01.459816698,T,KO,,100,67.25
2025-10-15,9:30:01.460234628,T,KO,,299,67.25
2025-10-15,9:30:01.913462141,T,KO,I,3,67.28
2025-10-15,9:30:02.157655767,T,KO,,100,67.28
2025-10-15,9:30:02.158200034,T,KO,I,47,67.28
2025-10-15,9:30:02.158203010,T,KO,,225,67.28
2025-10-15,9:30:04.169504549,T,KO,,100,67.27
2025-10-15,9:30:04.169519518,T,KO,I,1,67.27
2025-10-15,9:30:05.025011964,T,KO,I,32,67.285
2025-10-15,9:30:05.025011964,T,KO,I,10,67.285
2025-10-15,9:30:05.025014918,T,KO,I,32,67.3
2025-10-15,9:30:05.025014918,T,KO,I,50,67.3
2025-10-15,9:30:05.025017939,T,KO,,200,67.3
2025-10-15,9:30:05.025020975,T,KO,,159,67.3
2025-10-15,9:30:05.025030545,T,KO,I,1,67.3
2025-10-15,9:30:05.025036035,T,KO,F I,40,67.3
2025-10-15,9:30:05.025036035,T,KO,F I,1,67.3
2025-10-15,9:30:06.245826966,T,KO,F I,5,67.28
2025-10-15,9:30:06.245826966,T,KO,F,100,67.28
2025-10-15,9:30:06.245829615,T,KO,F,200,67.28
2025-10-15,9:30:06.246202530,T,KO,F I,7,67.27
2025-10-15,9:30:06.247020859,T,KO,I,10,67.265
2025-10-15,9:30:06.247023435,T,KO,I,22,67.27
2025-10-15,9:30:06.247312173,T,KO,I,10,67.27
2025-10-15,9:30:07.535559613,T,KO,,100,67.27
2025-10-15,9:30:09.538263485,T,KO,I,2,67.275
2025-10-15,9:30:09.643637576,T,KO,F I,59,67.28
2025-10-15,9:30:09.643637576,T,KO,F I,59,67.28
2025-10-15,9:30:09.643821369,T,KO,,100,67.28
2025-10-15,9:30:09.643824222,T,KO,,200,67.28
2025-10-15,9:30:09.749222002,T,KO,I,3,67.28
2025-10-15,9:30:10.688665507,T,KO,F I,59,67.29
2025-10-15,9:30:10.688704605,T,KO,I,4,67.3
2025-10-15,9:30:10.689251996,T,KO,F,200,67.31
2025-10-15,9:30:10.689669997,T,KO,,100,67.305
2025-10-15,9:30:10.689669997,T,KO,,100,67.3
2025-10-15,9:30:10.689691031,T,KO,I,1,67.3
2025-10-15,9:30:10.690133112,T,KO,F,100,67.31
2025-10-15,9:30:10.690136166,T,KO,F,100,67.31
2025-10-15,9:30:10.690996085,T,KO,F I,57,67.31
2025-10-15,9:30:10.929073144,T,KO,F,100,67.31
2025-10-15,9:30:10.929076158,T,KO,F,100,67.31
2025-10-15,9:30:11.374560701,T,KO,I,17,67.31
2025-10-15,9:30:11.374560701,T,KO,,192,67.31
2025-10-15,9:30:11.374575210,T,KO,I,1,67.31
2025-10-15,9:30:11.374584552,T,KO,F I,7,67.31
2025-10-15,9:30:11.374587265,T,KO,F I,1,67.31
2025-10-15,9:30:11.374602304,T,KO,F I,8,67.305
2025-10-15,9:30:11.374608346,T,KO,F I,1,67.31
2025-10-15,9:30:11.374755734,T,KO,F,200,67.3
2025-10-15,9:30:11.374755734,T,KO,F,200,67.3
2025-10-15,9:30:14.331463921,T,KO,,100,67.31
2025-10-15,9:30:14.773089847,T,KO,,100,67.31
2025-10-15,9:30:15.139819250,T,KO,F,100,67.3
2025-10-15,9:30:15.140336482,T,KO,,100,67.3
2025-10-15,9:30:15.140841716,T,KO,F I,6,67.3
2025-10-15,9:30:15.723897601,T,KO,F,200,67.32
2025-10-15,9:30:15.723897601,T,KO,F,200,67.32
2025-10-15,9:30:15.723900396,T,KO,F I,1,67.32
2025-10-15,9:30:15.724793544,T,KO,F I,1,67.33
2025-10-15,9:30:15.724800158,T,KO,,100,67.32
2025-10-15,9:30:15.726125717,T,KO,,100,67.32
2025-10-15,9:30:15.727310586,T,KO,F I,70,67.32
2025-10-15,9:30:15.936726309,T,KO,I,36,67.32
2025-10-15,9:30:20.519461955,T,KO,,100,67.31
2025-10-15,9:30:20.519464611,T,KO,,100,67.3
2025-10-15,9:30:20.519467818,T,KO,,200,67.3
2025-10-15,9:30:20.519470790,T,KO,,100,67.3
2025-10-15,9:30:20.519473753,T,KO,,100,67.3
2025-10-15,9:30:20.519774230,T,KO,F I,63,67.29
2025-10-15,9:30:20.519945584,T,KO,F I,57,67.31
2025-10-15,9:30:20.519945584,T,KO,F I,29,67.31
2025-10-15,9:30:20.519948741,T,KO,F,100,67.31
2025-10-15,9:30:20.519948741,T,KO,F I,14,67.31
2025-10-15,9:30:20.519966635,T,KO,I,1,67.31
2025-10-15,9:30:20.544643395,T,KO,,100,67.3
2025-10-15,9:30:20.544646412,T,KO,I,15,67.3
2025-10-15,9:30:20.544646412,T,KO,I,6,67.3
2025-10-15,9:30:23.377760313,T,KO,I,5,67.295
2025-10-15,9:30:26.439343656,T,KO,F I,37,67.29
2025-10-15,9:30:27.719901389,T,KO,,200,67.29
2025-10-15,9:30:27.748301061,T,KO,,100,67.29
2025-10-15,9:30:28.431134443,T,KO,,100,67.3
2025-10-15,9:30:28.431137313,T,KO,,200,67.3
2025-10-15,9:30:28.501354640,T,KO,,100,67.3
2025-10-15,9:30:28.612357930,T,KO,,100,67.3
2025-10-15,9:30:31.247290845,T,KO,F I,2,67.28
2025-10-15,9:30:31.247290845,T,KO,F I,98,67.28
2025-10-15,9:30:31.247329936,T,KO,,200,67.27
2025-10-15,9:30:31.247329936,T,KO,,100,67.27
2025-10-15,9:30:31.247332940,T,KO,,200,67.27
2025-10-15,9:30:31.364708514,T,KO,I,15,67.26
2025-10-15,9:30:31.364738610,T,KO,F I,85,67.26
2025-10-15,9:30:33.491824897,T,KO,,100,67.25
2025-10-15,9:30:33.494895183,T,KO,F,100,67.24
2025-10-15,9:30:36.035303796,T,KO,,100,67.25
2025-10-15,9:30:37.856020339,T,KO,I,10,67.25
2025-10-15,9:30:43.062901051,T,KO,F,100,67.23
2025-10-15,9:30:43.063685874,T,KO,F I,1,67.22
2025-10-15,9:30:43.063989594,T,KO,,100,67.22
2025-10-15,9:30:43.064034700,T,KO,I,89,67.22
2025-10-15,9:30:43.064037792,T,KO,I,11,67.22
2025-10-15,9:30:43.064043807,T,KO,,100,67.22
2025-10-15,9:30:43.737554925,T,KO,F I,1,67.2
2025-10-15,9:30:45.502846752,T,KO,I,10,67.18
2025-10-15,9:30:45.502849459,T,KO,I,4,67.18
2025-10-15,9:30:45.504527531,T,KO,,100,67.17
2025-10-15,9:30:45.504572566,T,KO,F I,2,67.17
2025-10-15,9:30:45.504581640,T,KO,F,100,67.17
2025-10-15,9:30:45.504623692,T,KO,F,100,67.17
2025-10-15,9:30:45.504626751,T,KO,F I,12,67.17
2025-10-15,9:30:45.504638697,T,KO,F I,88,67.17
2025-10-15,9:30:46.589538746,T,KO,,120,67.17
2025-10-15,9:30:46.589590145,T,KO,I,41,67.18
2025-10-15,9:30:49.573137057,T,KO,F,100,67.19
2025-10-15,9:30:49.576866209,T,KO,I,60,67.195
2025-10-15,9:30:49.576899108,T,KO,F I,40,67.195
2025-10-15,9:30:49.576902013,T,KO,F,100,67.19
2025-10-15,9:30:49.576942025,T,KO,,100,67.18
2025-10-15,9:30:49.576942025,T,KO,,200,67.18
2025-10-15,9:30:49.576944074,T,KO,,200,67.18
2025-10-15,9:30:49.984886728,T,KO,,200,67.17
2025-10-15,9:30:49.984886728,T,KO,,200,67.17
2025-10-15,9:30:49.989094375,T,KO,,105,67.16
2025-10-15,9:30:49.989096809,T,KO,,150,67.16
2025-10-15,9:30:49.989102885,T,KO,,306,67.16
2025-10-15,9:30:49.989102885,T,KO,I,1,67.16
2025-10-15,9:30:49.989102885,T,KO,I,3,67.16
2025-10-15,9:30:49.989105807,T,KO,I,1,67.16
2025-10-15,9:30:49.989105807,T,KO,I,3,67.16
2025-10-15,9:30:50.832623924,T,KO,F,200,67.16
2025-10-15,9:30:50.832633008,T,KO,I,10,67.15
2025-10-15,9:30:50.832633008,T,KO,I,1,67.15
2025-10-15,9:30:50.832635972,T,KO,I,1,67.15
2025-10-15,9:30:50.832639865,T,KO,I,9,67.15
2025-10-15,9:30:50.832639865,T,KO,I,11,67.15
2025-10-15,9:30:50.832641972,T,KO,I,5,67.15
2025-10-15,9:30:51.473853135,T,KO,,100,67.155
2025-10-15,9:30:53.186263726,T,KO,I,58,67.15
2025-10-15,9:30:53.187162855,T,KO,F I,1,67.14
2025-10-15,9:30:53.187165835,T,KO,F I,2,67.14
2025-10-15,9:30:53.196758727,T,KO,I,93,67.14
2025-10-15,9:30:54.191218416,T,KO,,338,67.13
2025-10-15,9:30:55.238333325,T,KO,I,25,67.125
2025-10-15,9:30:56.364644879,T,KO,I,70,67.125
2025-10-15,9:31:00.171670463,T,KO,,231,67.13
2025-10-15,9:31:04.327830554,T,KO,F I,3,67.15
2025-10-15,9:31:04.334395234,T,KO,I,41,67.16
2025-10-15,9:31:06.667162322,T,KO,I,40,67.175
2025-10-15,9:31:07.862599605,T,KO,I,30,67.19
2025-10-15,9:31:08.915341031,T,KO,,200,67.22
2025-10-15,9:31:08.915381011,T,KO,,100,67.22
2025-10-15,9:31:08.915381011,T,KO,,200,67.22
2025-10-15,9:31:08.915384143,T,KO,,200,67.23
2025-10-15,9:31:08.915386169,T,KO,,200,67.23
2025-10-15,9:31:08.915930673,T,KO,F,100,67.225
2025-10-15,9:31:08.915930673,T,KO,F,100,67.22
2025-10-15,9:31:08.915936482,T,KO,F,100,67.22
2025-10-15,9:31:10.947097326,T,KO,,200,67.175
2025-10-15,9:31:16.065937317,T,KO,,200,67.175
2025-10-15,9:31:16.070309804,T,KO,,100,67.19
2025-10-15,9:31:16.070312903,T,KO,,225,67.19
2025-10-15,9:31:16.070312903,T,KO,I,47,67.19
2025-10-15,9:31:16.070330854,T,KO,I,1,67.19
2025-10-15,9:31:16.070336795,T,KO,I,52,67.19
2025-10-15,9:31:16.070339903,T,KO,I,80,67.19
2025-10-15,9:31:16.070342940,T,KO,,200,67.19
2025-10-15,9:31:19.078756313,T,KO,,100,67.19
2025-10-15,9:31:20.196076726,T,KO,,200,67.17
2025-10-15,9:31:20.196079463,T,KO,,200,67.17
2025-10-15,9:31:22.770704660,T,KO,,100,67.13
2025-10-15,9:31:22.770704660,T,KO,,200,67.12
2025-10-15,9:31:22.770709772,T,KO,,127,67.12
2025-10-15,9:31:22.770718753,T,KO,I,1,67.12
2025-10-15,9:31:22.770745780,T,KO,I,18,67.12
2025-10-15,9:31:22.770745780,T,KO,I,9,67.12
2025-10-15,9:31:22.794241372,T,KO,,200,67.13
2025-10-15,9:31:22.794241372,T,KO,I,10,67.13
2025-10-15,9:31:30.548293775,T,KO,F,100,67.19
2025-10-15,9:31:30.549297611,T,KO,,200,67.22
2025-10-15,9:31:30.549297611,T,KO,,200,67.22
2025-10-15,9:31:31.944891624,T,KO,F,200,67.24
2025-10-15,9:31:34.604405074,T,KO,F I,3,67.25
2025-10-15,9:31:36.099148261,T,KO,,300,67.26
2025-10-15,9:31:38.163066044,T,KO,I,10,67.275
2025-10-15,9:31:42.593606107,T,KO,F I,8,67.26
2025-10-15,9:31:42.593608692,T,KO,F I,92,67.26
2025-10-15,9:31:42.593653764,T,KO,F,200,67.25
2025-10-15,9:31:42.594537963,T,KO,,100,67.26
2025-10-15,9:31:42.594540922,T,KO,,100,67.26
2025-10-15,9:31:42.594543898,T,KO,,200,67.26
2025-10-15,9:31:42.594579937,T,KO,I,75,67.26
2025-10-15,9:31:42.594914001,T,KO,F I,44,67.26
2025-10-15,9:31:42.594914001,T,KO,F,100,67.26
2025-10-15,9:31:42.597966010,T,KO,F I,8,67.26
2025-10-15,9:31:42.597969043,T,KO,F,100,67.26
2025-10-15,9:31:42.597990623,T,KO,F,145,67.26
2025-10-15,9:31:42.597993073,T,KO,F,200,67.26
2025-10-15,9:31:42.603863055,T,KO,,100,67.26
2025-10-15,9:31:42.709450587,T,KO,,100,67.26
2025-10-15,9:31:42.716610793,T,KO,,100,67.26
2025-10-15,9:31:42.716644237,T,KO,,100,67.27
2025-10-15,9:31:42.716647621,T,KO,,200,67.27
2025-10-15,9:31:42.716647621,T,KO,I,96,67.27
2025-10-15,9:31:42.716664713,T,KO,I,1,67.27
2025-10-15,9:31:45.588348484,T,KO,,100,67.27
2025-10-15,9:31:45.588348484,T,KO,I,93,67.26
2025-10-15,9:31:45.588366543,T,KO,I,1,67.26
2025-10-15,9:31:45.588384544,T,KO,,106,67.26
2025-10-15,9:31:46.180970011,T,KO,F,189,67.27
2025-10-15,9:31:46.180988055,T,KO,I,1,67.27
2025-10-15,9:31:46.180991687,T,KO,,148,67.27
2025-10-15,9:31:48.462074240,T,KO,,168,67.29
2025-10-15,9:31:49.577172067,T,KO,I,5,67.29
2025-10-15,9:31:52.537494785,T,KO,F I,1,67.3
2025-10-15,9:31:52.537494785,T,KO,F I,1,67.3
2025-10-15,9:31:52.537518911,T,KO,F I,1,67.3
2025-10-15,9:31:52.537518911,T,KO,F I,1,67.3
2025-10-15,9:31:52.590691514,T,KO,I,16,67.32
2025-10-15,9:31:52.590694485,T,KO,,100,67.32
2025-10-15,9:31:52.590977171,T,KO,F,200,67.33
2025-10-15,9:31:52.706208593,T,KO,,200,67.335
2025-10-15,9:31:56.029144118,T,KO,,100,67.32
2025-10-15,9:31:56.999161474,T,KO,F,100,67.32
2025-10-15,9:31:57.109446836,T,KO,F I,33,67.34
2025-10-15,9:31:57.109446836,T,KO,F I,51,67.34
2025-10-15,9:31:57.109483194,T,KO,I,68,67.33
2025-10-15,9:31:57.109518401,T,KO,F,327,67.35
2025-10-15,9:31:57.109518401,T,KO,F,200,67.35
2025-10-15,9:31:57.109521411,T,KO,F I,1,67.35
2025-10-15,9:31:57.109536850,T,KO,I,1,67.34
2025-10-15,9:31:57.109546101,T,KO,F I,99,67.34
2025-10-15,9:31:57.109546101,T,KO,F I,68,67.34
2025-10-15,9:31:57.109702193,T,KO,F I,89,67.35
2025-10-15,9:31:57.110558890,T,KO,,200,67.36
2025-10-15,9:31:57.111560279,T,KO,I,38,67.37
2025-10-15,9:31:57.111584511,T,KO,I,1,67.37
2025-10-15,9:31:57.111584511,T,KO,F,161,67.37
2025-10-15,9:31:57.112005268,T,KO,,100,67.37
2025-10-15,9:31:57.112044650,T,KO,,200,67.36
2025-10-15,9:31:57.112047389,T,KO,,100,67.36
2025-10-15,9:31:57.112050379,T,KO,I,68,67.36
2025-10-15,9:31:57.112053443,T,KO,,140,67.36
2025-10-15,9:31:57.112053443,T,KO,,200,67.36
2025-10-15,9:31:57.112567587,T,KO,F,100,67.36
2025-10-15,9:31:57.112567587,T,KO,F,100,67.36
2025-10-15,9:31:57.112570655,T,KO,F I,40,67.36
2025-10-15,9:31:57.112570655,T,KO,F I,60,67.365
2025-10-15,9:32:00.204309535,T,KO,F I,85,67.36
2025-10-15,9:32:00.204315681,T,KO,F,100,67.36
2025-10-15,9:32:00.204318542,T,KO,F,100,67.36
2025-10-15,9:32:00.204318542,T,KO,F I,1,67.36
2025-10-15,9:32:03.684808914,T,KO,F,200,67.34
2025-10-15,9:32:03.684808914,T,KO,F,144,67.34
2025-10-15,9:32:03.684826411,T,KO,I,1,67.34
2025-10-15,9:32:03.690470836,T,KO,I,82,67.35
2025-10-15,9:32:13.113228451,T,KO,I,51,67.36
2025-10-15,9:32:13.113285084,T,KO,F I,41,67.36
2025-10-15,9:32:13.113442391,T,KO,F I,75,67.37
2025-10-15,9:32:13.113444621,T,KO,F,100,67.37
2025-10-15,9:32:13.113447457,T,KO,F,100,67.37
2025-10-15,9:32:13.249217881,T,KO,I,22,67.36
2025-10-15,9:32:20.133611893,T,KO,F I,21,67.35
2025-10-15,9:32:20.133616996,T,KO,F I,75,67.35
2025-10-15,9:32:20.133620270,T,KO,F I,9,67.35
2025-10-15,9:32:20.133632921,T,KO,F I,9,67.35
2025-10-15,9:32:20.133635125,T,KO,F I,1,67.35
2025-10-15,9:32:20.133638419,T,KO,F I,1,67.35
2025-10-15,9:32:20.133638419,T,KO,F I,1,67.35
2025-10-15,9:32:20.134296619,T,KO,F,100,67.34
2025-10-15,9:32:20.134696603,T,KO,I,1,67.33
2025-10-15,9:32:20.140292950,T,KO,,100,67.33
2025-10-15,9:32:25.134368775,T,KO,F,100,67.35
2025-10-15,9:32:25.134384167,T,KO,I,1,67.35
2025-10-15,9:32:25.134386995,T,KO,F I,99,67.35
2025-10-15,9:32:25.134389850,T,KO,F I,15,67.35
2025-10-15,9:32:29.510108845,T,KO,F,100,67.35
2025-10-15,9:32:29.511248541,T,KO,I,4,67.33
2025-10-15,9:32:30.708399918,T,KO,I,46,67.33
2025-10-15,9:32:31.349373595,T,KO,F,200,67.32
2025-10-15,9:32:32.610724736,T,KO,I,6,67.31
2025-10-15,9:32:34.133945900,T,KO,,100,67.32
2025-10-15,9:32:34.133969880,T,KO,I,1,67.32
2025-10-15,9:32:36.209666771,T,KO,F I,13,67.35
2025-10-15,9:32:36.685141387,T,KO,,100,67.37
2025-10-15,9:32:42.506962584,T,KO,F,100,67.37
2025-10-15,9:32:42.507551982,T,KO,F I,80,67.38
2025-10-15,9:32:42.507551982,T,KO,F I,7,67.38
2025-10-15,9:32:42.508207553,T,KO,,200,67.39
2025-10-15,9:32:42.508210562,T,KO,I,5,67.39
2025-10-15,9:32:42.508213568,T,KO,,200,67.39
2025-10-15,9:32:42.509161399,T,KO,,100,67.395
2025-10-15,9:32:42.509163788,T,KO,I,1,67.39
2025-10-15,9:32:45.479293148,T,KO,F I,80,67.4
2025-10-15,9:32:45.479293148,T,KO,F I,1,67.4
2025-10-15,9:32:45.479296178,T,KO,F I,1,67.4
2025-10-15,9:32:45.479299058,T,KO,F I,1,67.4
2025-10-15,9:32:45.479299058,T,KO,F I,1,67.4
2025-10-15,9:32:45.479828375,T,KO,F,100,67.41
2025-10-15,9:32:46.103751369,T,KO,I,9,67.41
2025-10-15,9:32:46.377364332,T,KO,I,4,67.39
2025-10-15,9:32:46.377367142,T,KO,I,4,67.39
2025-10-15,9:32:46.377638304,T,KO,F I,96,67.39
2025-10-15,9:32:48.712413677,T,KO,,100,67.36
2025-10-15,9:32:48.712431763,T,KO,I,1,67.36
2025-10-15,9:32:48.712738461,T,KO,I,9,67.36
2025-10-15,9:32:48.713144470,T,KO,,100,67.37
2025-10-15,9:32:48.713144470,T,KO,,100,67.37
2025-10-15,9:32:48.714587911,T,KO,F,100,67.37
2025-10-15,9:32:48.758146568,T,KO,F I,32,67.36
2025-10-15,9:32:48.758200742,T,KO,F,168,67.36
2025-10-15,9:32:50.099563660,T,KO,,100,67.36
2025-10-15,9:32:54.717723393,T,KO,F,200,67.32
2025-10-15,9:32:54.718396915,T,KO,I,11,67.31
2025-10-15,9:32:54.718399921,T,KO,I,1,67.31
2025-10-15,9:32:54.718399921,T,KO,I,21,67.31
2025-10-15,9:32:54.718679590,T,KO,I,67,67.32
2025-10-15,9:32:54.718679590,T,KO,,141,67.32
2025-10-15,9:32:54.718683234,T,KO,I,15,67.32
2025-10-15,9:32:54.718995383,T,KO,F,100,67.32
2025-10-15,9:32:54.718999019,T,KO,F,100,67.32
2025-10-15,9:32:54.719002287,T,KO,F I,67,67.32
2025-10-15,9:32:54.719002287,T,KO,F I,24,67.32
2025-10-15,9:32:54.719004874,T,KO,F,100,67.32
2025-10-15,9:32:54.721889273,T,KO,F I,67,67.33
2025-10-15,9:32:54.721889273,T,KO,F,100,67.33
2025-10-15,9:32:54.721894232,T,KO,F,132,67.33
2025-10-15,9:32:54.721894232,T,KO,F I,16,67.33
2025-10-15,9:32:54.722441606,T,KO,F I,82,67.33
2025-10-15,9:32:54.722474631,T,KO,I,2,67.33
2025-10-15,9:32:54.723178316,T,KO,F I,84,67.34
2025-10-15,9:32:54.723187312,T,KO,F,132,67.34
2025-10-15,9:32:54.723190465,T,KO,F,613,67.34
2025-10-15,9:32:54.723193425,T,KO,F I,55,67.34
2025-10-15,9:32:54.723202695,T,KO,F I,45,67.34
2025-10-15,9:32:54.723202695,T,KO,F I,87,67.34
2025-10-15,9:32:54.723205512,T,KO,F I,13,67.34
2025-10-15,9:32:54.723214457,T,KO,F I,83,67.34
2025-10-15,9:32:55.462648488,T,KO,I,15,67.33
2025-10-15,9:33:03.195915645,T,KO,F I,4,67.35
2025-10-15,9:33:03.196634415,T,KO,F I,4,67.36
2025-10-15,9:33:04.206668170,T,KO,I,22,67.355
2025-10-15,9:33:04.423980631,T,KO,F,100,67.35
2025-10-15,9:33:05.378586361,T,KO,F,100,67.355
2025-10-15,9:33:05.378586361,T,KO,F,100,67.35
2025-10-15,9:33:05.378601446,T,KO,F,100,67.35
2025-10-15,9:33:05.885170000,T,KO,F I,52,67.34
2025-10-15,9:33:05.885176048,T,KO,F,100,67.34
2025-10-15,9:33:05.885209112,T,KO,I,62,67.33
2025-10-15,9:33:06.885764177,T,KO,I,9,67.34
2025-10-15,9:33:06.886028798,T,KO,F I,4,67.34
2025-10-15,9:33:07.530884623,T,KO,I,7,67.34
2025-10-15,9:33:07.530884623,T,KO,I,93,67.34
2025-10-15,9:33:07.530902705,T,KO,I,1,67.34
2025-10-15,9:33:07.979039132,T,KO,F I,13,67.34
2025-10-15,9:33:07.979039132,T,KO,F I,84,67.34
2025-10-15,9:33:13.854517764,T,KO,F,100,67.33
2025-10-15,9:33:13.854535326,T,KO,I,13,67.34
2025-10-15,9:33:14.134793886,T,KO,I,3,67.33
2025-10-15,9:33:14.134989298,T,KO,I,35,67.32
2025-10-15,9:33:14.135064434,T,KO,I,5,67.32
2025-10-15,9:33:14.135064434,T,KO,I,1,67.32
2025-10-15,9:33:19.275072537,T,KO,F,100,67.31
2025-10-15,9:33:19.275074960,T,KO,F,100,67.31
2025-10-15,9:33:20.649702948,T,KO,I,84,67.31
2025-10-15,9:33:20.649784167,T,KO,I,47,67.31
2025-10-15,9:33:20.650063897,T,KO,F I,52,67.32
2025-10-15,9:33:21.244146889,T,KO,F,200,67.32
2025-10-15,9:33:25.578084382,T,KO,F I,1,67.32
2025-10-15,9:33:25.578102438,T,KO,F I,1,67.32
2025-10-15,9:33:26.663128742,T,KO,I,18,67.32
2025-10-15,9:33:26.663170811,T,KO,,100,67.33
2025-10-15,9:33:26.663170811,T,KO,I,25,67.33
2025-10-15,9:33:27.714098963,T,KO,,100,67.34
2025-10-15,9:33:31.783123887,T,KO,,100,67.35
2025-10-15,9:33:31.783123887,T,KO,I,5,67.35
2025-10-15,9:33:31.783127161,T,KO,I,5,67.35
2025-10-15,9:33:31.785108351,T,KO,F,100,67.36
2025-10-15,9:33:31.796661902,T,KO,,100,67.36
2025-10-15,9:33:31.803527195,T,KO,I,7,67.36
2025-10-15,9:33:31.803546044,T,KO,F I,49,67.36
2025-10-15,9:33:31.803546044,T,KO,F,200,67.36
2025-10-15,9:33:31.805160086,T,KO,I,7,67.35
2025-10-15,9:33:31.805190159,T,KO,I,93,67.35
2025-10-15,9:33:31.970448776,T,KO,I,37,67.35
2025-10-15,9:33:37.469307083,T,KO,F,100,67.36
2025-10-15,9:33:37.638096117,T,KO,F,100,67.35
2025-10-15,9:33:37.638153163,T,KO,I,56,67.35
2025-10-15,9:33:37.638174178,T,KO,I,10,67.35
2025-10-15,9:33:37.901941404,T,KO,F I,56,67.34
2025-10-15,9:33:37.901941404,T,KO,F I,10,67.34
2025-10-15,9:33:43.153800413,T,KO,F,100,67.35
2025-10-15,9:33:43.153803413,T,KO,F,100,67.35
2025-10-15,9:33:48.604146976,T,KO,F I,23,67.37
2025-10-15,9:33:48.612789515,T,KO,,100,67.37
2025-10-15,9:33:48.613357867,T,KO,I,71,67.38
2025-10-15,9:33:48.614876479,T,KO,I,7,67.38
2025-10-15,9:33:48.614897501,T,KO,I,7,67.38
2025-10-15,9:33:48.614906601,T,KO,F I,15,67.38
2025-10-15,9:33:48.614906601,T,KO,F I,62,67.38
2025-10-15,9:33:50.186031640,T,KO,F I,62,67.39
2025-10-15,9:33:56.923158180,T,KO,I,5,67.395
2025-10-15,9:33:59.729208086,T,KO,I,1,67.44
2025-10-15,9:33:59.729211136,T,KO,,2000,67.44
2025-10-15,9:34:00.033980517,T,KO,I,14,67.44
2025-10-15,9:34:00.033983541,T,KO,I,90,67.44
2025-10-15,9:34:00.033999003,T,KO,F I,10,67.44
2025-10-15,9:34:00.305710779,T,KO,I,1,67.43
2025-10-15,9:34:00.306209946,T,KO,F,100,67.44
2025-10-15,9:34:00.306212986,T,KO,F I,27,67.44
2025-10-15,9:34:00.306230940,T,KO,I,1,67.44
2025-10-15,9:34:02.063316244,T,KO,I,1,67.45
2025-10-15,9:34:02.063319076,T,KO,I,1,67.45
2025-10-15,9:34:02.064016959,T,KO,,200,67.45
2025-10-15,9:34:02.064016959,T,KO,,100,67.45
2025-10-15,9:34:02.064094921,T,KO,,100,67.45
2025-10-15,9:34:02.064398602,T,KO,,100,67.45
2025-10-15,9:34:04.800474516,T,KO,I,50,67.45
2025-10-15,9:34:06.342442906,T,KO,F I,14,67.44
2025-10-15,9:34:06.342445038,T,KO,F I,7,67.44
2025-10-15,9:34:06.807731239,T,KO,I,19,67.43
2025-10-15,9:34:06.807755382,T,KO,I,81,67.43
2025-10-15,9:34:22.767545839,T,KO,I,21,67.43
2025-10-15,9:34:22.767563371,T,KO,F I,32,67.43
2025-10-15,9:34:29.006769763,T,KO,I,1,67.43
2025-10-15,9:34:30.898762131,T,KO,F I,4,67.43
2025-10-15,9:34:30.898912488,T,KO,F I,33,67.43
2025-10-15,9:34:30.898945733,T,KO,F I,21,67.43
2025-10-15,9:34:30.898945733,T,KO,F I,15,67.43
2025-10-15,9:34:30.898991435,T,KO,I,36,67.43
2025-10-15,9:34:30.898993766,T,KO,I,49,67.43
2025-10-15,9:34:36.535558855,T,KO,I,5,67.43
2025-10-15,9:34:40.811142293,T,KO,I,15,67.42
2025-10-15,9:34:40.811145275,T,KO,I,1,67.42
2025-10-15,9:34:41.345764762,T,KO,,100,67.43
2025-10-15,9:34:41.345767666,T,KO,I,3,67.43
2025-10-15,9:34:42.435981475,T,KO,F,100,67.435
2025-10-15,9:34:42.435984499,T,KO,F,125,67.435
2025-10-15,9:34:43.340592923,T,KO,F,200,67.45
2025-10-15,9:34:50.201145313,T,KO,,100,67.45
2025-10-15,9:34:50.201304585,T,KO,F I,5,67.43
2025-10-15,9:34:50.912522630,T,KO,F,100,67.435
2025-10-15,9:34:54.520813760,T,KO,I,1,67.44
2025-10-15,9:35:02.054973730,T,KO,I,6,67.45
2025-10-15,9:35:04.919431379,T,KO,F,100,67.46
2025-10-15,9:35:05.177590303,T,KO,I,61,67.47
2025-10-15,9:35:05.178119534,T,KO,F,100,67.46
2025-10-15,9:35:08.180696174,T,KO,F I,14,67.47
2025-10-15,9:35:19.142783606,T,KO,F I,45,67.485
2025-10-15,9:35:19.142798812,T,KO,F I,55,67.485
2025-10-15,9:35:19.142801719,T,KO,F I,45,67.48
2025-10-15,9:35:19.142882834,T,KO,F I,52,67.48
2025-10-15,9:35:19.142967067,T,KO,F I,3,67.48
2025-10-15,9:35:19.373315737,T,KO,I,83,67.475
2025-10-15,9:35:20.140626356,T,KO,I,15,67.48
2025-10-15,9:35:20.140626356,T,KO,,100,67.48
2025-10-15,9:35:22.299224723,T,KO,F I,4,67.49
2025-10-15,9:35:22.299227653,T,KO,F,100,67.49
2025-10-15,9:35:27.139192457,T,KO,I,15,67.49
2025-10-15,9:35:27.139192457,T,KO,I,1,67.49
2025-10-15,9:35:27.451131414,T,KO,I,70,67.48
2025-10-15,9:35:27.451152406,T,KO,I,30,67.48
2025-10-15,9:35:29.158438721,T,KO,I,15,67.48
2025-10-15,9:35:29.158441803,T,KO,I,8,67.48
2025-10-15,9:35:29.158453784,T,KO,I,23,67.48
2025-10-15,9:35:30.949185981,T,KO,F,100,67.48
2025-10-15,9:35:30.950004524,T,KO,,100,67.48
2025-10-15,9:35:30.950004524,T,KO,I,53,67.48
2025-10-15,9:35:30.950010602,T,KO,I,30,67.48
2025-10-15,9:35:30.950010602,T,KO,,200,67.48
2025-10-15,9:35:30.950013581,T,KO,,200,67.48
2025-10-15,9:35:30.950013581,T,KO,I,15,67.48
2025-10-15,9:35:35.163982763,T,KO,F I,1,67.47
2025-10-15,9:35:35.932463097,T,KO,I,10,67.465
2025-10-15,9:35:40.131559430,T,KO,,100,67.47
2025-10-15,9:35:40.131574498,T,KO,F I,53,67.47
2025-10-15,9:35:40.132242085,T,KO,I,23,67.47
2025-10-15,9:35:41.004914628,T,KO,I,5,67.475
2025-10-15,9:35:41.646637066,T,KO,F,337,67.47
2025-10-15,9:35:41.646637066,T,KO,F I,3,67.47
2025-10-15,9:35:51.852468078,T,KO,I,85,67.475
2025-10-15,9:35:59.026252497,T,KO,I,22,67.48
2025-10-15,9:36:01.082450926,T,KO,,109,67.48
2025-10-15,9:36:01.082468965,T,KO,I,1,67.48
2025-10-15,9:36:02.006203114,T,KO,F,100,67.49
2025-10-15,9:36:02.006206280,T,KO,F,100,67.49
2025-10-15,9:36:02.006206280,T,KO,F,100,67.49
2025-10-15,9:36:02.712946386,T,KO,F I,80,67.5
2025-10-15,9:36:02.712956608,T,KO,F I,10,67.5
2025-10-15,9:36:02.712956608,T,KO,F I,50,67.5
2025-10-15,9:36:02.712961857,T,KO,F I,1,67.5
2025-10-15,9:36:02.712971657,T,KO,F I,1,67.5
2025-10-15,9:36:02.712976661,T,KO,F I,10,67.5
2025-10-15,9:36:02.712976661,T,KO,F I,15,67.5
2025-10-15,9:36:02.712976661,T,KO,F I,25,67.5
2025-10-15,9:36:02.712979448,T,KO,F I,34,67.5
2025-10-15,9:36:02.712979448,T,KO,F I,70,67.5
2025-10-15,9:36:02.712982518,T,KO,F,100,67.5
2025-10-15,9:36:02.913629326,T,KO,F,100,67.51
2025-10-15,9:36:02.913918116,T,KO,F I,10,67.51
2025-10-15,9:36:04.945673548,T,KO,F I,26,67.52
2025-10-15,9:36:04.945677598,T,KO,F I,1,67.52
2025-10-15,9:36:10.277852098,T,KO,,200,67.52
2025-10-15,9:36:10.277854363,T,KO,,200,67.52
2025-10-15,9:36:10.277857400,T,KO,,200,67.52
2025-10-15,9:36:10.277860411,T,KO,,100,67.52
2025-10-15,9:36:10.277908594,T,KO,F,100,67.52
2025-10-15,9:36:10.277926527,T,KO,F,100,67.52
2025-10-15,9:36:10.277926527,T,KO,I,1,67.52
2025-10-15,9:36:10.277936011,T,KO,F I,59,67.52
2025-10-15,9:36:10.277936011,T,KO,F,100,67.52
2025-10-15,9:36:10.277938566,T,KO,F I,15,67.52
2025-10-15,9:36:10.278182241,T,KO,F,100,67.53
2025-10-15,9:36:10.278461969,T,KO,F I,89,67.53
2025-10-15,9:36:10.279676757,T,KO,F I,11,67.53
2025-10-15,9:36:10.279680187,T,KO,F,100,67.53
2025-10-15,9:36:10.279682777,T,KO,F I,10,67.53
2025-10-15,9:36:16.184328051,T,KO,F I,30,67.53
2025-10-15,9:36:16.184328051,T,KO,F I,75,67.53
2025-10-15,9:36:16.184330544,T,KO,F I,15,67.53
2025-10-15,9:36:16.184333497,T,KO,F,100,67.53
2025-10-15,9:36:16.892126309,T,KO,,100,67.525
2025-10-15,9:36:17.699179472,T,KO,,100,67.525
2025-10-15,9:36:17.699182480,T,KO,I,75,67.52
2025-10-15,9:36:17.699194497,T,KO,I,32,67.52
2025-10-15,9:36:17.699201158,T,KO,F I,10,67.52
2025-10-15,9:36:17.699212673,T,KO,I,20,67.52
2025-10-15,9:36:17.699249376,T,KO,I,38,67.52
2025-10-15,9:36:17.699249376,T,KO,I,10,67.52
2025-10-15,9:36:17.717709619,T,KO,,100,67.52
2025-10-15,9:36:17.721011432,T,KO,I,10,67.525
2025-10-15,9:36:20.119987441,T,KO,I,29,67.52
2025-10-15,9:36:20.119987441,T,KO,,100,67.52
2025-10-15,9:36:35.357351471,T,KO,,100,67.52
2025-10-15,9:36:37.621883306,T,KO,I,3,67.51
2025-10-15,9:36:37.621883306,T,KO,I,1,67.51
2025-10-15,9:36:49.548133036,T,KO,F,100,67.51
2025-10-15,9:36:49.548136034,T,KO,F,100,67.51
2025-10-15,9:36:52.864293525,T,KO,F,200,67.51
2025-10-15,9:36:55.138634546,T,KO,,100,67.505
2025-10-15,9:36:56.239968670,T,KO,,100,67.505
2025-10-15,9:36:56.470546260,T,KO,F,100,67.505
2025-10-15,9:36:56.470549080,T,KO,F I,7,67.5
2025-10-15,9:36:56.470549080,T,KO,F I,2,67.5
2025-10-15,9:36:56.470551871,T,KO,F,100,67.5
2025-10-15,9:36:56.470645104,T,KO,I,1,67.5
2025-10-15,9:36:56.470861576,T,KO,I,96,67.5
2025-10-15,9:36:56.470990910,T,KO,I,1,67.5
2025-10-15,9:36:56.471114196,T,KO,F I,2,67.5
2025-10-15,9:36:56.645247124,T,KO,F I,1,67.47
2025-10-15,9:36:56.645249928,T,KO,F I,30,67.47
2025-10-15,9:36:56.645252957,T,KO,F,104,67.47
2025-10-15,9:37:00.581045121,T,KO,,200,67.49
2025-10-15,9:37:07.012231812,T,KO,F,100,67.49
2025-10-15,9:37:10.710785939,T,KO,I,1,67.49
2025-10-15,9:37:10.710840096,T,KO,I,52,67.49
2025-10-15,9:37:11.187929388,T,KO,I,52,67.49
2025-10-15,9:37:11.374295498,T,KO,I,24,67.48
2025-10-15,9:37:11.374298315,T,KO,I,7,67.48
2025-10-15,9:37:11.374301338,T,KO,I,2,67.48
2025-10-15,9:37:11.706962711,T,KO,F,100,67.465
2025-10-15,9:37:11.706962711,T,KO,F I,90,67.46
2025-10-15,9:37:11.707116040,T,KO,I,1,67.46
2025-10-15,9:37:11.707377570,T,KO,I,64,67.46
2025-10-15,9:37:12.501990196,T,KO,,100,67.46
2025-10-15,9:37:12.780011435,T,KO,I,10,67.45
2025-10-15,9:37:13.007994197,T,KO,F,100,67.45
2025-10-15,9:37:13.007996438,T,KO,F,100,67.44
2025-10-15,9:37:13.716318484,T,KO,F I,2,67.45
2025-10-15,9:37:13.716333550,T,KO,I,79,67.45
2025-10-15,9:37:13.716364369,T,KO,F I,10,67.45
2025-10-15,9:37:14.976148217,T,KO,F I,29,67.43
2025-10-15,9:37:16.760060052,T,KO,,100,67.43
2025-10-15,9:37:17.140453946,T,KO,,135,67.43
2025-10-15,9:37:20.718649542,T,KO,,100,67.42
2025-10-15,9:37:22.660975785,T,KO,I,1,67.425
2025-10-15,9:37:24.847014348,T,KO,F,100,67.43
2025-10-15,9:37:24.847017353,T,KO,F I,10,67.43
2025-10-15,9:37:24.862122338,T,KO,I,25,67.43
2025-10-15,9:37:24.874448661,T,KO,I,42,67.43
2025-10-15,9:37:24.874451691,T,KO,I,8,67.43
2025-10-15,9:37:29.785460627,T,KO,I,91,67.42
2025-10-15,9:37:29.785478680,T,KO,F I,9,67.42
2025-10-15,9:37:29.786167331,T,KO,I,10,67.415
2025-10-15,9:37:29.786167331,T,KO,I,4,67.42
2025-10-15,9:37:34.779716914,T,KO,,200,67.41
2025-10-15,9:37:34.779719980,T,KO,,155,67.41
2025-10-15,9:37:34.796914902,T,KO,F I,4,67.4
2025-10-15,9:37:34.797648633,T,KO,I,14,67.39
2025-10-15,9:37:34.797678665,T,KO,F I,49,67.39
2025-10-15,9:37:41.611893783,T,KO,I,50,67.4
2025-10-15,9:37:42.908519133,T,KO,F I,1,67.39
2025-10-15,9:37:42.909349100,T,KO,I,2,67.39
2025-10-15,9:37:42.909652846,T,KO,F I,21,67.38
2025-10-15,9:37:46.005953472,T,KO,I,2,67.39
2025-10-15,9:37:47.417924525,T,KO,I,1,67.39
2025-10-15,9:37:50.552343981,T,KO,I,4,67.385
2025-10-15,9:37:54.619894989,T,KO,,100,67.39
2025-10-15,9:37:54.619894989,T,KO,,200,67.39
2025-10-15,9:37:54.619898059,T,KO,I,4,67.39
2025-10-15,9:37:54.620912027,T,KO,I,1,67.395
2025-10-15,9:37:58.593631567,T,KO,I,1,67.395
2025-10-15,9:38:01.831659796,T,KO,F I,1,67.4
2025-10-15,9:38:01.831665874,T,KO,F I,99,67.4
2025-10-15,9:38:03.020255892,T,KO,F I,50,67.4
2025-10-15,9:38:05.181518537,T,KO,I,10,67.41
2025-10-15,9:38:06.667739315,T,KO,I,17,67.43
2025-10-15,9:38:14.578636338,T,KO,F,100,67.43
2025-10-15,9:38:14.597449161,T,KO,I,1,67.44
2025-10-15,9:38:14.664490931,T,KO,F,100,67.44
2025-10-15,9:38:14.698234214,T,KO,I,1,67.44
2025-10-15,9:38:15.899670852,T,KO,I,10,67.44
2025-10-15,9:38:30.406477915,T,KO,I,2,67.465
2025-10-15,9:38:32.240221726,T,KO,I,70,67.47
2025-10-15,9:38:32.249242954,T,KO,,100,67.48
2025-10-15,9:38:32.249246160,T,KO,,100,67.48
2025-10-15,9:38:32.249246160,T,KO,,100,67.48
2025-10-15,9:38:35.123606381,T,KO,,100,67.48
2025-10-15,9:38:35.123606381,T,KO,,100,67.48
2025-10-15,9:38:36.631719008,T,KO,I,10,67.47
2025-10-15,9:38:44.391632404,T,KO,F I,60,67.48
2025-10-15,9:38:46.549605198,T,KO,I,14,67.48
2025-10-15,9:38:46.556133754,T,KO,I,2,67.48
2025-10-15,9:38:53.860122307,T,KO,,100,67.505
2025-10-15,9:38:55.267979602,T,KO,I,11,67.51
2025-10-15,9:38:55.268000528,T,KO,I,18,67.51
2025-10-15,9:39:01.501869230,T,KO,I,3,67.515
2025-10-15,9:39:04.176048503,T,KO,I,17,67.52
2025-10-15,9:39:08.933980797,T,KO,,200,67.535
2025-10-15,9:39:09.442492551,T,KO,,100,67.54
2025-10-15,9:39:09.442495685,T,KO,I,4,67.54
2025-10-15,9:39:09.442495685,T,KO,I,6,67.54
2025-10-15,9:39:09.442498072,T,KO,I,10,67.54
2025-10-15,9:39:09.442501509,T,KO,,100,67.54
2025-10-15,9:39:11.517677644,T,KO,,100,67.54
2025-10-15,9:39:12.180504367,T,KO,F I,8,67.54
2025-10-15,9:39:13.316559170,T,KO,I,15,67.55
2025-10-15,9:39:13.317079460,T,KO,F,1985,67.55
2025-10-15,9:39:13.317079460,T,KO,F I,1,67.55
2025-10-15,9:39:13.317079460,T,KO,F I,10,67.55
2025-10-15,9:39:13.317082537,T,KO,F I,40,67.55
2025-10-15,9:39:13.345473048,T,KO,I,13,67.555
2025-10-15,9:39:21.674834792,T,KO,F I,1,67.56
2025-10-15,9:39:21.674834792,T,KO,F I,8,67.56
2025-10-15,9:39:21.703535129,T,KO,F I,6,67.57
2025-10-15,9:39:21.703598233,T,KO,I,17,67.57
2025-10-15,9:39:21.703598233,T,KO,I,62,67.57
2025-10-15,9:39:21.703601335,T,KO,,100,67.57
2025-10-15,9:39:30.069449238,T,KO,F I,62,67.56
2025-10-15,9:39:30.069449238,T,KO,F I,17,67.56
2025-10-15,9:39:31.090988436,T,KO,F I,10,67.57
2025-10-15,9:39:31.090988436,T,KO,F I,5,67.57
2025-10-15,9:39:33.863664044,T,KO,F I,10,67.55
2025-10-15,9:39:33.863681862,T,KO,I,90,67.55
2025-10-15,9:39:33.863681862,T,KO,I,18,67.55
2025-10-15,9:39:33.863754087,T,KO,I,82,67.55
2025-10-15,9:39:41.172602077,T,KO,F I,10,67.53
2025-10-15,9:39:46.750338172,T,KO,I,8,67.54
2025-10-15,9:39:46.750338172,T,KO,I,2,67.54
2025-10-15,9:39:46.750491886,T,KO,F I,10,67.54
2025-10-15,9:39:48.465596455,T,KO,,100,67.55
2025-10-15,9:39:52.245551499,T,KO,I,6,67.56
2025-10-15,9:39:52.245551499,T,KO,I,2,67.56
2025-10-15,9:39:55.479249460,T,KO,F I,1,67.57
2025-10-15,9:40:00.898038809,T,KO,F I,37,67.56
2025-10-15,9:40:00.898499115,T,KO,F I,63,67.56
2025-10-15,9:40:00.898501918,T,KO,F I,10,67.56
2025-10-15,9:40:05.345935728,T,KO,,100,67.555
2025-10-15,9:40:05.345959937,T,KO,F,100,67.55
2025-10-15,9:40:05.345962719,T,KO,F I,25,67.55
2025-10-15,9:40:05.543975314,T,KO,I,5,67.55
2025-10-15,9:40:05.543999467,T,KO,I,51,67.55
2025-10-15,9:40:06.117194684,T,KO,F I,5,67.55
2025-10-15,9:40:06.117197995,T,KO,F I,46,67.55
2025-10-15,9:40:06.117197995,T,KO,F I,5,67.55
2025-10-15,9:40:07.323881704,T,KO,F,100,67.54
2025-10-15,9:40:10.798432435,T,KO,F I,8,67.53
2025-10-15,9:40:10.798435487,T,KO,F I,1,67.53
2025-10-15,9:40:18.166320027,T,KO,I,4,67.49
2025-10-15,9:40:20.020806937,T,KO,I,10,67.49
2025-10-15,9:40:27.239070226,T,KO,F I,25,67.5
2025-10-15,9:40:31.679714687,T,KO,F I,2,67.5
2025-10-15,9:40:31.679732021,T,KO,F I,98,67.5
2025-10-15,9:40:31.679738028,T,KO,F I,1,67.5
2025-10-15,9:40:31.679741024,T,KO,F I,4,67.5
2025-10-15,9:40:32.450901014,T,KO,F,100,67.49
2025-10-15,9:40:38.039802262,T,KO,I,10,67.5
2025-10-15,9:40:38.039826284,T,KO,F,100,67.5
2025-10-15,9:40:38.374352099,T,KO,I,10,67.495
2025-10-15,9:40:56.420351858,T,KO,I,3,67.47
2025-10-15,9:40:56.420355025,T,KO,I,5,67.47
2025-10-15,9:40:56.420357668,T,KO,,100,67.47
2025-10-15,9:40:56.420360631,T,KO,I,10,67.47
2025-10-15,9:40:56.426549387,T,KO,I,6,67.475
2025-10-15,9:40:57.565999267,T,KO,F,100,67.48
2025-10-15,9:40:57.566002265,T,KO,F,100,67.48
2025-10-15,9:41:07.342278130,T,KO,I,5,67.49
2025-10-15,9:41:15.368959922,T,KO,F,100,67.49
2025-10-15,9:41:15.369179846,T,KO,F I,11,67.5
2025-10-15,9:41:15.369179846,T,KO,F I,25,67.5
2025-10-15,9:41:15.369182720,T,KO,F,200,67.5
2025-10-15,9:41:15.369185929,T,KO,F,200,67.5
2025-10-15,9:41:15.369188823,T,KO,F I,59,67.5
2025-10-15,9:41:15.369678602,T,KO,F,100,67.5
2025-10-15,9:41:15.369697001,T,KO,I,87,67.5
2025-10-15,9:41:15.369735774,T,KO,I,13,67.5
2025-10-15,9:41:20.899369189,T,KO,I,33,67.49
2025-10-15,9:41:20.899426333,T,KO,I,1,67.49
2025-10-15,9:41:20.899444416,T,KO,F I,66,67.49
2025-10-15,9:41:21.170149143,T,KO,I,13,67.49
2025-10-15,9:41:21.800675984,T,KO,,100,67.5
2025-10-15,9:41:21.800675984,T,KO,,200,67.51
2025-10-15,9:41:21.800678921,T,KO,,200,67.51
2025-10-15,9:41:21.800678921,T,KO,I,25,67.51
2025-10-15,9:41:21.800693978,T,KO,I,1,67.51
2025-10-15,9:41:22.214356580,T,KO,F,200,67.5
2025-10-15,9:41:22.214356580,T,KO,F,200,67.5
2025-10-15,9:41:22.214359209,T,KO,F I,1,67.5
2025-10-15,9:41:29.690339812,T,KO,F I,32,67.51
2025-10-15,9:41:29.690339812,T,KO,F I,3,67.51
2025-10-15,9:41:29.691855077,T,KO,I,11,67.52
2025-10-15,9:41:29.735919061,T,KO,I,5,67.53
2025-10-15,9:41:30.312244809,T,KO,I,6,67.53
2025-10-15,9:41:40.606871353,T,KO,I,3,67.54
2025-10-15,9:41:40.606871353,T,KO,I,13,67.54
2025-10-15,9:41:42.077707896,T,KO,F I,29,67.55
2025-10-15,9:41:42.077713525,T,KO,F I,71,67.55
2025-10-15,9:41:42.077728599,T,KO,F I,29,67.55
2025-10-15,9:41:42.077731515,T,KO,F,272,67.55
2025-10-15,9:41:42.085622346,T,KO,I,2,67.56
2025-10-15,9:41:42.085625332,T,KO,,100,67.56
2025-10-15,9:41:46.282346091,T,KO,F I,5,67.57
2025-10-15,9:41:48.185392667,T,KO,F,200,67.58
2025-10-15,9:41:48.185407660,T,KO,I,1,67.58
2025-10-15,9:41:57.536342054,T,KO,F I,48,67.59
2025-10-15,9:41:57.536342054,T,KO,F I,50,67.59
2025-10-15,9:41:59.027978244,T,KO,F,100,67.59
2025-10-15,9:41:59.035032974,T,KO,,133,67.59
2025-10-15,9:42:01.216877241,T,KO,I,2,67.6
2025-10-15,9:42:01.216879732,T,KO,I,50,67.6
2025-10-15,9:42:01.216882773,T,KO,I,13,67.6
2025-10-15,9:42:03.158105158,T,KO,F,100,67.59
2025-10-15,9:42:13.498034579,T,KO,I,2,67.58
2025-10-15,9:42:13.498037626,T,KO,I,1,67.58
2025-10-15,9:42:21.228851171,T,KO,F I,15,67.58
2025-10-15,9:42:21.228853839,T,KO,F I,26,67.58
2025-10-15,9:42:21.228853839,T,KO,F I,5,67.58
2025-10-15,9:42:21.228859678,T,KO,F,100,67.58
2025-10-15,9:42:26.024252303,T,KO,I,50,67.58
2025-10-15,9:42:26.024273611,T,KO,I,1,67.58
2025-10-15,9:42:31.279494198,T,KO,F I,50,67.59
2025-10-15,9:42:37.560650494,T,KO,F,100,67.59
2025-10-15,9:42:39.653593424,T,KO,F,100,67.59
2025-10-15,9:42:45.867822379,T,KO,,200,67.585
2025-10-15,9:42:45.867849432,T,KO,F,100,67.58
2025-10-15,9:42:45.867852413,T,KO,F I,1,67.58
2025-10-15,9:42:53.304751517,T,KO,F I,8,67.58
2025-10-15,9:42:53.306760283,T,KO,,100,67.575
2025-10-15,9:42:55.128848102,T,KO,,100,67.575
2025-10-15,9:42:57.521987108,T,KO,F I,57,67.58
2025-10-15,9:42:57.535416994,T,KO,F I,4,67.58
2025-10-15,9:42:57.535600471,T,KO,F I,96,67.58
2025-10-15,9:42:57.549259037,T,KO,F,100,67.58
2025-10-15,9:42:57.551502311,T,KO,F,100,67.58
2025-10-15,9:43:00.244731941,T,KO,,100,67.58
2025-10-15,9:43:01.348294463,T,KO,F I,50,67.58
2025-10-15,9:43:04.511606701,T,KO,I,11,67.58
2025-10-15,9:43:04.511642790,T,KO,F I,39,67.58
2025-10-15,9:43:10.085664972,T,KO,F,100,67.57
2025-10-15,9:43:11.973119618,T,KO,I,14,67.57
2025-10-15,9:43:11.992626921,T,KO,F I,7,67.57
2025-10-15,9:43:11.992626921,T,KO,F I,56,67.57
2025-10-15,9:43:19.435065136,T,KO,,200,67.565
2025-10-15,9:43:21.920078891,T,KO,F I,16,67.57
2025-10-15,9:43:21.920081977,T,KO,F I,56,67.57
2025-10-15,9:43:21.920081977,T,KO,F I,14,67.57
2025-10-15,9:43:21.920085055,T,KO,F I,5,67.57
2025-10-15,9:43:21.920090929,T,KO,F I,50,67.57
2025-10-15,9:43:21.920093929,T,KO,F I,25,67.57
2025-10-15,9:43:21.920109465,T,KO,F,100,67.57
2025-10-15,9:43:21.920112703,T,KO,F,100,67.57
2025-10-15,9:43:21.920115905,T,KO,F I,53,67.57
2025-10-15,9:43:21.920115905,T,KO,F I,23,67.565
2025-10-15,9:43:21.920358559,T,KO,I,17,67.57
2025-10-15,9:43:24.857686045,T,KO,I,83,67.57
2025-10-15,9:43:24.857688731,T,KO,I,53,67.57
2025-10-15,9:43:24.857691655,T,KO,I,24,67.57
2025-10-15,9:43:26.339600442,T,KO,I,23,67.58
2025-10-15,9:43:26.343193825,T,KO,F I,30,67.59
2025-10-15,9:43:27.352890663,T,KO,F I,23,67.6
2025-10-15,9:43:33.146637177,T,KO,F,100,67.6
2025-10-15,9:43:34.408902643,T,KO,I,91,67.6
2025-10-15,9:43:35.307072840,T,KO,,100,67.605
2025-10-15,9:43:36.075397261,T,KO,F I,10,67.6
2025-10-15,9:43:38.538094488,T,KO,F I,16,67.6
2025-10-15,9:43:45.788600551,T,KO,,100,67.59
2025-10-15,9:43:48.855602462,T,KO,F I,1,67.58
2025-10-15,9:43:49.934518144,T,KO,F I,5,67.58
2025-10-15,9:43:59.735750587,T,KO,I,10,67.58
2025-10-15,9:44:06.321935367,T,KO,F I,14,67.59
2025-10-15,9:44:13.852095623,T,KO,,100,67.595
2025-10-15,9:44:13.852375413,T,KO,I,11,67.6
2025-10-15,9:44:13.852375413,T,KO,I,89,67.6
2025-10-15,9:44:13.852396322,T,KO,I,1,67.6
2025-10-15,9:44:26.797782401,T,KO,F I,64,67.59
2025-10-15,9:44:28.164700163,T,KO,F I,1,67.59
2025-10-15,9:44:28.164730222,T,KO,F I,40,67.59
2025-10-15,9:44:28.164733630,T,KO,F I,86,67.58
2025-10-15,9:44:28.165199308,T,KO,F I,40,67.59
2025-10-15,9:44:28.165203435,T,KO,F,100,67.59
2025-10-15,9:44:28.165208348,T,KO,F I,40,67.59
2025-10-15,9:44:28.165208348,T,KO,F,200,67.59
2025-10-15,9:44:28.165217501,T,KO,F,200,67.59
2025-10-15,9:44:28.237461428,T,KO,F I,40,67.59
2025-10-15,9:44:28.237464460,T,KO,F,100,67.59
2025-10-15,9:44:28.237464460,T,KO,F I,40,67.59
2025-10-15,9:44:31.416185501,T,KO,F I,16,67.59
2025-10-15,9:44:31.416185501,T,KO,F,100,67.59
2025-10-15,9:44:31.416188725,T,KO,F I,49,67.59
2025-10-15,9:44:31.416188725,T,KO,F I,21,67.59
2025-10-15,9:44:31.839005100,T,KO,F I,16,67.59
2025-10-15,9:44:32.137204347,T,KO,,100,67.59
2025-10-15,9:44:32.137208205,T,KO,I,49,67.59
2025-10-15,9:44:32.137208205,T,KO,I,13,67.59
2025-10-15,9:44:33.469743593,T,KO,I,1,67.585
2025-10-15,9:44:38.694360512,T,KO,F I,10,67.585
2025-10-15,9:44:38.694363898,T,KO,F I,42,67.59
2025-10-15,9:44:38.694366574,T,KO,F,100,67.59
2025-10-15,9:44:38.694366574,T,KO,F I,90,67.59
2025-10-15,9:44:38.694381603,T,KO,F I,10,67.59
2025-10-15,9:44:38.694384595,T,KO,F I,50,67.59
2025-10-15,9:44:47.082395124,T,KO,F I,1,67.58
2025-10-15,9:44:47.082398007,T,KO,F I,1,67.58
2025-10-15,9:44:47.082401305,T,KO,F,200,67.58
2025-10-15,9:44:47.082404623,T,KO,F I,1,67.58
2025-10-15,9:44:47.082404623,T,KO,F I,1,67.58
2025-10-15,9:44:47.082408264,T,KO,F I,1,67.58
2025-10-15,9:44:47.082409970,T,KO,F I,1,67.58
2025-10-15,9:44:48.529059548,T,KO,I,1,67.57
2025-10-15,9:44:48.529059548,T,KO,I,2,67.57
2025-10-15,9:44:49.119822605,T,KO,F I,40,67.565
2025-10-15,9:44:53.383046743,T,KO,F I,1,67.57
2025-10-15,9:45:01.230140796,T,KO,F,200,67.57
2025-10-15,9:45:03.592585628,T,KO,F I,10,67.58
2025-10-15,9:45:04.089801890,T,KO,F,200,67.59
2025-10-15,9:45:05.044684182,T,KO,,200,67.575
2025-10-15,9:45:07.355682562,T,KO,F,100,67.57
2025-10-15,9:45:07.355920071,T,KO,I,1,67.575
2025-10-15,9:45:08.537894213,T,KO,I,9,67.565
2025-10-15,9:45:11.212187832,T,KO,I,1,67.565
2025-10-15,9:45:12.064312543,T,KO,F I,1,67.56
2025-10-15,9:45:12.064312543,T,KO,F I,1,67.56
2025-10-15,9:45:12.064318382,T,KO,F,100,67.56
2025-10-15,9:45:12.064318382,T,KO,F I,2,67.56
2025-10-15,9:45:12.064321480,T,KO,F I,25,67.56
2025-10-15,9:45:12.068549460,T,KO,F I,53,67.56
2025-10-15,9:45:12.068552568,T,KO,F I,16,67.56
2025-10-15,9:45:12.068552568,T,KO,F I,1,67.56
2025-10-15,9:45:14.882137791,T,KO,,100,67.565
2025-10-15,9:45:14.882140897,T,KO,I,2,67.56
2025-10-15,9:45:14.882143795,T,KO,I,39,67.56
2025-10-15,9:45:14.900397607,T,KO,I,14,67.56
2025-10-15,9:45:14.900397607,T,KO,I,14,67.56
2025-10-15,9:45:14.934763180,T,KO,,106,67.56
2025-10-15,9:45:14.934784731,T,KO,F I,94,67.56
2025-10-15,9:45:15.135834557,T,KO,F I,10,67.57
2025-10-15,9:45:15.305010975,T,KO,I,51,67.57
2025-10-15,9:45:19.666277667,T,KO,F I,8,67.54
2025-10-15,9:45:21.389083967,T,KO,I,2,67.535
2025-10-15,9:45:23.144530292,T,KO,I,77,67.535
2025-10-15,9:45:23.144704442,T,KO,F I,51,67.54
2025-10-15,9:45:23.144704442,T,KO,F I,1,67.54
2025-10-15,9:45:24.554230722,T,KO,I,28,67.53
2025-10-15,9:45:24.554233769,T,KO,,100,67.53
2025-10-15,9:45:24.569440942,T,KO,F I,67,67.525
2025-10-15,9:45:24.752637289,T,KO,F,200,67.525
2025-10-15,9:45:24.752637289,T,KO,F,200,67.52
2025-10-15,9:45:24.752658336,T,KO,I,1,67.52
2025-10-15,9:45:24.753527298,T,KO,F,100,67.52
2025-10-15,9:45:24.753554400,T,KO,I,1,67.52
2025-10-15,9:45:24.753579060,T,KO,F I,99,67.52
2025-10-15,9:45:27.384217143,T,KO,F,100,67.51
2025-10-15,9:45:27.384217143,T,KO,F I,1,67.51
2025-10-15,9:45:27.385389928,T,KO,I,2,67.51
2025-10-15,9:45:27.385392924,T,KO,I,2,67.51
2025-10-15,9:45:31.419477202,T,KO,I,1,67.5
2025-10-15,9:45:31.610889198,T,KO,I,99,67.5
2025-10-15,9:45:31.610892119,T,KO,,100,67.5
2025-10-15,9:45:31.610895123,T,KO,I,4,67.5
2025-10-15,9:45:31.618091362,T,KO,I,7,67.49
2025-10-15,9:45:34.548441811,T,KO,,100,67.49
2025-10-15,9:45:34.548441811,T,KO,I,38,67.49
2025-10-15,9:45:34.548451893,T,KO,I,1,67.49
2025-10-15,9:45:34.548453768,T,KO,I,11,67.49
2025-10-15,9:45:34.549142415,T,KO,I,2,67.49
2025-10-15,9:45:34.549145460,T,KO,I,3,67.49
2025-10-15,9:45:34.549428168,T,KO,F I,2,67.49
2025-10-15,9:45:34.549428168,T,KO,F I,3,67.49
2025-10-15,9:45:37.407747987,T,KO,F I,30,67.48
2025-10-15,9:45:37.408175398,T,KO,I,1,67.48
2025-10-15,9:45:37.408178144,T,KO,I,1,67.48
2025-10-15,9:45:38.040424945,T,KO,F I,2,67.47
2025-10-15,9:45:38.040427878,T,KO,F,110,67.47
2025-10-15,9:45:38.040443096,T,KO,I,1,67.47
2025-10-15,9:45:38.040482011,T,KO,F,124,67.47
2025-10-15,9:45:38.040506118,T,KO,,102,67.47
2025-10-15,9:45:38.175491648,T,KO,F I,27,67.47
2025-10-15,9:45:39.916864339,T,KO,F,100,67.47
2025-10-15,9:45:39.916864339,T,KO,F I,1,67.47
2025-10-15,9:45:39.917544062,T,KO,,100,67.48
2025-10-15,9:45:39.917544062,T,KO,I,38,67.48
2025-10-15,9:45:39.917567875,T,KO,I,1,67.48
2025-10-15,9:45:40.856894107,T,KO,F I,6,67.48
2025-10-15,9:45:47.967958259,T,KO,I,1,67.465
2025-10-15,9:45:48.387960373,T,KO,I,1,67.46
2025-10-15,9:45:48.387962596,T,KO,I,1,67.46
2025-10-15,9:45:51.808853355,T,KO,I,52,67.44
2025-10-15,9:45:54.010090403,T,KO,F I,11,67.45
2025-10-15,9:45:55.653913372,T,KO,F I,1,67.47
2025-10-15,9:45:55.656421399,T,KO,I,1,67.485
2025-10-15,9:45:55.656773215,T,KO,I,2,67.485
2025-10-15,9:45:55.656776165,T,KO,I,1,67.485
2025-10-15,9:45:57.897671501,T,KO,I,96,67.485
2025-10-15,9:46:00.066969618,T,KO,I,3,67.49
2025-10-15,9:46:00.066969618,T,KO,I,8,67.49
2025-10-15,9:46:00.066990372,T,KO,I,1,67.49
2025-10-15,9:46:00.067901566,T,KO,I,63,67.49
2025-10-15,9:46:00.067925486,T,KO,I,28,67.49
2025-10-15,9:46:01.044498558,T,KO,,100,67.495
2025-10-15,9:46:01.045511906,T,KO,I,6,67.495
2025-10-15,9:46:03.565508046,T,KO,F I,2,67.5
2025-10-15,9:46:03.565511106,T,KO,F I,20,67.5
2025-10-15,9:46:03.565511106,T,KO,F I,10,67.5
2025-10-15,9:46:05.573742154,T,KO,I,50,67.52
2025-10-15,9:46:12.272855091,T,KO,I,19,67.52
2025-10-15,9:46:12.272876063,T,KO,I,1,67.52
2025-10-15,9:46:12.680734554,T,KO,I,80,67.52
2025-10-15,9:46:12.680737868,T,KO,,135,67.52
2025-10-15,9:46:12.680737868,T,KO,I,10,67.52
2025-10-15,9:46:12.681823093,T,KO,I,1,67.525
2025-10-15,9:46:20.281208995,T,KO,F,115,67.51
2025-10-15,9:46:22.033289241,T,KO,I,1,67.5
2025-10-15,9:46:24.981748867,T,KO,I,5,67.5
2025-10-15,9:46:32.213710067,T,KO,F I,3,67.5
2025-10-15,9:46:35.162013296,T,KO,F I,10,67.51
2025-10-15,9:46:35.162013296,T,KO,F,100,67.51
2025-10-15,9:46:35.337246623,T,KO,F,100,67.52
2025-10-15,9:46:40.460916084,T,KO,F I,68,67.52
2025-10-15,9:46:40.476875838,T,KO,F,100,67.51
2025-10-15,9:46:40.476875838,T,KO,F,200,67.51
2025-10-15,9:46:40.476878029,T,KO,F,200,67.51
2025-10-15,9:46:40.530937783,T,KO,I,25,67.5
2025-10-15,9:46:40.530940883,T,KO,,200,67.5
2025-10-15,9:46:40.539340057,T,KO,F,100,67.51
2025-10-15,9:46:40.539342877,T,KO,F,200,67.51
2025-10-15,9:46:40.540013531,T,KO,F,200,67.51
2025-10-15,9:46:40.556204021,T,KO,I,6,67.5
2025-10-15,9:46:40.556369345,T,KO,I,1,67.5
2025-10-15,9:46:40.561039570,T,KO,F,100,67.51
2025-10-15,9:46:40.561042663,T,KO,F,200,67.51
2025-10-15,9:46:40.561042663,T,KO,F,100,67.51
2025-10-15,9:46:40.561045578,T,KO,F I,6,67.51
2025-10-15,9:46:40.631731945,T,KO,F,100,67.515
2025-10-15,9:46:40.697414395,T,KO,F,100,67.515
2025-10-15,9:46:40.703148943,T,KO,F I,55,67.515
2025-10-15,9:46:40.759975308,T,KO,,100,67.52
2025-10-15,9:46:40.878406412,T,KO,,100,67.52
2025-10-15,9:46:40.892116077,T,KO,F I,10,67.52
2025-10-15,9:46:40.903149449,T,KO,I,1,67.52
2025-10-15,9:46:40.944624155,T,KO,F,100,67.525
2025-10-15,9:46:40.944624155,T,KO,F,100,67.525
2025-10-15,9:46:40.944627197,T,KO,F,100,67.53
2025-10-15,9:46:40.951005321,T,KO,F,200,67.54
2025-10-15,9:46:40.951011346,T,KO,F I,25,67.54
2025-10-15,9:46:40.970125102,T,KO,,100,67.54
2025-10-15,9:46:41.066306009,T,KO,I,4,67.535
2025-10-15,9:46:41.068534284,T,KO,I,2,67.535
2025-10-15,9:46:46.699731533,T,KO,F,100,67.54
2025-10-15,9:46:57.892612494,T,KO,F I,48,67.53
2025-10-15,9:46:58.904155775,T,KO,I,1,67.525
2025-10-15,9:46:58.904504851,T,KO,I,1,67.525
2025-10-15,9:46:58.904507622,T,KO,I,2,67.525
2025-10-15,9:46:59.385692736,T,KO,,336,67.52
2025-10-15,9:47:14.560149988,T,KO,F I,13,67.48
2025-10-15,9:47:15.467838564,T,KO,,200,67.475
2025-10-15,9:47:15.467838564,T,KO,I,7,67.475
2025-10-15,9:47:15.467865039,T,KO,F,100,67.47
2025-10-15,9:47:15.468370247,T,KO,,100,67.47
2025-10-15,9:47:15.468617192,T,KO,I,18,67.47
2025-10-15,9:47:15.468620223,T,KO,I,59,67.47
2025-10-15,9:47:15.468624315,T,KO,,100,67.47
2025-10-15,9:47:15.468624315,T,KO,,132,67.48
2025-10-15,9:47:15.468629217,T,KO,I,50,67.48
2025-10-15,9:47:15.468629217,T,KO,I,25,67.48
2025-10-15,9:47:15.468629217,T,KO,,100,67.48
2025-10-15,9:47:15.468632594,T,KO,,200,67.48
2025-10-15,9:47:15.468635150,T,KO,I,51,67.48
2025-10-15,9:47:15.468635150,T,KO,,100,67.48
2025-10-15,9:47:15.468936276,T,KO,I,59,67.48
2025-10-15,9:47:15.470124254,T,KO,I,41,67.475
2025-10-15,9:47:15.470124254,T,KO,I,27,67.48
2025-10-15,9:47:15.470391102,T,KO,I,22,67.48
2025-10-15,9:47:15.470394482,T,KO,I,27,67.48
2025-10-15,9:47:15.470397905,T,KO,,200,67.48
2025-10-15,9:47:15.470397905,T,KO,I,7,67.48
2025-10-15,9:47:15.470400058,T,KO,I,52,67.48
2025-10-15,9:47:15.470418083,T,KO,I,1,67.48
2025-10-15,9:47:15.470427063,T,KO,I,2,67.48
2025-10-15,9:47:15.472165281,T,KO,,100,67.48
2025-10-15,9:47:15.472192337,T,KO,F I,58,67.48
2025-10-15,9:47:15.472192337,T,KO,F I,83,67.48
2025-10-15,9:47:15.472249982,T,KO,I,17,67.48
2025-10-15,9:47:15.472432824,T,KO,I,23,67.48
2025-10-15,9:47:15.472523090,T,KO,I,21,67.48
2025-10-15,9:47:15.472760778,T,KO,I,14,67.48
2025-10-15,9:47:15.472760778,T,KO,I,18,67.48
2025-10-15,9:47:15.472766667,T,KO,I,14,67.48
2025-10-15,9:47:21.955568434,T,KO,F I,23,67.49
2025-10-15,9:47:21.956774370,T,KO,I,24,67.5
2025-10-15,9:47:21.956801264,T,KO,I,1,67.5
2025-10-15,9:47:26.685531948,T,KO,F,100,67.5
2025-10-15,9:47:26.685534217,T,KO,F I,2,67.5
2025-10-15,9:47:26.685552232,T,KO,F I,8,67.5
2025-10-15,9:47:27.387249708,T,KO,I,2,67.505
2025-10-15,9:47:27.387253191,T,KO,I,25,67.5
2025-10-15,9:47:27.387255667,T,KO,I,14,67.5
2025-10-15,9:47:27.387258658,T,KO,I,59,67.5
2025-10-15,9:47:27.387267750,T,KO,I,1,67.5
2025-10-15,9:47:27.387285807,T,KO,F I,44,67.5
2025-10-15,9:47:34.866886943,T,KO,F,100,67.51
2025-10-15,9:47:34.867587282,T,KO,I,55,67.52
2025-10-15,9:47:34.883341783,T,KO,F,100,67.52
2025-10-15,9:47:34.883341783,T,KO,F I,57,67.52
2025-10-15,9:47:34.883347748,T,KO,F,100,67.52
2025-10-15,9:47:34.883347748,T,KO,F,100,67.52
2025-10-15,9:47:34.883351126,T,KO,F,100,67.52
2025-10-15,9:47:34.883351126,T,KO,F I,25,67.52
2025-10-15,9:47:35.317597029,T,KO,I,57,67.52
2025-10-15,9:47:35.317597029,T,KO,I,10,67.52
2025-10-15,9:47:35.325403670,T,KO,I,57,67.52
2025-10-15,9:47:35.325403670,T,KO,,100,67.52
2025-10-15,9:47:39.178147157,T,KO,F I,57,67.52
2025-10-15,9:47:39.178150163,T,KO,F I,25,67.52
2025-10-15,9:47:40.033005241,T,KO,I,54,67.53
2025-10-15,9:47:40.033008272,T,KO,,103,67.53
2025-10-15,9:47:40.033023323,T,KO,I,1,67.53
2025-10-15,9:47:45.697194107,T,KO,I,34,67.53
2025-10-15,9:47:47.605698754,T,KO,I,98,67.52
2025-10-15,9:47:47.609156999,T,KO,I,3,67.515
2025-10-15,9:47:50.135985382,T,KO,F I,12,67.52
2025-10-15,9:47:52.861641329,T,KO,,185,67.52
2025-10-15,9:47:57.781635660,T,KO,,100,67.515
2025-10-15,9:48:01.875784973,T,KO,F I,1,67.51
2025-10-15,9:48:05.399207941,T,KO,,100,67.485
2025-10-15,9:48:05.583856655,T,KO,F I,18,67.485
2025-10-15,9:48:05.679953581,T,KO,F I,29,67.48
2025-10-15,9:48:09.144297772,T,KO,I,1,67.475
2025-10-15,9:48:09.733079257,T,KO,I,1,67.475
2025-10-15,9:48:09.733106392,T,KO,F,336,67.47
2025-10-15,9:48:09.733109248,T,KO,F I,25,67.47
2025-10-15,9:48:12.266760807,T,KO,F,100,67.46
2025-10-15,9:48:12.266763836,T,KO,F I,25,67.46
2025-10-15,9:48:13.233822114,T,KO,I,1,67.49
2025-10-15,9:48:13.233840147,T,KO,F I,10,67.49
2025-10-15,9:48:17.098690493,T,KO,I,2,67.49
2025-10-15,9:48:19.232452659,T,KO,I,1,67.49
2025-10-15,9:48:21.770356476,T,KO,I,6,67.49
2025-10-15,9:48:21.770374566,T,KO,F I,1,67.49
2025-10-15,9:48:21.771087140,T,KO,I,76,67.49
2025-10-15,9:48:24.114544715,T,KO,F,100,67.49
2025-10-15,9:48:24.114544715,T,KO,F,200,67.49
2025-10-15,9:48:24.385562319,T,KO,I,11,67.49
2025-10-15,9:48:31.189974088,T,KO,I,13,67.5
2025-10-15,9:48:31.190380092,T,KO,I,5,67.51
2025-10-15,9:48:31.190380092,T,KO,,142,67.51
2025-10-15,9:48:34.203614617,T,KO,,100,67.52
2025-10-15,9:48:34.203614617,T,KO,I,10,67.52
2025-10-15,9:48:44.341170499,T,KO,I,2,67.515
2025-10-15,9:48:49.611057378,T,KO,F I,2,67.52
2025-10-15,9:48:49.611063380,T,KO,F I,10,67.52
2025-10-15,9:48:49.611066516,T,KO,F,100,67.52
2025-10-15,9:48:49.611066516,T,KO,F I,56,67.52
2025-10-15,9:48:49.611385310,T,KO,F I,56,67.53
2025-10-15,9:48:49.611385310,T,KO,F I,43,67.53
2025-10-15,9:48:50.631907800,T,KO,,100,67.535
2025-10-15,9:48:57.174720413,T,KO,I,1,67.54
2025-10-15,9:48:57.174723357,T,KO,I,10,67.54
2025-10-15,9:48:57.225199171,T,KO,I,19,67.54
2025-10-15,9:48:57.225201582,T,KO,I,64,67.54
2025-10-15,9:48:57.225204623,T,KO,,100,67.54
2025-10-15,9:48:59.086980937,T,KO,F,100,67.53
2025-10-15,9:49:00.043595460,T,KO,,100,67.525
2025-10-15,9:49:01.138431110,T,KO,I,71,67.52
2025-10-15,9:49:01.138464205,T,KO,I,29,67.52
2025-10-15,9:49:01.138467139,T,KO,I,55,67.52
2025-10-15,9:49:03.956737671,T,KO,I,64,67.52
2025-10-15,9:49:04.030335030,T,KO,I,50,67.525
2025-10-15,9:49:05.064383916,T,KO,I,10,67.53
2025-10-15,9:49:05.064383916,T,KO,,100,67.53
2025-10-15,9:49:17.344342235,T,KO,I,5,67.54
2025-10-15,9:49:21.468283641,T,KO,F,124,67.53
2025-10-15,9:49:22.122840766,T,KO,,100,67.52
2025-10-15,9:49:22.122843656,T,KO,I,15,67.52
2025-10-15,9:49:22.122846605,T,KO,I,25,67.52
2025-10-15,9:49:22.124674938,T,KO,,200,67.515
2025-10-15,9:49:22.124674938,T,KO,,200,67.51
2025-10-15,9:49:22.124678003,T,KO,I,26,67.51
2025-10-15,9:49:22.134234772,T,KO,,100,67.505
2025-10-15,9:49:22.904959086,T,KO,F,200,67.5
2025-10-15,9:49:22.904959086,T,KO,F,100,67.5
2025-10-15,9:49:22.904964412,T,KO,F,100,67.5
2025-10-15,9:49:22.904964412,T,KO,F I,43,67.5
2025-10-15,9:49:22.904967454,T,KO,F,157,67.5
2025-10-15,9:49:23.015534752,T,KO,I,2,67.495
2025-10-15,9:49:28.384303105,T,KO,F I,1,67.49
2025-10-15,9:49:28.384303105,T,KO,F,336,67.49
2025-10-15,9:49:28.384321117,T,KO,I,1,67.49
2025-10-15,9:49:28.384324114,T,KO,I,99,67.49
2025-10-15,9:49:28.385253564,T,KO,,200,67.48
2025-10-15,9:49:28.385253564,T,KO,,200,67.48
2025-10-15,9:49:28.385256367,T,KO,,100,67.48
2025-10-15,9:49:28.385259322,T,KO,I,25,67.48
2025-10-15,9:49:28.423690854,T,KO,F,100,67.47
2025-10-15,9:49:28.423717935,T,KO,F,200,67.47
2025-10-15,9:49:28.755952561,T,KO,I,25,67.47
2025-10-15,9:49:28.755952561,T,KO,I,25,67.47
2025-10-15,9:49:28.756541757,T,KO,F,100,67.47
2025-10-15,9:49:28.756544647,T,KO,F,100,67.47
2025-10-15,9:49:28.757390064,T,KO,I,62,67.46
2025-10-15,9:49:28.757392709,T,KO,,100,67.46
2025-10-15,9:49:29.213675535,T,KO,,200,67.45
2025-10-15,9:49:29.213675535,T,KO,I,25,67.45
2025-10-15,9:49:29.270315389,T,KO,F I,62,67.45
2025-10-15,9:49:29.270315389,T,KO,F I,62,67.45
2025-10-15,9:49:29.821585619,T,KO,,100,67.45
2025-10-15,9:49:29.821589242,T,KO,,100,67.45
2025-10-15,9:49:29.821589242,T,KO,I,62,67.45
2025-10-15,9:49:29.821610122,T,KO,I,25,67.45
2025-10-15,9:49:29.821610122,T,KO,,257,67.45
2025-10-15,9:49:29.821610122,T,KO,,200,67.45
2025-10-15,9:49:29.822842494,T,KO,,100,67.45
2025-10-15,9:49:31.060253756,T,KO,I,25,67.46
2025-10-15,9:49:31.060945562,T,KO,I,62,67.46
2025-10-15,9:49:31.060945562,T,KO,,100,67.46
2025-10-15,9:49:31.060951807,T,KO,,121,67.45
2025-10-15,9:49:31.060951807,T,KO,I,25,67.45
2025-10-15,9:49:31.060954677,T,KO,,200,67.45
2025-10-15,9:49:31.060954677,T,KO,I,71,67.45
2025-10-15,9:49:31.061155840,T,KO,I,62,67.45
2025-10-15,9:49:31.061155840,T,KO,I,38,67.45
2025-10-15,9:49:31.061261132,T,KO,I,62,67.45
2025-10-15,9:49:31.061264101,T,KO,I,38,67.45
2025-10-15,9:49:31.061291252,T,KO,F,100,67.45
2025-10-15,9:49:31.061712375,T,KO,I,38,67.45
2025-10-15,9:49:31.061712375,T,KO,I,62,67.45
2025-10-15,9:49:31.062373848,T,KO,,100,67.45
2025-10-15,9:49:31.062376848,T,KO,,100,67.45
2025-10-15,9:49:32.526131257,T,KO,I,16,67.45
2025-10-15,9:49:32.554820487,T,KO,,100,67.45
2025-10-15,9:49:32.554823021,T,KO,I,81,67.45
2025-10-15,9:49:32.554825777,T,KO,,200,67.45
2025-10-15,9:49:32.554825777,T,KO,I,25,67.45
2025-10-15,9:49:35.115177867,T,KO,,100,67.45
2025-10-15,9:49:35.115181570,T,KO,,100,67.45
2025-10-15,9:49:35.115181570,T,KO,,200,67.45
2025-10-15,9:49:35.115183810,T,KO,I,48,67.45
2025-10-15,9:49:35.543986966,T,KO,,100,67.445
2025-10-15,9:49:36.181484321,T,KO,I,25,67.45
2025-10-15,9:49:36.181941414,T,KO,F I,21,67.45
2025-10-15,9:49:36.181941414,T,KO,F I,63,67.45
2025-10-15,9:49:36.181944803,T,KO,F,100,67.45
2025-10-15,9:49:36.181944803,T,KO,F,100,67.45
2025-10-15,9:49:36.182931706,T,KO,F I,63,67.45
2025-10-15,9:49:36.182931706,T,KO,F,100,67.45
2025-10-15,9:49:36.182933857,T,KO,F I,63,67.45
2025-10-15,9:49:36.195581983,T,KO,I,50,67.455
2025-10-15,9:49:36.199945518,T,KO,,100,67.45
2025-10-15,9:49:36.199949108,T,KO,I,63,67.45
2025-10-15,9:49:36.199951951,T,KO,I,21,67.45
2025-10-15,9:49:36.199951951,T,KO,I,37,67.45
2025-10-15,9:49:36.199955439,T,KO,I,41,67.45
2025-10-15,9:49:36.199955439,T,KO,,100,67.45
2025-10-15,9:49:36.199957417,T,KO,,200,67.45
2025-10-15,9:49:36.199960819,T,KO,I,13,67.45
2025-10-15,9:49:36.200032585,T,KO,F I,22,67.45
2025-10-15,9:49:40.816637288,T,KO,F I,18,67.44
2025-10-15,9:49:40.816640310,T,KO,F,261,67.44
2025-10-15,9:49:40.818230988,T,KO,,200,67.43
2025-10-15,9:49:41.902556673,T,KO,F I,28,67.43
2025-10-15,9:49:41.903143097,T,KO,I,21,67.43
2025-10-15,9:49:41.903143097,T,KO,I,62,67.43
2025-10-15,9:49:41.903146096,T,KO,,100,67.43
2025-10-15,9:49:41.903164099,T,KO,I,1,67.43
2025-10-15,9:49:41.903744494,T,KO,,248,67.43
2025-10-15,9:49:42.528449346,T,KO,,200,67.41
2025-10-15,9:49:42.528455554,T,KO,,100,67.4
2025-10-15,9:49:42.528455554,T,KO,,200,67.4
2025-10-15,9:49:42.528455554,T,KO,,200,67.4
2025-10-15,9:49:42.528458497,T,KO,I,25,67.4
2025-10-15,9:49:42.528458497,T,KO,,100,67.4
2025-10-15,9:49:42.528657118,T,KO,F I,30,67.41
2025-10-15,9:49:42.528690072,T,KO,F I,70,67.41
2025-10-15,9:49:42.528690072,T,KO,F I,62,67.41
2025-10-15,9:49:42.528693338,T,KO,F,200,67.41
2025-10-15,9:49:42.528696649,T,KO,F,100,67.41
2025-10-15,9:49:42.528696649,T,KO,F,200,67.41
2025-10-15,9:49:42.529252869,T,KO,F,200,67.41
2025-10-15,9:49:42.529880862,T,KO,F I,20,67.42
2025-10-15,9:49:42.530837043,T,KO,I,62,67.42
2025-10-15,9:49:42.530840135,T,KO,I,38,67.42
2025-10-15,9:49:42.530864172,T,KO,F I,62,67.42
2025-10-15,9:49:42.530864172,T,KO,F,100,67.42
2025-10-15,9:49:45.477341960,T,KO,I,62,67.42
2025-10-15,9:49:45.477341960,T,KO,I,6,67.42
2025-10-15,9:49:45.572611840,T,KO,F I,23,67.42
2025-10-15,9:49:45.572611840,T,KO,F,213,67.42
2025-10-15,9:49:45.572632874,T,KO,I,1,67.42
2025-10-15,9:49:45.572690019,T,KO,F I,99,67.42
2025-10-15,9:49:45.578550988,T,KO,F I,62,67.42
2025-10-15,9:49:47.830978794,T,KO,,100,67.425
2025-10-15,9:49:49.511738959,T,KO,F I,25,67.43
2025-10-15,9:49:49.511742204,T,KO,F I,14,67.43
2025-10-15,9:49:49.511742204,T,KO,F I,41,67.43
2025-10-15,9:49:49.512069754,T,KO,F I,2,67.44
2025-10-15,9:49:53.783798047,T,KO,,100,67.435
2025-10-15,9:49:54.320056286,T,KO,I,25,67.44
2025-10-15,9:49:54.320062400,T,KO,I,14,67.44
2025-10-15,9:49:54.320062400,T,KO,,100,67.44
2025-10-15,9:49:54.321235775,T,KO,F I,60,67.44
2025-10-15,9:49:54.321244220,T,KO,F I,23,67.44
2025-10-15,9:49:54.321250289,T,KO,F I,62,67.44
2025-10-15,9:49:54.321250289,T,KO,F,100,67.44
2025-10-15,9:49:54.321253377,T,KO,F I,25,67.44
2025-10-15,9:49:54.321475685,T,KO,F,100,67.44
2025-10-15,9:49:54.321599899,T,KO,I,46,67.44
2025-10-15,9:49:54.321599899,T,KO,I,60,67.44
2025-10-15,9:49:54.321606152,T,KO,,100,67.44
2025-10-15,9:49:54.321606152,T,KO,,100,67.44
2025-10-15,9:49:54.321611475,T,KO,,100,67.44
2025-10-15,9:49:54.321611475,T,KO,I,60,67.44
2025-10-15,9:49:54.321611475,T,KO,,200,67.44
2025-10-15,9:49:54.321611475,T,KO,I,60,67.44
2025-10-15,9:49:55.219351300,T,KO,,100,67.445
2025-10-15,9:49:56.768078997,T,KO,,100,67.445
2025-10-15,9:49:57.199399429,T,KO,F I,96,67.445
2025-10-15,9:49:57.199694100,T,KO,I,4,67.445
2025-10-15,9:50:02.255272464,T,KO,F I,10,67.45
2025-10-15,9:50:02.255275423,T,KO,F I,69,67.45
2025-10-15,9:50:02.255278393,T,KO,F I,5,67.45
2025-10-15,9:50:02.255281415,T,KO,F I,1,67.45
2025-10-15,9:50:02.255296465,T,KO,I,8,67.45
2025-10-15,9:50:02.255314521,T,KO,I,92,67.45
2025-10-15,9:50:04.779231976,T,KO,I,1,67.48
2025-10-15,9:50:06.883042816,T,KO,F I,75,67.47
2025-10-15,9:50:06.883048858,T,KO,F,100,67.47
2025-10-15,9:50:06.883048858,T,KO,F I,48,67.47
2025-10-15,9:50:06.883048858,T,KO,F I,34,67.47
2025-10-15,9:50:06.901227076,T,KO,,100,67.46
2025-10-15,9:50:06.916380205,T,KO,I,50,67.46
2025-10-15,9:50:07.277621659,T,KO,F I,25,67.46
2025-10-15,9:50:07.277621659,T,KO,F I,10,67.46
2025-10-15,9:50:07.278075729,T,KO,,100,67.46
2025-10-15,9:50:07.278108784,T,KO,F I,60,67.46
2025-10-15,9:50:07.278112547,T,KO,F,100,67.46
2025-10-15,9:50:07.295613893,T,KO,F I,1,67.47
2025-10-15,9:50:07.295911235,T,KO,F I,60,67.47
2025-10-15,9:50:07.295917172,T,KO,F,100,67.47
2025-10-15,9:50:07.295935195,T,KO,F I,60,67.47
2025-10-15,9:50:09.078815838,T,KO,I,60,67.46
2025-10-15,9:50:09.518553179,T,KO,I,25,67.47
2025-10-15,9:50:09.518553179,T,KO,I,50,67.47
2025-10-15,9:50:13.266587259,T,KO,F I,10,67.48
2025-10-15,9:50:16.097954460,T,KO,F I,2,67.46
2025-10-15,9:50:16.097957103,T,KO,F,100,67.46
2025-10-15,9:50:16.097974983,T,KO,I,1,67.46
2025-10-15,9:50:16.098002317,T,KO,F I,99,67.46
2025-10-15,9:50:16.109781084,T,KO,I,58,67.46
2025-10-15,9:50:16.109784065,T,KO,,200,67.46
2025-10-15,9:50:16.109784065,T,KO,I,25,67.46
2025-10-15,9:50:16.118958983,T,KO,I,68,67.465
2025-10-15,9:50:17.096208699,T,KO,F I,58,67.46
2025-10-15,9:50:19.683998162,T,KO,F I,5,67.46
2025-10-15,9:50:24.894250017,T,KO,F I,17,67.47
2025-10-15,9:50:24.894253243,T,KO,F I,6,67.47
2025-10-15,9:50:24.894256129,T,KO,F I,10,67.47
2025-10-15,9:50:25.161484424,T,KO,,100,67.48
2025-10-15,9:50:25.161499594,T,KO,I,1,67.48
2025-10-15,9:50:25.161505533,T,KO,F I,99,67.48
2025-10-15,9:50:25.161508452,T,KO,F I,7,67.48
2025-10-15,9:50:33.303511971,T,KO,F I,6,67.48
2025-10-15,9:50:39.105387175,T,KO,F I,2,67.48
2025-10-15,9:50:39.105387175,T,KO,F I,25,67.48
2025-10-15,9:50:43.288295769,T,KO,I,3,67.48
2025-10-15,9:50:43.288301813,T,KO,I,1,67.48
2025-10-15,9:50:43.288301813,T,KO,I,25,67.48
2025-10-15,9:50:43.288428167,T,KO,F I,39,67.485
2025-10-15,9:50:43.289288115,T,KO,,161,67.485
2025-10-15,9:50:43.289291353,T,KO,I,10,67.49
2025-10-15,9:50:43.289291353,T,KO,I,10,67.49
2025-10-15,9:50:43.289294575,T,KO,,200,67.49
2025-10-15,9:50:43.289297716,T,KO,I,3,67.49
2025-10-15,9:50:43.289297716,T,KO,,200,67.49
2025-10-15,9:50:43.289300650,T,KO,,100,67.49
2025-10-15,9:50:43.289360313,T,KO,,100,67.49
2025-10-15,9:50:43.308341598,T,KO,I,12,67.495
2025-10-15,9:50:43.308344546,T,KO,I,88,67.495
2025-10-15,9:50:43.582417392,T,KO,,100,67.495
2025-10-15,9:50:44.748874843,T,KO,I,10,67.5
2025-10-15,9:50:44.748874843,T,KO,I,25,67.5
2025-10-15,9:50:44.755117831,T,KO,I,25,67.51
2025-10-15,9:50:44.755120489,T,KO,,200,67.51
2025-10-15,9:50:44.755123478,T,KO,,175,67.51
2025-10-15,9:50:44.759396692,T,KO,I,1,67.51
2025-10-15,9:50:54.655138709,T,KO,F,100,67.51
2025-10-15,9:50:54.655138709,T,KO,F,100,67.51
2025-10-15,9:50:54.655144405,T,KO,F I,10,67.51
2025-10-15,9:51:01.746899483,T,KO,,100,67.52
2025-10-15,9:51:01.761980451,T,KO,,163,67.52
2025-10-15,9:51:02.989748205,T,KO,F I,8,67.51
2025-10-15,9:51:02.989751259,T,KO,F,108,67.51
2025-10-15,9:51:02.989753879,T,KO,F I,2,67.51
2025-10-15,9:51:02.990298204,T,KO,I,25,67.5
2025-10-15,9:51:02.990403352,T,KO,F,175,67.5
2025-10-15,9:51:02.990403352,T,KO,F I,80,67.5
2025-10-15,9:51:03.152182715,T,KO,,100,67.495
2025-10-15,9:51:03.741499297,T,KO,,100,67.505
2025-10-15,9:51:03.744647801,T,KO,,100,67.505
2025-10-15,9:51:04.039818774,T,KO,,100,67.5
2025-10-15,9:51:07.756262637,T,KO,I,6,67.48
2025-10-15,9:51:10.749471849,T,KO,I,6,67.48
2025-10-15,9:51:12.313391798,T,KO,I,5,67.48
2025-10-15,9:51:13.013744823,T,KO,I,1,67.48
2025-10-15,9:51:13.040259030,T,KO,F I,94,67.48
2025-10-15,9:51:13.040259030,T,KO,F I,10,67.48
2025-10-15,9:51:13.040265078,T,KO,F,200,67.49
2025-10-15,9:51:13.040269161,T,KO,F I,13,67.49
2025-10-15,9:51:13.040269161,T,KO,F I,56,67.49
2025-10-15,9:51:13.040274659,T,KO,F I,25,67.49
2025-10-15,9:51:13.040274659,T,KO,F I,10,67.5
2025-10-15,9:51:13.040274659,T,KO,F I,25,67.5
2025-10-15,9:51:13.040277408,T,KO,F,200,67.5
2025-10-15,9:51:13.040277408,T,KO,F,200,67.5
2025-10-15,9:51:13.040280080,T,KO,F,100,67.5
2025-10-15,9:51:13.040283689,T,KO,F I,56,67.5
2025-10-15,9:51:13.040448403,T,KO,,100,67.49
2025-10-15,9:51:13.040680052,T,KO,F,100,67.5
2025-10-15,9:51:13.041257563,T,KO,F,100,67.5
2025-10-15,9:51:13.041257563,T,KO,F,100,67.5
2025-10-15,9:51:13.041263452,T,KO,F,100,67.5
2025-10-15,9:51:13.041582475,T,KO,I,25,67.5
2025-10-15,9:51:13.041585417,T,KO,,100,67.5
2025-10-15,9:51:13.041585417,T,KO,I,53,67.5
2025-10-15,9:51:13.041588204,T,KO,I,22,67.5
2025-10-15,9:51:13.041603271,T,KO,I,1,67.5
2025-10-15,9:51:13.041654377,T,KO,,100,67.5
2025-10-15,9:51:13.044529142,T,KO,F,100,67.5
2025-10-15,9:51:13.044533665,T,KO,F I,6,67.5
2025-10-15,9:51:13.044533665,T,KO,F,200,67.5
2025-10-15,9:51:13.044538440,T,KO,F I,66,67.5
2025-10-15,9:51:13.044538440,T,KO,F,198,67.5
2025-10-15,9:51:13.044538440,T,KO,F,100,67.5
2025-10-15,9:51:13.044541461,T,KO,F,100,67.5
2025-10-15,9:51:13.044541461,T,KO,F I,17,67.5
2025-10-15,9:51:13.044592309,T,KO,F I,66,67.5
2025-10-15,9:51:22.346900650,T,KO,I,1,67.485
2025-10-15,9:51:24.354858200,T,KO,,100,67.485
2025-10-15,9:51:24.436057532,T,KO,,100,67.485
2025-10-15,9:51:27.488426673,T,KO,F I,21,67.49
2025-10-15,9:51:27.488430075,T,KO,F I,10,67.49
2025-10-15,9:51:27.488433166,T,KO,F I,10,67.49
2025-10-15,9:51:27.488433166,T,KO,F,100,67.49
2025-10-15,9:51:27.857098716,T,KO,I,1,67.495
2025-10-15,9:51:31.110662130,T,KO,F I,18,67.49
2025-10-15,9:51:31.139756374,T,KO,I,25,67.49
2025-10-15,9:51:31.139789504,T,KO,I,7,67.49
2025-10-15,9:51:31.153048111,T,KO,I,25,67.49
2025-10-15,9:51:31.291389546,T,KO,F I,1,67.49
2025-10-15,9:51:36.019106699,T,KO,F I,58,67.48
2025-10-15,9:51:36.019109244,T,KO,F I,15,67.48
2025-10-15,9:51:36.019109244,T,KO,F I,25,67.48
2025-10-15,9:51:36.019126968,T,KO,F I,75,67.48
2025-10-15,9:51:42.165306999,T,KO,,200,67.485
2025-10-15,9:51:42.173167718,T,KO,F I,1,67.48
2025-10-15,9:51:53.487084792,T,KO,F I,10,67.49
2025-10-15,9:51:53.487087258,T,KO,F,100,67.49
2025-10-15,9:51:56.266712916,T,KO,F I,10,67.5
2025-10-15,9:51:56.266716155,T,KO,F,200,67.51
2025-10-15,9:51:56.266716155,T,KO,F I,20,67.51
2025-10-15,9:51:56.266718851,T,KO,F I,25,67.51
2025-10-15,9:51:58.687012912,T,KO,I,1,67.52
2025-10-15,9:51:58.687015560,T,KO,I,10,67.52
2025-10-15,9:51:58.688001911,T,KO,F I,50,67.52
2025-10-15,9:51:58.688001911,T,KO,F I,36,67.52
2025-10-15,9:51:58.688004880,T,KO,F I,25,67.52
2025-10-15,9:51:58.688016935,T,KO,F,111,67.525
2025-10-15,9:51:58.688032339,T,KO,F I,89,67.525
2025-10-15,9:51:58.688101095,T,KO,,100,67.52
2025-10-15,9:51:58.688119132,T,KO,,100,67.52
2025-10-15,9:51:58.688122590,T,KO,I,13,67.52
2025-10-15,9:51:58.688125151,T,KO,I,1,67.52
2025-10-15,9:51:58.688156288,T,KO,I,36,67.52
2025-10-15,9:51:58.688156288,T,KO,I,50,67.52
2025-10-15,9:51:58.688158207,T,KO,,100,67.52
2025-10-15,9:51:58.690118866,T,KO,F I,50,67.52
2025-10-15,9:51:58.690118866,T,KO,F I,50,67.52
2025-10-15,9:51:58.690121921,T,KO,F,100,67.52
2025-10-15,9:52:00.402511453,T,KO,I,2,67.515
2025-10-15,9:52:05.150472234,T,KO,I,50,67.52
2025-10-15,9:52:05.150472234,T,KO,I,50,67.52
2025-10-15,9:52:05.150496269,T,KO,F I,50,67.52
2025-10-15,9:52:05.150499300,T,KO,F I,5,67.52
2025-10-15,9:52:05.150499300,T,KO,F I,10,67.52
2025-10-15,9:52:20.132744946,T,KO,F,100,67.52
2025-10-15,9:52:28.813072776,T,KO,I,1,67.515
2025-10-15,9:52:29.833541334,T,KO,F,100,67.52
2025-10-15,9:52:29.835541098,T,KO,F I,11,67.53
2025-10-15,9:52:29.835541098,T,KO,F I,10,67.53
2025-10-15,9:52:29.835544100,T,KO,F,100,67.53
2025-10-15,9:52:29.835544100,T,KO,F I,11,67.53
2025-10-15,9:52:39.155065233,T,KO,I,1,67.55
2025-10-15,9:52:39.155080348,T,KO,F I,4,67.55
2025-10-15,9:52:39.155083277,T,KO,F I,10,67.55
2025-10-15,9:52:39.315250759,T,KO,,100,67.555
2025-10-15,9:52:44.066874117,T,KO,F,100,67.555
2025-10-15,9:52:44.066880559,T,KO,F,165,67.57
2025-10-15,9:52:44.066880559,T,KO,F,200,67.57
2025-10-15,9:52:44.066886287,T,KO,F,100,67.57
2025-10-15,9:52:44.066886287,T,KO,F I,25,67.57
2025-10-15,9:52:44.066886287,T,KO,F I,2,67.57
2025-10-15,9:52:44.066889165,T,KO,F I,37,67.57
2025-10-15,9:52:44.067015475,T,KO,,100,67.56
2025-10-15,9:52:44.067088562,T,KO,I,52,67.56
2025-10-15,9:52:44.067090667,T,KO,I,48,67.56
2025-10-15,9:52:44.067162839,T,KO,F,100,67.56
2025-10-15,9:52:44.067791445,T,KO,F I,63,67.57
2025-10-15,9:52:44.067791445,T,KO,F I,48,67.57
2025-10-15,9:52:44.067794405,T,KO,F I,17,67.57
2025-10-15,9:52:44.068528096,T,KO,F I,83,67.57
2025-10-15,9:52:44.068528096,T,KO,F,100,67.57
2025-10-15,9:52:44.068586163,T,KO,F I,50,67.57
2025-10-15,9:52:44.068586163,T,KO,F,100,67.57
2025-10-15,9:52:44.068588291,T,KO,F I,25,67.57
2025-10-15,9:52:44.068591265,T,KO,F I,25,67.57
2025-10-15,9:52:44.068591265,T,KO,F,200,67.57
2025-10-15,9:52:44.068937101,T,KO,F I,23,67.57
2025-10-15,9:52:44.071616444,T,KO,F I,50,67.56
2025-10-15,9:52:44.076319667,T,KO,I,50,67.56
2025-10-15,9:52:44.076323478,T,KO,,100,67.56
2025-10-15,9:52:44.076326523,T,KO,,100,67.56
2025-10-15,9:52:44.076326523,T,KO,I,45,67.56
2025-10-15,9:52:44.076329280,T,KO,I,27,67.56
2025-10-15,9:52:44.076329280,T,KO,I,8,67.56
2025-10-15,9:52:44.076332436,T,KO,I,27,67.56
2025-10-15,9:52:44.076334657,T,KO,I,81,67.56
2025-10-15,9:52:44.076343734,T,KO,I,1,67.56
2025-10-15,9:52:45.659599762,T,KO,I,18,67.56
2025-10-15,9:52:48.004952058,T,KO,,100,67.57
2025-10-15,9:52:48.004954826,T,KO,I,19,67.57
2025-10-15,9:52:48.004957779,T,KO,,100,67.57
2025-10-15,9:52:48.004957779,T,KO,I,10,67.57
2025-10-15,9:52:57.385698751,T,KO,,100,67.575
2025-10-15,9:53:00.308074346,T,KO,,100,67.575
2025-10-15,9:53:04.501821046,T,KO,,100,67.575
2025-10-15,9:53:05.248809108,T,KO,I,6,67.575
2025-10-15,9:53:07.010846909,T,KO,I,6,67.575
2025-10-15,9:53:08.744933176,T,KO,I,6,67.575
2025-10-15,9:53:10.398517766,T,KO,I,6,67.575
2025-10-15,9:53:11.244288730,T,KO,I,35,67.57
2025-10-15,9:53:11.244288730,T,KO,I,1,67.57
2025-10-15,9:53:11.244288730,T,KO,I,8,67.57
2025-10-15,9:53:11.244291524,T,KO,I,56,67.57
2025-10-15,9:53:11.244309784,T,KO,F I,76,67.57
2025-10-15,9:53:11.244312924,T,KO,F I,69,67.57
2025-10-15,9:53:11.244315250,T,KO,F I,1,67.57
2025-10-15,9:53:11.244318244,T,KO,F I,25,67.57
2025-10-15,9:53:11.316276654,T,KO,F I,2,67.56
2025-10-15,9:53:12.224995973,T,KO,I,5,67.56
2025-10-15,9:53:13.025926767,T,KO,I,1,67.56
2025-10-15,9:53:14.372329632,T,KO,,100,67.56
2025-10-15,9:53:17.884319323,T,KO,F,100,67.55
2025-10-15,9:53:17.884322339,T,KO,F,100,67.55
2025-10-15,9:53:18.024868151,T,KO,F I,52,67.55
2025-10-15,9:53:18.025776351,T,KO,I,52,67.55
2025-10-15,9:53:18.025776351,T,KO,I,52,67.55
2025-10-15,9:53:18.025804343,T,KO,,103,67.55
2025-10-15,9:53:18.025804343,T,KO,I,1,67.55
2025-10-15,9:53:18.727034536,T,KO,F I,52,67.55
2025-10-15,9:53:20.135475200,T,KO,,100,67.56
2025-10-15,9:53:20.135496156,T,KO,I,1,67.56
2025-10-15,9:53:22.033596097,T,KO,I,18,67.56
2025-10-15,9:53:22.033599120,T,KO,,100,67.56
2025-10-15,9:53:28.471615151,T,KO,I,25,67.56
2025-10-15,9:53:28.472577449,T,KO,,100,67.55
2025-10-15,9:53:28.473422475,T,KO,F,100,67.55
2025-10-15,9:53:31.172477057,T,KO,,100,67.55
2025-10-15,9:53:32.568618376,T,KO,I,2,67.54
2025-10-15,9:53:32.735708368,T,KO,I,41,67.535
2025-10-15,9:53:39.634614098,T,KO,I,10,67.54
2025-10-15,9:53:42.679266905,T,KO,I,8,67.54
2025-10-15,9:53:58.458476675,T,KO,F I,59,67.52
2025-10-15,9:53:58.458485701,T,KO,F I,41,67.52
2025-10-15,9:54:08.332662680,T,KO,I,10,67.52
2025-10-15,9:54:08.332662680,T,KO,I,41,67.52
2025-10-15,9:54:08.332684387,T,KO,F I,59,67.52
2025-10-15,9:54:11.689534657,T,KO,I,14,67.53
2025-10-15,9:54:11.689539925,T,KO,,100,67.53
2025-10-15,9:54:11.689539925,T,KO,I,10,67.53
2025-10-15,9:54:11.699042574,T,KO,I,1,67.54
2025-10-15,9:54:11.699063720,T,KO,F I,4,67.54
2025-10-15,9:54:11.699067486,T,KO,F I,12,67.54
2025-10-15,9:54:11.699067486,T,KO,F I,78,67.54
2025-10-15,9:54:11.699070735,T,KO,F I,55,67.54
2025-10-15,9:54:11.699075688,T,KO,F I,43,67.54
2025-10-15,9:54:26.776197152,T,KO,I,23,67.55
2025-10-15,9:54:26.776558214,T,KO,F I,35,67.55
2025-10-15,9:54:26.776558214,T,KO,F I,54,67.55
2025-10-15,9:54:26.776561053,T,KO,F,100,67.55
2025-10-15,9:54:26.776570166,T,KO,F I,25,67.55
2025-10-15,9:54:26.776723405,T,KO,F I,25,67.55
2025-10-15,9:54:33.193066862,T,KO,I,1,67.55
2025-10-15,9:54:33.193091012,T,KO,I,1,67.55
2025-10-15,9:54:42.708364031,T,KO,F I,11,67.56
2025-10-15,9:54:42.708366448,T,KO,F,118,67.56
2025-10-15,9:54:43.711769448,T,KO,,100,67.565
2025-10-15,9:54:44.754812753,T,KO,F,138,67.57
2025-10-15,9:54:44.754815753,T,KO,F I,10,67.57
2025-10-15,9:54:44.754815753,T,KO,F,220,67.57
2025-10-15,9:55:00.671714226,T,KO,,100,67.58
2025-10-15,9:55:00.671717492,T,KO,I,10,67.58
2025-10-15,9:55:00.671720536,T,KO,I,2,67.58
2025-10-15,9:55:00.671720536,T,KO,I,25,67.58
2025-10-15,9:55:02.560480277,T,KO,F I,54,67.58
2025-10-15,9:55:02.560482843,T,KO,F I,46,67.58
2025-10-15,9:55:02.560485823,T,KO,F,151,67.58
2025-10-15,9:55:02.560500891,T,KO,I,1,67.58
2025-10-15,9:55:02.560503937,T,KO,F I,99,67.58
2025-10-15,9:55:05.662903146,T,KO,,100,67.575
2025-10-15,9:55:07.538016177,T,KO,F I,10,67.58
2025-10-15,9:55:10.303712946,T,KO,I,8,67.57
2025-10-15,9:55:10.303716081,T,KO,,119,67.57
2025-10-15,9:55:10.303718441,T,KO,I,25,67.57
2025-10-15,9:55:10.303722161,T,KO,,100,67.57
2025-10-15,9:55:12.055598079,T,KO,I,1,67.565
2025-10-15,9:55:14.041802048,T,KO,I,10,67.56
2025-10-15,9:55:17.046714938,T,KO,,100,67.545
2025-10-15,9:55:20.998749237,T,KO,F I,20,67.55
2025-10-15,9:55:20.998751882,T,KO,F I,25,67.55
2025-10-15,9:55:20.998751882,T,KO,F I,1,67.55
2025-10-15,9:55:20.998754717,T,KO,F I,10,67.55
2025-10-15,9:55:20.998757967,T,KO,F,100,67.55
2025-10-15,9:55:20.998757967,T,KO,F,100,67.55
2025-10-15,9:55:21.114199676,T,KO,I,25,67.555
2025-10-15,9:55:24.910128770,T,KO,I,22,67.57
2025-10-15,9:55:24.910128770,T,KO,I,8,67.57
2025-10-15,9:55:24.910155793,T,KO,I,17,67.57
2025-10-15,9:55:24.910657961,T,KO,F I,35,67.57
2025-10-15,9:55:24.910661047,T,KO,F I,65,67.57
2025-10-15,9:55:24.910682096,T,KO,I,1,67.57
2025-10-15,9:55:26.383250467,T,KO,F I,35,67.57
2025-10-15,9:55:43.243531910,T,KO,F I,25,67.55
2025-10-15,9:55:46.207415122,T,KO,F I,20,67.55
2025-10-15,9:55:58.552571627,T,KO,,100,67.555
2025-10-15,9:55:59.805740368,T,KO,I,1,67.555
2025-10-15,9:56:01.465582808,T,KO,F I,84,67.56
2025-10-15,9:56:01.465615925,T,KO,,100,67.56
2025-10-15,9:56:01.466169279,T,KO,F I,28,67.56
2025-10-15,9:56:05.070776637,T,KO,F I,3,67.55
2025-10-15,9:56:05.070779637,T,KO,F I,1,67.55
2025-10-15,9:56:06.071133279,T,KO,F,100,67.55
2025-10-15,9:56:06.071136286,T,KO,F I,28,67.55
2025-10-15,9:56:08.667469072,T,KO,I,12,67.555
2025-10-15,9:56:09.268814453,T,KO,F I,22,67.55
2025-10-15,9:56:13.394433719,T,KO,F I,50,67.54
2025-10-15,9:56:13.453470362,T,KO,,100,67.535
2025-10-15,9:56:21.749097864,T,KO,F I,10,67.54
2025-10-15,9:56:21.749100939,T,KO,F,100,67.54
2025-10-15,9:56:21.887042428,T,KO,,100,67.55
2025-10-15,9:56:36.762215130,T,KO,,100,67.545
2025-10-15,9:56:37.824958113,T,KO,I,10,67.55
2025-10-15,9:56:41.431817762,T,KO,I,10,67.55
2025-10-15,9:56:43.799023315,T,KO,,100,67.56
2025-10-15,9:56:44.001603441,T,KO,,100,67.565
2025-10-15,9:56:46.940130334,T,KO,I,10,67.57
2025-10-15,9:56:46.940130334,T,KO,I,25,67.57
2025-10-15,9:56:46.953608502,T,KO,I,14,67.58
2025-10-15,9:56:46.954218888,T,KO,F I,86,67.58
2025-10-15,9:56:46.954218888,T,KO,F I,5,67.58
2025-10-15,9:56:46.954236982,T,KO,I,1,67.58
2025-10-15,9:56:46.954555716,T,KO,F I,3,67.58
2025-10-15,9:56:46.954754226,T,KO,I,9,67.58
2025-10-15,9:56:48.245437434,T,KO,,100,67.585
2025-10-15,9:56:56.122434627,T,KO,I,59,67.59
2025-10-15,9:56:56.122440640,T,KO,,229,67.59
2025-10-15,9:56:56.122452714,T,KO,I,1,67.59
2025-10-15,9:56:56.602744573,T,KO,F I,40,67.59
2025-10-15,9:56:59.935134700,T,KO,F,100,67.59
2025-10-15,9:57:07.202929000,T,KO,F,100,67.6
2025-10-15,9:57:07.202931956,T,KO,F I,10,67.6
2025-10-15,9:57:09.825644229,T,KO,F,100,67.605
2025-10-15,9:57:09.825646765,T,KO,F I,34,67.61
2025-10-15,9:57:09.825649670,T,KO,F I,66,67.61
2025-10-15,9:57:09.825649670,T,KO,F I,25,67.61
2025-10-15,9:57:09.826386383,T,KO,I,1,67.61
2025-10-15,9:57:15.437782077,T,KO,F I,7,67.6
2025-10-15,9:57:15.437782077,T,KO,F I,80,67.6
2025-10-15,9:57:15.437785301,T,KO,F I,3,67.6
2025-10-15,9:57:15.437785301,T,KO,F I,1,67.6
2025-10-15,9:57:29.693959636,T,KO,I,3,67.58
2025-10-15,9:57:29.693959636,T,KO,I,10,67.58
2025-10-15,9:57:34.935741408,T,KO,F I,14,67.58
2025-10-15,9:57:44.183024453,T,KO,I,4,67.58
2025-10-15,9:57:58.168575898,T,KO,I,96,67.58
2025-10-15,9:57:58.168582272,T,KO,,100,67.58
2025-10-15,9:57:58.168582272,T,KO,,100,67.58
2025-10-15,9:57:58.168584996,T,KO,,100,67.58
2025-10-15,9:57:58.168588830,T,KO,,100,67.58
2025-10-15,9:57:58.168588830,T,KO,,100,67.58
2025-10-15,9:57:58.168593958,T,KO,,100,67.58
2025-10-15,9:57:58.168593958,T,KO,,100,67.58
2025-10-15,9:57:58.168593958,T,KO,,100,67.58
2025-10-15,9:57:58.168596932,T,KO,,105,67.58
2025-10-15,9:57:58.171104955,T,KO,F I,1,67.59
2025-10-15,9:57:58.171340263,T,KO,F I,99,67.59
2025-10-15,9:57:58.171343300,T,KO,F I,64,67.59
2025-10-15,9:57:58.171345492,T,KO,F I,12,67.59
2025-10-15,9:58:00.567205879,T,KO,F,100,67.59
2025-10-15,9:58:10.770444879,T,KO,I,10,67.57
2025-10-15,9:58:10.770447856,T,KO,I,1,67.57
2025-10-15,9:58:10.770451364,T,KO,I,1,67.57
2025-10-15,9:58:10.770451364,T,KO,I,1,67.57
2025-10-15,9:58:10.770453689,T,KO,I,1,67.57
2025-10-15,9:58:10.770456881,T,KO,F I,14,67.57
2025-10-15,9:58:10.770459805,T,KO,F I,15,67.57
2025-10-15,9:58:10.770465727,T,KO,I,13,67.57
2025-10-15,9:58:10.770469345,T,KO,I,14,67.57
2025-10-15,9:58:10.770748390,T,KO,F I,14,67.57
2025-10-15,9:58:21.233219756,T,KO,I,10,67.555
2025-10-15,9:58:28.039826536,T,KO,I,10,67.555
2025-10-15,9:58:28.039826536,T,KO,I,10,67.555
2025-10-15,9:58:28.039830053,T,KO,,100,67.555
2025-10-15,9:58:28.039832658,T,KO,I,10,67.56
2025-10-15,9:58:28.039832658,T,KO,I,5,67.56
2025-10-15,9:58:28.040187508,T,KO,I,1,67.56
2025-10-15,9:58:28.040208457,T,KO,I,94,67.56
2025-10-15,9:58:44.694298274,T,KO,F,100,67.57
2025-10-15,9:58:44.694301541,T,KO,F,100,67.57
2025-10-15,9:58:44.694304144,T,KO,F I,10,67.57
2025-10-15,9:58:54.153803096,T,KO,F I,7,67.57
2025-10-15,9:58:54.153805602,T,KO,F I,25,67.57
2025-10-15,9:58:54.153820622,T,KO,F I,25,67.57
2025-10-15,9:59:06.720745896,T,KO,I,1,67.56
2025-10-15,9:59:06.720745896,T,KO,I,1,67.56
2025-10-15,9:59:06.720772993,T,KO,F I,2,67.56
2025-10-15,9:59:13.024233710,T,KO,F I,1,67.56
2025-10-15,9:59:13.024233710,T,KO,F I,13,67.56
2025-10-15,9:59:13.139455794,T,KO,F I,55,67.56
2025-10-15,9:59:23.604576539,T,KO,I,1,67.55
2025-10-15,9:59:23.604576539,T,KO,I,1,67.55
2025-10-15,9:59:23.604579513,T,KO,I,1,67.55
2025-10-15,9:59:23.604582512,T,KO,I,1,67.55
2025-10-15,9:59:23.604585577,T,KO,I,1,67.55
2025-10-15,9:59:23.604585577,T,KO,I,7,67.55
2025-10-15,9:59:23.608049802,T,KO,I,3,67.545
2025-10-15,9:59:23.621822659,T,KO,I,55,67.54
2025-10-15,9:59:34.795036799,T,KO,F I,10,67.55
2025-10-15,9:59:46.567244838,T,KO,F I,3,67.55
2025-10-15,9:59:46.569846008,T,KO,I,7,67.55
2025-10-15,9:59:51.526843524,T,KO,F,100,67.55
2025-10-15,9:59:51.526846576,T,KO,F,100,67.55
2025-10-15,9:59:54.650076409,T,KO,,100,67.555
2025-10-15,9:59:59.948477037,T,KO,,100,67.555
2025-10-15,10:00:00.040544319,T,KO,F I,7,67.55
2025-10-15,10:00:00.321930535,T,KO,,200,67.545
2025-10-15,10:00:00.322601155,T,KO,F I,3,67.54
2025-10-15,10:00:00.322610106,T,KO,F I,2,67.54
2025-10-15,10:00:00.322610106,T,KO,F I,3,67.54
2025-10-15,10:00:01.078749212,T,KO,I,10,67.54
2025-10-15,10:00:02.350902149,T,KO,F,100,67.55
2025-10-15,10:00:02.350902149,T,KO,F,100,67.55
2025-10-15,10:00:02.350983824,T,KO,I,1,67.55
2025-10-15,10:00:02.351091601,T,KO,I,99,67.55
2025-10-15,10:00:02.351187933,T,KO,F I,1,67.55
2025-10-15,10:00:02.351253987,T,KO,F I,37,67.55
2025-10-15,10:00:02.351537281,T,KO,I,62,67.55
2025-10-15,10:00:02.351542591,T,KO,,100,67.55
2025-10-15,10:00:02.351542591,T,KO,I,38,67.55
2025-10-15,10:00:02.351662885,T,KO,F I,62,67.55
2025-10-15,10:00:02.351714013,T,KO,F I,62,67.55
2025-10-15,10:00:02.351720086,T,KO,F I,29,67.55
2025-10-15,10:00:02.351852483,T,KO,F I,9,67.55
2025-10-15,10:00:02.351852483,T,KO,F I,29,67.55
2025-10-15,10:00:08.174909861,T,KO,F I,80,67.55
2025-10-15,10:00:08.174924589,T,KO,F I,20,67.55
2025-10-15,10:00:08.174924589,T,KO,F I,80,67.55
2025-10-15,10:00:08.174927604,T,KO,F,100,67.55
2025-10-15,10:00:08.174940004,T,KO,I,20,67.55
2025-10-15,10:00:08.174940004,T,KO,F I,80,67.55
2025-10-15,10:00:08.190303304,T,KO,F I,42,67.55
2025-10-15,10:00:08.190306932,T,KO,F I,27,67.55
2025-10-15,10:00:08.240886683,T,KO,I,50,67.545
2025-10-15,10:00:08.421764436,T,KO,F,100,67.55
2025-10-15,10:00:08.421768400,T,KO,F I,42,67.55
2025-10-15,10:00:08.421768400,T,KO,F I,42,67.55
2025-10-15,10:00:08.421770520,T,KO,F,100,67.55
2025-10-15,10:00:08.583128805,T,KO,,200,67.55
2025-10-15,10:00:08.583128805,T,KO,I,10,67.55
2025-10-15,10:00:08.599746421,T,KO,I,2,67.55
2025-10-15,10:00:08.604831471,T,KO,I,25,67.55
2025-10-15,10:00:15.951235976,T,KO,I,78,67.55
2025-10-15,10:00:15.951254335,T,KO,I,22,67.55
2025-10-15,10:00:15.951256992,T,KO,I,27,67.55
2025-10-15,10:00:15.951262963,T,KO,,100,67.55
2025-10-15,10:00:20.412782778,T,KO,F I,2,67.56
2025-10-15,10:00:20.412785646,T,KO,F I,13,67.56
2025-10-15,10:00:20.412785646,T,KO,F I,10,67.56
2025-10-15,10:00:28.942869200,T,KO,F I,15,67.56
2025-10-15,10:00:33.209945493,T,KO,I,13,67.57
2025-10-15,10:00:33.209960977,T,KO,I,6,67.57
2025-10-15,10:00:33.209963576,T,KO,I,10,67.57
2025-10-15,10:00:33.210760377,T,KO,I,17,67.57
2025-10-15,10:00:35.374242415,T,KO,F I,10,67.58
2025-10-15,10:00:35.374242415,T,KO,F I,3,67.58
2025-10-15,10:00:35.374245332,T,KO,F I,20,67.58
2025-10-15,10:00:35.375192552,T,KO,I,18,67.58
2025-10-15,10:00:36.717782839,T,KO,F I,2,67.59
2025-10-15,10:00:36.717785303,T,KO,F I,23,67.59
2025-10-15,10:00:37.500318211,T,KO,I,10,67.595
2025-10-15,10:00:37.747416738,T,KO,,100,67.595
2025-10-15,10:00:46.757822463,T,KO,I,40,67.605
2025-10-15,10:00:48.295697422,T,KO,I,1,67.61
2025-10-15,10:00:48.295697422,T,KO,I,57,67.61
2025-10-15,10:00:48.295700341,T,KO,I,10,67.61
2025-10-15,10:00:55.924636832,T,KO,F I,10,67.61
2025-10-15,10:00:55.925205180,T,KO,F I,52,67.61
2025-10-15,10:00:55.925208266,T,KO,F I,28,67.61
2025-10-15,10:00:55.925482213,T,KO,F I,72,67.61
2025-10-15,10:00:55.925482213,T,KO,F I,39,67.61
2025-10-15,10:00:57.479950326,T,KO,I,86,67.61
2025-10-15,10:00:57.479956612,T,KO,,100,67.61
2025-10-15,10:00:57.479956612,T,KO,I,52,67.61
2025-10-15,10:00:57.479956612,T,KO,I,25,67.61
2025-10-15,10:00:57.479959432,T,KO,,120,67.61
2025-10-15,10:01:04.770978015,T,KO,F,100,67.61
2025-10-15,10:01:04.770981186,T,KO,F I,3,67.61
2025-10-15,10:01:04.770981186,T,KO,F,100,67.61
2025-10-15,10:01:04.770983990,T,KO,F I,25,67.61
2025-10-15,10:01:08.145823144,T,KO,I,6,67.605
2025-10-15,10:01:09.918010071,T,KO,F I,4,67.6
2025-10-15,10:01:09.936594261,T,KO,,100,67.595
2025-10-15,10:01:09.964037700,T,KO,I,17,67.595
2025-10-15,10:01:19.822794033,T,KO,F I,2,67.59
2025-10-15,10:01:19.822797472,T,KO,F I,2,67.59
2025-10-15,10:01:19.822797472,T,KO,F I,2,67.59
2025-10-15,10:01:19.822800004,T,KO,F I,96,67.59
2025-10-15,10:01:19.931340927,T,KO,F,200,67.585
2025-10-15,10:01:19.931343573,T,KO,F I,31,67.59
2025-10-15,10:01:20.757390009,T,KO,,100,67.58
2025-10-15,10:01:20.757408094,T,KO,I,1,67.58
2025-10-15,10:01:21.764335342,T,KO,F,399,67.58
2025-10-15,10:01:21.764335342,T,KO,F I,1,67.58
2025-10-15,10:01:21.764942805,T,KO,I,2,67.58
2025-10-15,10:01:46.155213295,T,KO,,100,67.575
2025-10-15,10:01:46.155216412,T,KO,I,10,67.58
2025-10-15,10:01:46.155222467,T,KO,,100,67.58
2025-10-15,10:01:46.155222467,T,KO,,100,67.58
2025-10-15,10:01:46.155222467,T,KO,I,25,67.58
2025-10-15,10:01:46.155372705,T,KO,F,100,67.58
2025-10-15,10:01:48.487824031,T,KO,F,100,67.58
2025-10-15,10:01:51.657676936,T,KO,I,1,67.585
2025-10-15,10:01:52.555005341,T,KO,F I,90,67.58
2025-10-15,10:01:52.555008148,T,KO,F,100,67.58
2025-10-15,10:01:57.409903621,T,KO,,200,67.575
2025-10-15,10:02:03.057583085,T,KO,F,100,67.58
2025-10-15,10:02:03.057583085,T,KO,F I,10,67.58
2025-10-15,10:02:03.427668561,T,KO,,200,67.585
2025-10-15,10:02:04.955108657,T,KO,F,100,67.59
2025-10-15,10:02:04.955111838,T,KO,F,100,67.59
2025-10-15,10:02:04.955111838,T,KO,F I,3,67.59
2025-10-15,10:02:04.956389625,T,KO,I,3,67.595
2025-10-15,10:02:04.956741514,T,KO,I,1,67.595
2025-10-15,10:02:12.774142783,T,KO,F I,10,67.6
2025-10-15,10:02:12.774148836,T,KO,F I,17,67.6
2025-10-15,10:02:12.774945688,T,KO,F I,73,67.605
2025-10-15,10:02:12.806355575,T,KO,F I,56,67.61
2025-10-15,10:02:17.530282843,T,KO,F,100,67.61
2025-10-15,10:02:17.530300854,T,KO,I,1,67.61
2025-10-15,10:02:17.530324903,T,KO,F I,99,67.61
2025-10-15,10:02:17.530466193,T,KO,F I,86,67.6
2025-10-15,10:02:19.663211924,T,KO,F I,84,67.59
2025-10-15,10:02:21.442354528,T,KO,F I,10,67.58
2025-10-15,10:02:21.442354528,T,KO,F I,1,67.58
2025-10-15,10:02:26.617924918,T,KO,F I,17,67.57
2025-10-15,10:02:26.617924918,T,KO,F I,2,67.57
2025-10-15,10:02:26.618916957,T,KO,,100,67.56
2025-10-15,10:02:26.618919915,T,KO,I,1,67.56
2025-10-15,10:02:26.618923002,T,KO,I,1,67.56
2025-10-15,10:02:26.618923002,T,KO,I,1,67.56
2025-10-15,10:02:26.618929576,T,KO,I,1,67.56
2025-10-15,10:02:26.618929576,T,KO,I,1,67.56
2025-10-15,10:02:26.618929576,T,KO,I,1,67.56
2025-10-15,10:02:26.618932436,T,KO,I,1,67.56
2025-10-15,10:02:26.618935901,T,KO,I,1,67.56
2025-10-15,10:02:26.618935901,T,KO,I,1,67.56
2025-10-15,10:02:26.618941352,T,KO,I,1,67.56
2025-10-15,10:02:26.618941352,T,KO,I,6,67.56
2025-10-15,10:02:26.618941352,T,KO,I,1,67.56
2025-10-15,10:02:26.618944002,T,KO,I,42,67.56
2025-10-15,10:02:26.618946975,T,KO,,100,67.56
2025-10-15,10:02:26.659529401,T,KO,F I,17,67.55
2025-10-15,10:02:26.686803577,T,KO,,100,67.545
2025-10-15,10:02:26.686827658,T,KO,F I,23,67.54
2025-10-15,10:02:31.479122856,T,KO,I,1,67.54
2025-10-15,10:02:31.479143927,T,KO,I,99,67.54
2025-10-15,10:02:34.844378297,T,KO,F I,2,67.52
2025-10-15,10:02:34.844381229,T,KO,F I,12,67.52
2025-10-15,10:02:34.844384308,T,KO,F I,25,67.52
2025-10-15,10:02:40.531403512,T,KO,F I,2,67.53
2025-10-15,10:02:40.533586750,T,KO,F I,73,67.53
2025-10-15,10:02:43.202897394,T,KO,,100,67.525
2025-10-15,10:02:53.344017304,T,KO,I,27,67.53
2025-10-15,10:02:53.344020776,T,KO,I,10,67.53
2025-10-15,10:02:53.344023392,T,KO,I,25,67.53
2025-10-15,10:02:53.522585681,T,KO,I,36,67.54
2025-10-15,10:02:54.709398433,T,KO,,100,67.545
2025-10-15,10:03:03.123258470,T,KO,F I,9,67.54
2025-10-15,10:03:03.123261524,T,KO,F I,25,67.54
2025-10-15,10:03:03.123721577,T,KO,F I,13,67.54
2025-10-15,10:03:03.147255686,T,KO,I,13,67.535
2025-10-15,10:03:03.275935190,T,KO,,100,67.535
2025-10-15,10:03:05.423094342,T,KO,F I,20,67.54
2025-10-15,10:03:05.423097321,T,KO,F,200,67.54
2025-10-15,10:03:05.423677728,T,KO,F I,35,67.54
2025-10-15,10:03:05.423681074,T,KO,F,100,67.54
2025-10-15,10:03:05.423683703,T,KO,F I,31,67.54
2025-10-15,10:03:05.423683703,T,KO,F I,25,67.54
2025-10-15,10:03:05.423701672,T,KO,I,1,67.54
2025-10-15,10:03:05.425259717,T,KO,F I,35,67.54
2025-10-15,10:03:05.425262541,T,KO,F,100,67.54
2025-10-15,10:03:05.425265724,T,KO,F I,35,67.54
2025-10-15,10:03:05.425265724,T,KO,F I,25,67.54
2025-10-15,10:03:05.425269813,T,KO,F I,25,67.54
2025-10-15,10:03:05.425269813,T,KO,F I,35,67.54
2025-10-15,10:03:05.425274506,T,KO,F,197,67.54
2025-10-15,10:03:05.426781078,T,KO,F I,35,67.54
2025-10-15,10:03:08.609561894,T,KO,F I,3,67.53
2025-10-15,10:03:10.832615696,T,KO,F I,25,67.53
2025-10-15,10:03:10.845369087,T,KO,,100,67.53
2025-10-15,10:03:10.845390349,T,KO,I,1,67.53
2025-10-15,10:03:10.845396177,T,KO,F I,99,67.53
2025-10-15,10:03:10.845396177,T,KO,F I,25,67.53
2025-10-15,10:03:14.614414174,T,KO,I,10,67.55
2025-10-15,10:03:14.624912253,T,KO,,100,67.555
2025-10-15,10:03:14.655209286,T,KO,I,41,67.55
2025-10-15,10:03:14.655228939,T,KO,I,25,67.54
2025-10-15,10:03:14.655228939,T,KO,I,13,67.54
2025-10-15,10:03:14.655233413,T,KO,I,2,67.54
2025-10-15,10:03:14.655233413,T,KO,I,42,67.54
2025-10-15,10:03:24.128330262,T,KO,I,5,67.545
2025-10-15,10:03:30.388887549,T,KO,I,10,67.545
2025-10-15,10:03:33.801388466,T,KO,I,41,67.55
2025-10-15,10:03:33.801391642,T,KO,I,21,67.55
2025-10-15,10:03:33.801391642,T,KO,I,4,67.55
2025-10-15,10:03:33.801391642,T,KO,I,10,67.55
2025-10-15,10:03:33.801391642,T,KO,I,25,67.55
2025-10-15,10:03:37.533782203,T,KO,F I,10,67.55
2025-10-15,10:03:37.533788567,T,KO,F I,47,67.55
2025-10-15,10:03:37.533788567,T,KO,F I,7,67.55
2025-10-15,10:03:37.533788567,T,KO,F I,7,67.55
2025-10-15,10:03:37.533794275,T,KO,F I,25,67.55
2025-10-15,10:03:37.533794275,T,KO,F,100,67.55
2025-10-15,10:03:37.533800416,T,KO,F,100,67.55
2025-10-15,10:03:37.534236299,T,KO,F I,9,67.55
2025-10-15,10:03:46.117859750,T,KO,I,6,67.545
2025-10-15,10:03:54.552195558,T,KO,I,1,67.55
2025-10-15,10:03:54.552198486,T,KO,I,10,67.55
2025-10-15,10:03:54.552201500,T,KO,I,63,67.55
2025-10-15,10:03:54.552204465,T,KO,I,59,67.55
2025-10-15,10:03:54.552204465,T,KO,I,25,67.55
2025-10-15,10:03:55.528976209,T,KO,I,6,67.555
2025-10-15,10:04:01.627658797,T,KO,,100,67.56
2025-10-15,10:04:01.627658797,T,KO,I,10,67.56
2025-10-15,10:04:14.592716716,T,KO,I,8,67.575
2025-10-15,10:04:19.344300916,T,KO,I,10,67.58
2025-10-15,10:04:19.344303899,T,KO,I,45,67.58
2025-10-15,10:04:19.344782080,T,KO,F I,44,67.58
2025-10-15,10:04:19.344965535,T,KO,F I,44,67.58
2025-10-15,10:04:21.163736398,T,KO,F I,7,67.59
2025-10-15,10:04:21.304029572,T,KO,,100,67.595
2025-10-15,10:04:31.788215764,T,KO,F I,11,67.6
2025-10-15,10:04:31.788218695,T,KO,F I,10,67.6
2025-10-15,10:04:31.788221470,T,KO,F I,12,67.6
2025-10-15,10:04:31.788224488,T,KO,F I,68,67.6
2025-10-15,10:04:31.788224488,T,KO,F I,10,67.6
2025-10-15,10:04:33.369122801,T,KO,F I,4,67.61
2025-10-15,10:04:39.529346201,T,KO,F I,3,67.61
2025-10-15,10:04:39.529349188,T,KO,F I,1,67.61
2025-10-15,10:04:44.564112034,T,KO,I,6,67.6
2025-10-15,10:04:49.957054890,T,KO,F I,28,67.6
2025-10-15,10:04:49.957057907,T,KO,F I,59,67.6
2025-10-15,10:04:49.957057907,T,KO,F I,1,67.6
2025-10-15,10:04:49.957060874,T,KO,F I,10,67.6
2025-10-15,10:04:50.055722844,T,KO,I,25,67.6
2025-10-15,10:04:53.830894146,T,KO,F I,61,67.6
2025-10-15,10:04:53.831224296,T,KO,F I,15,67.6
2025-10-15,10:04:53.831236391,T,KO,F I,7,67.6
2025-10-15,10:04:59.738031025,T,KO,F I,3,67.61
2025-10-15,10:04:59.738034039,T,KO,F I,11,67.61
2025-10-15,10:05:02.333344619,T,KO,,200,67.615
2025-10-15,10:05:02.334586604,T,KO,F I,30,67.62
2025-10-15,10:05:02.334589885,T,KO,F I,54,67.62
2025-10-15,10:05:02.334592565,T,KO,F I,23,67.62
2025-10-15,10:05:02.334592565,T,KO,F I,19,67.62
2025-10-15,10:05:04.027438614,T,KO,,100,67.625
2025-10-15,10:05:08.223419467,T,KO,,100,67.62
2025-10-15,10:05:08.223440539,T,KO,I,1,67.62
2025-10-15,10:05:08.223443833,T,KO,I,15,67.62
2025-10-15,10:05:08.223449608,T,KO,I,85,67.62
2025-10-15,10:05:08.223515709,T,KO,F I,1,67.62
2025-10-15,10:05:08.223524829,T,KO,I,1,67.62
2025-10-15,10:05:08.223536843,T,KO,F I,1,67.62
2025-10-15,10:05:08.223543100,T,KO,F I,1,67.62
2025-10-15,10:05:08.223545839,T,KO,F I,1,67.62
2025-10-15,10:05:08.223672165,T,KO,F,100,67.62
2025-10-15,10:05:08.223687218,T,KO,,100,67.62
2025-10-15,10:05:08.223696989,T,KO,F,100,67.62
2025-10-15,10:05:08.223762315,T,KO,F I,10,67.62
2025-10-15,10:05:08.223840547,T,KO,,100,67.62
2025-10-15,10:05:08.223975801,T,KO,I,42,67.62
2025-10-15,10:05:08.223975801,T,KO,I,58,67.62
2025-10-15,10:05:08.224421859,T,KO,F,100,67.62
2025-10-15,10:05:08.224427757,T,KO,F,100,67.62
2025-10-15,10:05:08.224427757,T,KO,F,100,67.62
2025-10-15,10:05:08.224427757,T,KO,F,100,67.62
2025-10-15,10:05:08.224429951,T,KO,F,100,67.62
2025-10-15,10:05:08.224433961,T,KO,F I,32,67.62
2025-10-15,10:05:08.933386469,T,KO,I,6,67.625
2025-10-15,10:05:26.481409377,T,KO,,100,67.625
2025-10-15,10:05:29.674421133,T,KO,F I,42,67.62
2025-10-15,10:05:29.674421133,T,KO,F I,58,67.62
2025-10-15,10:05:29.674442317,T,KO,F I,1,67.62
2025-10-15,10:05:29.674442317,T,KO,F I,1,67.62
2025-10-15,10:05:29.674444400,T,KO,F I,1,67.62
2025-10-15,10:05:29.674447605,T,KO,F I,91,67.62
2025-10-15,10:05:29.674447605,T,KO,F I,5,67.62
2025-10-15,10:05:30.960899608,T,KO,F I,2,67.61
2025-10-15,10:05:30.960899608,T,KO,F I,1,67.61
2025-10-15,10:05:30.961498078,T,KO,F,100,67.61
2025-10-15,10:05:31.627007524,T,KO,I,5,67.61
2025-10-15,10:05:31.627009979,T,KO,I,39,67.61
2025-10-15,10:05:31.627485187,T,KO,F I,39,67.61
2025-10-15,10:05:31.710612142,T,KO,,100,67.615
2025-10-15,10:05:44.310304095,T,KO,I,14,67.62
2025-10-15,10:05:44.310304095,T,KO,I,21,67.62
2025-10-15,10:05:44.310307098,T,KO,,100,67.62
2025-10-15,10:05:44.310658930,T,KO,,100,67.62
2025-10-15,10:05:44.337240047,T,KO,F I,32,67.62
2025-10-15,10:05:44.337242246,T,KO,F I,61,67.62
2025-10-15,10:05:44.337263202,T,KO,I,1,67.62
2025-10-15,10:05:44.355594931,T,KO,F,100,67.615
2025-10-15,10:05:44.355594931,T,KO,F I,35,67.61
2025-10-15,10:05:44.355597920,T,KO,F,100,67.61
2025-10-15,10:05:57.433837335,T,KO,F I,5,67.6
2025-10-15,10:05:57.434489940,T,KO,,100,67.6
2025-10-15,10:05:57.495490222,T,KO,I,16,67.595
2025-10-15,10:05:58.402137641,T,KO,,100,67.585
2025-10-15,10:05:58.888558212,T,KO,I,21,67.585
2025-10-15,10:05:59.200232558,T,KO,I,10,67.585
2025-10-15,10:06:04.133597264,T,KO,F I,1,67.58
2025-10-15,10:06:04.135205960,T,KO,I,25,67.57
2025-10-15,10:06:04.135208521,T,KO,I,32,67.57
2025-10-15,10:06:08.816310943,T,KO,F,100,67.58
2025-10-15,10:06:08.819838385,T,KO,I,10,67.585
2025-10-15,10:06:13.412981260,T,KO,F I,78,67.58
2025-10-15,10:06:13.413002283,T,KO,I,22,67.58
2025-10-15,10:06:18.508945848,T,KO,I,39,67.555
2025-10-15,10:06:18.584702222,T,KO,I,28,67.555
2025-10-15,10:06:21.183702579,T,KO,,100,67.555
2025-10-15,10:06:29.707513431,T,KO,I,30,67.555
2025-10-15,10:06:41.058447939,T,KO,F I,10,67.56
2025-10-15,10:06:41.058451467,T,KO,F I,4,67.56
2025-10-15,10:06:41.058454132,T,KO,F I,50,67.56
2025-10-15,10:06:41.058454132,T,KO,F I,10,67.56
2025-10-15,10:06:41.058456748,T,KO,F I,1,67.56
2025-10-15,10:06:41.069315562,T,KO,I,5,67.565
2025-10-15,10:06:42.243185777,T,KO,F I,50,67.56
2025-10-15,10:06:42.277007101,T,KO,I,25,67.55
2025-10-15,10:06:42.597904392,T,KO,I,28,67.555
2025-10-15,10:06:45.120901671,T,KO,I,90,67.56
2025-10-15,10:06:45.120901671,T,KO,I,13,67.56
2025-10-15,10:06:47.018123475,T,KO,F I,3,67.56
2025-10-15,10:06:51.337353232,T,KO,I,40,67.57
2025-10-15,10:06:51.337356263,T,KO,,106,67.57
2025-10-15,10:06:51.337356263,T,KO,I,10,67.57
2025-10-15,10:06:51.640273453,T,KO,,100,67.575
2025-10-15,10:07:03.179700002,T,KO,F,216,67.59
2025-10-15,10:07:03.179703052,T,KO,F I,10,67.59
2025-10-15,10:07:09.019299887,T,KO,I,6,67.59
2025-10-15,10:07:09.019302896,T,KO,,100,67.59
2025-10-15,10:07:09.054872176,T,KO,I,25,67.58
2025-10-15,10:07:09.054872176,T,KO,I,65,67.585
2025-10-15,10:07:22.576583399,T,KO,F I,4,67.59
2025-10-15,10:07:22.576587045,T,KO,F I,10,67.59
2025-10-15,10:07:22.576589712,T,KO,F I,10,67.59
2025-10-15,10:07:28.660930066,T,KO,I,96,67.6
2025-10-15,10:07:28.677622792,T,KO,,100,67.615
2025-10-15,10:07:31.623739932,T,KO,,100,67.61
2025-10-15,10:07:31.623743032,T,KO,I,8,67.61
2025-10-15,10:07:31.623743032,T,KO,I,1,67.61
2025-10-15,10:07:31.623758188,T,KO,F I,9,67.61
2025-10-15,10:07:31.623764589,T,KO,I,1,67.61
2025-10-15,10:07:31.624260147,T,KO,F,390,67.61
2025-10-15,10:07:31.928136923,T,KO,,100,67.6
2025-10-15,10:07:35.899771887,T,KO,,236,67.61
2025-10-15,10:07:35.899774509,T,KO,I,97,67.61
2025-10-15,10:07:35.900372982,T,KO,I,1,67.615
2025-10-15,10:07:43.105741644,T,KO,,100,67.615
2025-10-15,10:07:51.327796681,T,KO,F,100,67.62
2025-10-15,10:07:51.327799007,T,KO,F,172,67.62
2025-10-15,10:07:51.327802612,T,KO,F I,10,67.62
2025-10-15,10:07:51.327804783,T,KO,F,529,67.62
2025-10-15,10:08:10.696971228,T,KO,I,29,67.63
2025-10-15,10:08:10.696974503,T,KO,,100,67.63
2025-10-15,10:08:10.696977235,T,KO,,278,67.63
2025-10-15,10:08:12.065651054,T,KO,I,1,67.635
2025-10-15,10:08:12.325872951,T,KO,F,100,67.64
2025-10-15,10:08:12.325876022,T,KO,F,100,67.64
2025-10-15,10:08:12.325876022,T,KO,F I,10,67.64
2025-10-15,10:08:12.325878926,T,KO,F I,13,67.64
2025-10-15,10:08:14.006022580,T,KO,I,6,67.645
2025-10-15,10:08:22.700944194,T,KO,F,100,67.64
2025-10-15,10:08:22.700944194,T,KO,F I,3,67.64
2025-10-15,10:08:22.700968278,T,KO,F I,1,67.64
2025-10-15,10:08:22.700968278,T,KO,F I,10,67.64
2025-10-15,10:08:28.510439134,T,KO,F,100,67.63
2025-10-15,10:08:28.510442163,T,KO,F I,85,67.63
2025-10-15,10:08:28.510460186,T,KO,I,1,67.63
2025-10-15,10:08:28.510478174,T,KO,F,185,67.63
2025-10-15,10:08:28.510770021,T,KO,I,14,67.63
2025-10-15,10:08:28.511407485,T,KO,I,1,67.62
2025-10-15,10:08:28.511407485,T,KO,I,40,67.62
2025-10-15,10:08:28.512541116,T,KO,I,25,67.62
2025-10-15,10:08:28.523929283,T,KO,I,11,67.625
2025-10-15,10:08:28.523929283,T,KO,,100,67.625
2025-10-15,10:08:48.031530345,T,KO,I,13,67.635
2025-10-15,10:08:53.199591672,T,KO,I,21,67.64
2025-10-15,10:08:53.199595201,T,KO,I,90,67.64
2025-10-15,10:08:53.199595201,T,KO,I,10,67.64
2025-10-15,10:08:53.199597682,T,KO,I,42,67.64
2025-10-15,10:08:53.209773891,T,KO,,100,67.645
2025-10-15,10:08:55.969251428,T,KO,F I,5,67.64
2025-10-15,10:08:55.969251428,T,KO,F,100,67.64
2025-10-15,10:08:55.985805852,T,KO,,100,67.635
2025-10-15,10:09:00.664009329,T,KO,F,100,67.63
2025-10-15,10:09:00.664009329,T,KO,F I,6,67.63
2025-10-15,10:09:00.701779258,T,KO,,100,67.625
2025-10-15,10:09:01.243895450,T,KO,,100,67.625
2025-10-15,10:09:04.919658513,T,KO,F I,4,67.62
2025-10-15,10:09:04.920262918,T,KO,F I,4,67.62
2025-10-15,10:09:04.924307583,T,KO,F I,45,67.62
2025-10-15,10:09:04.924310945,T,KO,F I,67,67.62
2025-10-15,10:09:04.924314414,T,KO,F,100,67.62
2025-10-15,10:09:04.924314414,T,KO,F I,43,67.62
2025-10-15,10:09:04.924316535,T,KO,F I,38,67.62
2025-10-15,10:09:07.375069736,T,KO,F I,47,67.63
2025-10-15,10:09:07.375075756,T,KO,F I,10,67.63
2025-10-15,10:09:07.375075756,T,KO,F I,23,67.63
2025-10-15,10:09:07.386481965,T,KO,,200,67.635
2025-10-15,10:09:11.613094310,T,KO,F I,27,67.64
2025-10-15,10:09:11.613096811,T,KO,F I,18,67.64
2025-10-15,10:09:11.613099829,T,KO,F,100,67.64
2025-10-15,10:09:21.167483562,T,KO,I,25,67.64
2025-10-15,10:09:21.167483562,T,KO,I,45,67.64
2025-10-15,10:09:21.167489999,T,KO,I,34,67.64
2025-10-15,10:09:21.167489999,T,KO,I,5,67.64
2025-10-15,10:09:36.825880595,T,KO,F I,41,67.64
2025-10-15,10:09:42.823599926,T,KO,I,5,67.63
2025-10-15,10:09:46.099407221,T,KO,F I,3,67.63
2025-10-15,10:09:46.101728773,T,KO,,300,67.635
2025-10-15,10:09:52.294522838,T,KO,F I,11,67.64
2025-10-15,10:09:52.294522838,T,KO,F I,1,67.64
2025-10-15,10:09:52.294528776,T,KO,F I,6,67.64
2025-10-15,10:09:52.294528776,T,KO,F,100,67.64
2025-10-15,10:09:52.294531831,T,KO,F,100,67.64
2025-10-15,10:09:52.294727281,T,KO,F I,76,67.64
2025-10-15,10:10:01.372066656,T,KO,I,16,67.64
2025-10-15,10:10:01.372165976,T,KO,,100,67.64
2025-10-15,10:10:01.372168929,T,KO,I,70,67.64
2025-10-15,10:10:01.422148032,T,KO,I,30,67.64
2025-10-15,10:10:03.755982678,T,KO,F I,5,67.645
2025-10-15,10:10:06.221576249,T,KO,I,19,67.645
2025-10-15,10:10:13.916369662,T,KO,F I,1,67.65
2025-10-15,10:10:13.916373147,T,KO,F I,4,67.65
2025-10-15,10:10:13.916376002,T,KO,F I,1,67.65
2025-10-15,10:10:13.916376002,T,KO,F I,13,67.65
2025-10-15,10:10:13.916382553,T,KO,F I,1,67.65
2025-10-15,10:10:14.231980406,T,KO,,100,67.655
2025-10-15,10:10:16.095780752,T,KO,F I,45,67.66
2025-10-15,10:10:16.095784024,T,KO,F I,21,67.66
2025-10-15,10:10:16.095784024,T,KO,F I,21,67.66
2025-10-15,10:10:16.095786772,T,KO,F I,53,67.66
2025-10-15,10:10:16.115164818,T,KO,I,36,67.66
2025-10-15,10:10:16.115167780,T,KO,I,29,67.66
2025-10-15,10:10:16.115167780,T,KO,I,10,67.66
2025-10-15,10:10:16.115192961,T,KO,F I,90,67.66
2025-10-15,10:10:16.115198178,T,KO,F,100,67.66
2025-10-15,10:10:16.115204155,T,KO,F,200,67.66
2025-10-15,10:10:16.115204155,T,KO,F I,16,67.66
2025-10-15,10:10:17.445118450,T,KO,,100,67.65
2025-10-15,10:10:18.752332084,T,KO,F I,36,67.65
2025-10-15,10:10:24.229460385,T,KO,F I,10,67.66
2025-10-15,10:10:29.544776341,T,KO,F I,3,67.66
2025-10-15,10:10:30.068437797,T,KO,F I,1,67.65
2025-10-15,10:10:30.068437797,T,KO,F I,96,67.65
2025-10-15,10:10:45.561780340,T,KO,F I,10,67.65
2025-10-15,10:10:45.561783449,T,KO,F I,17,67.65
2025-10-15,10:10:49.005748289,T,KO,I,5,67.655
2025-10-15,10:10:57.882179502,T,KO,,100,67.655
2025-10-15,10:11:02.377664764,T,KO,,100,67.655
2025-10-15,10:11:02.385699911,T,KO,,100,67.655
2025-10-15,10:11:02.733493308,T,KO,F I,33,67.655
2025-10-15,10:11:02.735351685,T,KO,F I,33,67.655
2025-10-15,10:11:07.613940611,T,KO,F,100,67.66
2025-10-15,10:11:07.613940611,T,KO,F I,10,67.66
2025-10-15,10:11:07.613944240,T,KO,F I,30,67.66
2025-10-15,10:11:10.378818873,T,KO,,200,67.665
2025-10-15,10:11:10.379899032,T,KO,F I,2,67.67
2025-10-15,10:11:10.379901535,T,KO,F,333,67.67
2025-10-15,10:11:10.379904559,T,KO,F I,27,67.67
2025-10-15,10:11:10.380130643,T,KO,F I,56,67.67
2025-10-15,10:11:10.380259277,T,KO,F I,58,67.67
2025-10-15,10:11:15.147102054,T,KO,I,50,67.675
2025-10-15,10:11:24.166782716,T,KO,,200,67.68
2025-10-15,10:11:24.166782716,T,KO,,112,67.68
2025-10-15,10:11:24.166785168,T,KO,I,5,67.68
2025-10-15,10:11:25.004108420,T,KO,F I,10,67.69
2025-10-15,10:11:26.306600619,T,KO,I,5,67.69
2025-10-15,10:11:28.046884588,T,KO,F,246,67.69
2025-10-15,10:11:35.127041060,T,KO,I,1,67.69
2025-10-15,10:11:35.127047129,T,KO,F I,4,67.69
2025-10-15,10:11:35.127047129,T,KO,F I,26,67.69
2025-10-15,10:11:35.127050168,T,KO,F I,3,67.69
2025-10-15,10:11:41.447961291,T,KO,F,100,67.69
2025-10-15,10:11:45.417349565,T,KO,F I,5,67.68
2025-10-15,10:11:45.417355741,T,KO,F I,5,67.68
2025-10-15,10:11:45.417364843,T,KO,F,195,67.68
2025-10-15,10:11:52.770009525,T,KO,I,2,67.67
2025-10-15,10:11:52.770009525,T,KO,I,40,67.67
2025-10-15,10:11:52.770012306,T,KO,I,48,67.67
2025-10-15,10:11:52.770027308,T,KO,F I,90,67.67
2025-10-15,10:11:52.770027308,T,KO,I,1,67.67
2025-10-15,10:11:52.770030358,T,KO,I,13,67.67
2025-10-15,10:11:56.006203317,T,KO,I,5,67.675
2025-10-15,10:11:58.222886237,T,KO,F I,13,67.68
2025-10-15,10:11:58.222887877,T,KO,F,100,67.68
2025-10-15,10:11:58.222890904,T,KO,F I,96,67.68
2025-10-15,10:12:07.581003093,T,KO,I,10,67.695
2025-10-15,10:12:31.359397382,T,KO,F,100,67.7
2025-10-15,10:12:31.359400395,T,KO,F I,10,67.7
2025-10-15,10:12:31.359404311,T,KO,F,100,67.7
2025-10-15,10:12:31.359404311,T,KO,F I,69,67.7
2025-10-15,10:12:31.359406379,T,KO,F I,10,67.7
2025-10-15,10:12:31.359409347,T,KO,F,100,67.7
2025-10-15,10:12:38.563187647,T,KO,F I,20,67.71
2025-10-15,10:12:38.563190305,T,KO,F I,92,67.71
2025-10-15,10:12:45.617608551,T,KO,I,7,67.71
2025-10-15,10:12:45.617612161,T,KO,I,25,67.71
2025-10-15,10:12:45.664490122,T,KO,F I,5,67.7
2025-10-15,10:12:45.664493618,T,KO,F I,1,67.7
2025-10-15,10:12:45.664496201,T,KO,F I,11,67.7
2025-10-15,10:13:02.447259407,T,KO,,100,67.695
2025-10-15,10:13:06.418500201,T,KO,F I,2,67.7
2025-10-15,10:13:06.418500201,T,KO,F I,10,67.7
