DATE,TIME_M,EX,SYM_ROOT,TR_SCOND,SIZE,PRICE
2025-12-01,9:30:00.331672632,T,KO,TI,5,72.6
2025-12-01,9:30:01.265724387,T,KO,I,1,72.75
2025-12-01,9:30:01.265820673,T,KO,Q,1,72.75
2025-12-01,9:30:01.412434818,T,KO,I,20,72.57
2025-12-01,9:30:01.412434818,T,KO,,261,72.55
2025-12-01,9:30:01.419149858,T,KO,F,100,72.54
2025-12-01,9:30:01.442235824,T,KO,I,1,72.5
2025-12-01,9:30:01.442239286,T,KO,,200,72.5
2025-12-01,9:30:01.442241759,T,KO,,200,72.5
2025-12-01,9:30:01.442653816,T,KO,,100,72.51
2025-12-01,9:30:01.442690340,T,KO,I,1,72.51
2025-12-01,9:30:01.480868816,T,KO,I,2,72.51
2025-12-01,9:30:01.512050806,T,KO,F,100,72.51
2025-12-01,9:30:01.512050806,T,KO,F,400,72.51
2025-12-01,9:30:01.512056061,T,KO,F,100,72.51
2025-12-01,9:30:01.512056061,T,KO,F,400,72.52
2025-12-01,9:30:01.512059046,T,KO,F,100,72.52
2025-12-01,9:30:01.512062152,T,KO,F,400,72.53
2025-12-01,9:30:01.512062152,T,KO,F,100,72.53
2025-12-01,9:30:01.512065086,T,KO,F I,1,72.53
2025-12-01,9:30:01.512134316,T,KO,I,35,72.5
2025-12-01,9:30:01.512170315,T,KO,,100,72.5
2025-12-01,9:30:01.512200390,T,KO,I,1,72.505
2025-12-01,9:30:01.512354369,T,KO,F,100,72.51
2025-12-01,9:30:01.512997302,T,KO,I,9,72.505
2025-12-01,9:30:01.515213556,T,KO,F,100,72.52
2025-12-01,9:30:01.515213556,T,KO,F,100,72.52
2025-12-01,9:30:01.515228631,T,KO,I,59,72.51
2025-12-01,9:30:01.515775921,T,KO,,100,72.53
2025-12-01,9:30:01.515812005,T,KO,F,377,72.54
2025-12-01,9:30:01.532396537,T,KO,I,37,72.52
2025-12-01,9:30:01.626293012,T,KO,F I,63,72.52
2025-12-01,9:30:01.626295154,T,KO,F I,47,72.51
2025-12-01,9:30:01.626980821,T,KO,I,53,72.51
2025-12-01,9:30:01.627007894,T,KO,F I,47,72.5
2025-12-01,9:30:01.657317063,T,KO,,400,72.5
2025-12-01,9:30:01.657317063,T,KO,,100,72.5
2025-12-01,9:30:01.777384037,T,KO,F,100,72.5
2025-12-01,9:30:01.777690828,T,KO,I,59,72.5
2025-12-01,9:30:01.908247128,T,KO,I,59,72.5
2025-12-01,9:30:01.908249959,T,KO,,200,72.5
2025-12-01,9:30:01.908252701,T,KO,,200,72.5
2025-12-01,9:30:01.908257565,T,KO,,400,72.5
2025-12-01,9:30:01.908257565,T,KO,,100,72.5
2025-12-01,9:30:01.908700862,T,KO,F,100,72.49
2025-12-01,9:30:01.908842176,T,KO,F I,20,72.48
2025-12-01,9:30:01.908845197,T,KO,F,230,72.48
2025-12-01,9:30:02.125727825,T,KO,,100,72.5
2025-12-01,9:30:02.412884741,T,KO,,100,72.51
2025-12-01,9:30:02.465476955,T,KO,,100,72.52
2025-12-01,9:30:02.647771088,T,KO,I,7,72.52
2025-12-01,9:30:03.533566704,T,KO,F,100,72.55
2025-12-01,9:30:03.809554989,T,KO,I,93,72.54
2025-12-01,9:30:03.809558106,T,KO,,100,72.53
2025-12-01,9:30:03.809558106,T,KO,,273,72.53
2025-12-01,9:30:03.809573007,T,KO,I,1,72.53
2025-12-01,9:30:03.809636629,T,KO,F I,91,72.53
2025-12-01,9:30:03.809636629,T,KO,F I,1,72.53
2025-12-01,9:30:03.809639231,T,KO,F,100,72.53
2025-12-01,9:30:03.819382379,T,KO,,100,72.52
2025-12-01,9:30:04.180133575,T,KO,,100,72.54
2025-12-01,9:30:04.230482465,T,KO,,100,72.55
2025-12-01,9:30:05.767437135,T,KO,F I,93,72.53
2025-12-01,9:30:05.767482248,T,KO,F,389,72.53
2025-12-01,9:30:05.767521356,T,KO,,100,72.52
2025-12-01,9:30:05.817939384,T,KO,I,3,72.525
2025-12-01,9:30:06.376119688,T,KO,,100,72.51
2025-12-01,9:30:06.393931187,T,KO,I,3,72.5
2025-12-01,9:30:06.848878787,T,KO,I,78,72.5
2025-12-01,9:30:06.848971888,T,KO,,337,72.5
2025-12-01,9:30:06.848989959,T,KO,I,1,72.5
2025-12-01,9:30:06.849212479,T,KO,,337,72.5
2025-12-01,9:30:06.857458829,T,KO,,400,72.51
2025-12-01,9:30:06.857461050,T,KO,,100,72.51
2025-12-01,9:30:06.857464121,T,KO,,100,72.51
2025-12-01,9:30:06.860263709,T,KO,,100,72.52
2025-12-01,9:30:06.927046867,T,KO,I,10,72.52
2025-12-01,9:30:07.179392801,T,KO,I,1,72.53
2025-12-01,9:30:07.217168841,T,KO,,300,72.52
2025-12-01,9:30:10.558937755,T,KO,,300,72.52
2025-12-01,9:30:10.558953388,T,KO,,100,72.52
2025-12-01,9:30:10.558953388,T,KO,,100,72.52
2025-12-01,9:30:10.558955747,T,KO,,100,72.52
2025-12-01,9:30:10.559614301,T,KO,,171,72.51
2025-12-01,9:30:10.559614301,T,KO,,100,72.51
2025-12-01,9:30:10.559632364,T,KO,I,1,72.51
2025-12-01,9:30:10.559939143,T,KO,,100,72.51
2025-12-01,9:30:11.560497086,T,KO,F,200,72.51
2025-12-01,9:30:11.560812733,T,KO,,400,72.51
2025-12-01,9:30:11.585654914,T,KO,,100,72.505
2025-12-01,9:30:11.585654914,T,KO,,100,72.5
2025-12-01,9:30:11.585657932,T,KO,I,30,72.5
2025-12-01,9:30:11.626979803,T,KO,,100,72.505
2025-12-01,9:30:11.626979803,T,KO,I,7,72.5
2025-12-01,9:30:11.627003467,T,KO,,100,72.5
2025-12-01,9:30:11.627003467,T,KO,I,14,72.5
2025-12-01,9:30:11.627006478,T,KO,I,92,72.5
2025-12-01,9:30:11.627072556,T,KO,I,1,72.5
2025-12-01,9:30:12.024586325,T,KO,F I,1,72.5
2025-12-01,9:30:12.025181741,T,KO,I,8,72.5
2025-12-01,9:30:12.562808253,T,KO,F,350,72.5
2025-12-01,9:30:13.013635998,T,KO,I,1,72.5
2025-12-01,9:30:13.236394503,T,KO,,100,72.5
2025-12-01,9:30:14.058699939,T,KO,I,1,72.5
2025-12-01,9:30:14.141790831,T,KO,,100,72.5
2025-12-01,9:30:14.191872153,T,KO,,100,72.5
2025-12-01,9:30:15.256443578,T,KO,F I,33,72.5
2025-12-01,9:30:15.256443578,T,KO,F I,1,72.5
2025-12-01,9:30:15.256759595,T,KO,F I,99,72.5
2025-12-01,9:30:15.256762412,T,KO,F,181,72.49
2025-12-01,9:30:15.256777382,T,KO,F I,23,72.49
2025-12-01,9:30:15.256786840,T,KO,I,1,72.49
2025-12-01,9:30:15.256786840,T,KO,I,75,72.49
2025-12-01,9:30:15.256810489,T,KO,F I,23,72.48
2025-12-01,9:30:15.257679534,T,KO,F,100,72.48
2025-12-01,9:30:15.257962324,T,KO,,100,72.48
2025-12-01,9:30:15.257965603,T,KO,I,10,72.48
2025-12-01,9:30:15.841075033,T,KO,,100,72.48
2025-12-01,9:30:17.299849338,T,KO,I,1,72.475
2025-12-01,9:30:17.992522265,T,KO,,100,72.47
2025-12-01,9:30:17.992522265,T,KO,,212,72.47
2025-12-01,9:30:21.736423853,T,KO,F,100,72.47
2025-12-01,9:30:21.736865817,T,KO,,119,72.46
2025-12-01,9:30:21.737226697,T,KO,I,50,72.46
2025-12-01,9:30:21.737467328,T,KO,F,100,72.45
2025-12-01,9:30:21.737470359,T,KO,F,100,72.45
2025-12-01,9:30:21.739115257,T,KO,F I,50,72.45
2025-12-01,9:30:21.739253515,T,KO,F,100,72.46
2025-12-01,9:30:21.739256562,T,KO,F I,50,72.46
2025-12-01,9:30:21.739656571,T,KO,F,100,72.47
2025-12-01,9:30:21.739659481,T,KO,F I,50,72.47
2025-12-01,9:30:22.387287919,T,KO,F I,50,72.455
2025-12-01,9:30:22.387293977,T,KO,F I,50,72.455
2025-12-01,9:30:22.387293977,T,KO,I,81,72.455
2025-12-01,9:30:22.387299978,T,KO,F I,19,72.455
2025-12-01,9:30:22.387299978,T,KO,F I,50,72.46
2025-12-01,9:30:22.514196197,T,KO,F,100,72.46
2025-12-01,9:30:22.578266776,T,KO,I,1,72.44
2025-12-01,9:30:22.578320941,T,KO,F,100,72.45
2025-12-01,9:30:24.833560214,T,KO,F,100,72.455
2025-12-01,9:30:24.833572195,T,KO,F I,40,72.47
2025-12-01,9:30:24.894148492,T,KO,,400,72.49
2025-12-01,9:30:24.894545495,T,KO,F,100,72.48
2025-12-01,9:30:24.957226694,T,KO,F I,52,72.475
2025-12-01,9:30:24.957760061,T,KO,I,1,72.48
2025-12-01,9:30:24.957760061,T,KO,,100,72.48
2025-12-01,9:30:24.957762164,T,KO,,161,72.48
2025-12-01,9:30:24.957765047,T,KO,,200,72.48
2025-12-01,9:30:24.957768600,T,KO,,100,72.48
2025-12-01,9:30:24.957789415,T,KO,F,222,72.49
2025-12-01,9:30:24.978848166,T,KO,,200,72.48
2025-12-01,9:30:25.091439339,T,KO,,118,72.47
2025-12-01,9:30:25.112354202,T,KO,,200,72.47
2025-12-01,9:30:25.112420344,T,KO,,100,72.47
2025-12-01,9:30:25.112709040,T,KO,,100,72.48
2025-12-01,9:30:25.112745109,T,KO,,113,72.49
2025-12-01,9:30:25.112979686,T,KO,I,59,72.48
2025-12-01,9:30:25.113066881,T,KO,I,4,72.48
2025-12-01,9:30:25.113066881,T,KO,,196,72.48
2025-12-01,9:30:25.113112015,T,KO,I,1,72.48
2025-12-01,9:30:25.113115228,T,KO,,100,72.47
2025-12-01,9:30:25.113115228,T,KO,,100,72.47
2025-12-01,9:30:25.113118247,T,KO,,100,72.47
2025-12-01,9:30:25.113121048,T,KO,I,82,72.47
2025-12-01,9:30:25.195872070,T,KO,,200,72.47
2025-12-01,9:30:25.195923235,T,KO,,100,72.47
2025-12-01,9:30:25.228292312,T,KO,,100,72.47
2025-12-01,9:30:25.228385880,T,KO,I,1,72.48
2025-12-01,9:30:25.228389557,T,KO,I,7,72.48
2025-12-01,9:30:25.228391718,T,KO,,100,72.48
2025-12-01,9:30:25.828705264,T,KO,F,134,72.475
2025-12-01,9:30:25.828777503,T,KO,I,66,72.475
2025-12-01,9:30:25.829339826,T,KO,,100,72.48
2025-12-01,9:30:25.829346062,T,KO,,100,72.49
2025-12-01,9:30:25.829346062,T,KO,,100,72.49
2025-12-01,9:30:25.829348895,T,KO,,100,72.49
2025-12-01,9:30:25.829351835,T,KO,,100,72.49
2025-12-01,9:30:25.829351835,T,KO,,100,72.49
2025-12-01,9:30:25.829360943,T,KO,I,1,72.49
2025-12-01,9:30:25.872098590,T,KO,I,99,72.49
2025-12-01,9:30:26.091922205,T,KO,F,200,72.49
2025-12-01,9:30:28.591237777,T,KO,,100,72.51
2025-12-01,9:30:28.646717296,T,KO,,100,72.515
2025-12-01,9:30:28.646719895,T,KO,,100,72.52
2025-12-01,9:30:28.846642042,T,KO,,100,72.52
2025-12-01,9:30:31.123992954,T,KO,I,1,72.53
2025-12-01,9:30:31.666511994,T,KO,,100,72.52
2025-12-01,9:30:31.751653871,T,KO,,200,72.515
2025-12-01,9:30:31.759740058,T,KO,,200,72.515
2025-12-01,9:30:34.571129862,T,KO,F,200,72.51
2025-12-01,9:30:34.571129862,T,KO,F I,71,72.51
2025-12-01,9:30:35.805500740,T,KO,F,350,72.52
2025-12-01,9:30:36.808154858,T,KO,I,50,72.52
2025-12-01,9:30:36.808157968,T,KO,,100,72.52
2025-12-01,9:30:36.808160720,T,KO,,150,72.52
2025-12-01,9:30:36.808443469,T,KO,F,100,72.52
2025-12-01,9:30:36.808449454,T,KO,F I,50,72.52
2025-12-01,9:30:36.942018507,T,KO,,300,72.52
2025-12-01,9:30:37.907278527,T,KO,F,100,72.52
2025-12-01,9:30:37.907281458,T,KO,F,250,72.52
2025-12-01,9:30:38.399902842,T,KO,I,50,72.52
2025-12-01,9:30:38.399905926,T,KO,,100,72.52
2025-12-01,9:30:38.399908831,T,KO,I,40,72.52
2025-12-01,9:30:38.494008907,T,KO,,140,72.53
2025-12-01,9:30:40.009480248,T,KO,I,1,72.54
2025-12-01,9:30:40.009519460,T,KO,I,19,72.54
2025-12-01,9:30:40.009519460,T,KO,,100,72.54
2025-12-01,9:30:40.009570521,T,KO,,100,72.54
2025-12-01,9:30:40.009606617,T,KO,F I,50,72.53
2025-12-01,9:30:40.009612873,T,KO,F I,50,72.53
2025-12-01,9:30:40.009612873,T,KO,F I,50,72.53
2025-12-01,9:30:40.009783971,T,KO,F I,50,72.53
2025-12-01,9:30:40.009985533,T,KO,F I,10,72.53
2025-12-01,9:30:40.009988476,T,KO,F I,40,72.53
2025-12-01,9:30:40.010785776,T,KO,I,51,72.53
2025-12-01,9:30:40.010785776,T,KO,I,29,72.53
2025-12-01,9:30:40.066631441,T,KO,,200,72.53
2025-12-01,9:30:41.534036437,T,KO,F,100,72.53
2025-12-01,9:30:41.534042347,T,KO,F,100,72.53
2025-12-01,9:30:41.534042347,T,KO,F,150,72.53
2025-12-01,9:30:41.534057493,T,KO,F I,38,72.53
2025-12-01,9:30:41.534057493,T,KO,I,9,72.53
2025-12-01,9:30:41.534060375,T,KO,F I,58,72.53
2025-12-01,9:30:41.534066927,T,KO,F I,54,72.53
2025-12-01,9:30:41.534066927,T,KO,F,379,72.52
2025-12-01,9:30:41.534069393,T,KO,F,600,72.52
2025-12-01,9:30:41.534072392,T,KO,F I,15,72.52
2025-12-01,9:30:41.534129469,T,KO,F I,19,72.52
2025-12-01,9:30:41.534159638,T,KO,I,81,72.52
2025-12-01,9:30:41.534364116,T,KO,,100,72.52
2025-12-01,9:30:41.535423296,T,KO,F,100,72.51
2025-12-01,9:30:41.535426322,T,KO,F I,29,72.51
2025-12-01,9:30:41.535426322,T,KO,F,100,72.51
2025-12-01,9:30:41.535428667,T,KO,F,200,72.51
2025-12-01,9:30:41.536282681,T,KO,F I,2,72.51
2025-12-01,9:30:41.536282681,T,KO,F I,10,72.51
2025-12-01,9:30:42.685168941,T,KO,,100,72.52
2025-12-01,9:30:42.685171980,T,KO,,100,72.52
2025-12-01,9:30:42.685171980,T,KO,,382,72.52
2025-12-01,9:30:42.685376399,T,KO,I,18,72.52
2025-12-01,9:30:42.685451599,T,KO,,100,72.51
2025-12-01,9:30:42.685454878,T,KO,I,2,72.51
2025-12-01,9:30:42.685454878,T,KO,I,2,72.51
2025-12-01,9:30:42.685457645,T,KO,,378,72.51
2025-12-01,9:30:42.735959888,T,KO,,100,72.51
2025-12-01,9:30:44.555064455,T,KO,F,100,72.52
2025-12-01,9:30:44.555067763,T,KO,F I,23,72.52
2025-12-01,9:30:44.555067763,T,KO,F I,32,72.52
2025-12-01,9:30:44.555070464,T,KO,F I,10,72.52
2025-12-01,9:30:44.555079516,T,KO,F I,65,72.52
2025-12-01,9:30:45.631081163,T,KO,,100,72.54
2025-12-01,9:30:45.631773172,T,KO,,200,72.535
2025-12-01,9:30:45.631775911,T,KO,,100,72.54
2025-12-01,9:30:49.308317230,T,KO,,117,72.52
2025-12-01,9:30:51.338928315,T,KO,,400,72.55
2025-12-01,9:30:51.338930584,T,KO,I,43,72.55
2025-12-01,9:30:51.342650357,T,KO,,100,72.58
2025-12-01,9:30:55.044181206,T,KO,,126,72.59
2025-12-01,9:30:55.044247410,T,KO,,100,72.59
2025-12-01,9:30:55.997734313,T,KO,F,174,72.59
2025-12-01,9:30:55.997737272,T,KO,F,176,72.59
2025-12-01,9:30:56.047827596,T,KO,,100,72.59
2025-12-01,9:30:57.034657875,T,KO,F I,24,72.59
2025-12-01,9:30:57.034657875,T,KO,F,200,72.59
2025-12-01,9:30:57.034660923,T,KO,F,100,72.59
2025-12-01,9:30:57.087072813,T,KO,,200,72.59
2025-12-01,9:30:57.137123904,T,KO,,200,72.59
2025-12-01,9:30:57.187202218,T,KO,,200,72.59
2025-12-01,9:30:57.237298601,T,KO,,100,72.59
2025-12-01,9:30:58.265062385,T,KO,,100,72.59
2025-12-01,9:30:59.516528855,T,KO,,100,72.59
2025-12-01,9:30:59.516532320,T,KO,I,17,72.59
2025-12-01,9:30:59.516535083,T,KO,F I,83,72.59
2025-12-01,9:30:59.516535083,T,KO,F I,34,72.59
2025-12-01,9:30:59.516715333,T,KO,F,100,72.59
2025-12-01,9:30:59.516715333,T,KO,F I,17,72.58
2025-12-01,9:30:59.516718883,T,KO,,100,72.58
2025-12-01,9:30:59.516721698,T,KO,I,17,72.58
2025-12-01,9:30:59.516721698,T,KO,,117,72.58
2025-12-01,9:30:59.516730656,T,KO,,117,72.58
2025-12-01,9:30:59.516730656,T,KO,I,49,72.58
2025-12-01,9:30:59.516733857,T,KO,I,1,72.58
2025-12-01,9:30:59.516736378,T,KO,,116,72.58
2025-12-01,9:30:59.516739380,T,KO,F I,83,72.58
2025-12-01,9:31:01.700504453,T,KO,,100,72.56
2025-12-01,9:31:02.542434657,T,KO,I,50,72.57
2025-12-01,9:31:06.468215605,T,KO,F I,50,72.59
2025-12-01,9:31:12.606503975,T,KO,F I,50,72.58
2025-12-01,9:31:12.606777590,T,KO,,100,72.58
2025-12-01,9:31:14.421783429,T,KO,F I,85,72.57
2025-12-01,9:31:14.422778798,T,KO,F I,85,72.57
2025-12-01,9:31:14.422781698,T,KO,F I,50,72.57
2025-12-01,9:31:15.753544217,T,KO,,100,72.575
2025-12-01,9:31:17.097252466,T,KO,,100,72.575
2025-12-01,9:31:21.591381568,T,KO,F,150,72.59
2025-12-01,9:31:21.591384062,T,KO,F I,40,72.6
2025-12-01,9:31:21.591384062,T,KO,F I,13,72.6
2025-12-01,9:31:21.591402151,T,KO,F,187,72.6
2025-12-01,9:31:21.591402151,T,KO,F,100,72.6
2025-12-01,9:31:21.591405587,T,KO,I,4,72.6
2025-12-01,9:31:21.591420189,T,KO,I,1,72.6
2025-12-01,9:31:21.591471369,T,KO,I,1,72.6
2025-12-01,9:31:21.591471369,T,KO,,100,72.6
2025-12-01,9:31:21.591690933,T,KO,I,1,72.6
2025-12-01,9:31:21.591820167,T,KO,F I,9,72.6
2025-12-01,9:31:21.591829484,T,KO,F I,91,72.6
2025-12-01,9:31:21.591832385,T,KO,F,100,72.6
2025-12-01,9:31:21.594021362,T,KO,F,100,72.59
2025-12-01,9:31:21.594024355,T,KO,F,100,72.59
2025-12-01,9:31:21.659517363,T,KO,F I,1,72.59
2025-12-01,9:31:21.675461383,T,KO,F,100,72.59
2025-12-01,9:31:21.675464352,T,KO,F,100,72.59
2025-12-01,9:31:23.439423572,T,KO,,100,72.595
2025-12-01,9:31:23.825774637,T,KO,F I,95,72.6
2025-12-01,9:31:23.885464170,T,KO,F,100,72.62
2025-12-01,9:31:23.885659416,T,KO,,100,72.61
2025-12-01,9:31:23.885662296,T,KO,,100,72.61
2025-12-01,9:31:23.885665274,T,KO,I,38,72.61
2025-12-01,9:31:24.629826738,T,KO,,100,72.605
2025-12-01,9:31:24.648940221,T,KO,,100,72.6
2025-12-01,9:31:24.665954687,T,KO,,100,72.6
2025-12-01,9:31:24.678674999,T,KO,,100,72.6
2025-12-01,9:31:24.678678002,T,KO,,400,72.59
2025-12-01,9:31:24.678678002,T,KO,I,75,72.59
2025-12-01,9:31:24.678696104,T,KO,I,1,72.59
2025-12-01,9:31:24.678708101,T,KO,F I,99,72.59
2025-12-01,9:31:24.679168191,T,KO,F I,5,72.58
2025-12-01,9:31:24.681011589,T,KO,F,100,72.57
2025-12-01,9:31:24.681014646,T,KO,F,100,72.57
2025-12-01,9:31:24.696748453,T,KO,F,350,72.56
2025-12-01,9:31:24.697181062,T,KO,I,50,72.56
2025-12-01,9:31:25.083905196,T,KO,F I,75,72.55
2025-12-01,9:31:25.084016732,T,KO,F I,25,72.55
2025-12-01,9:31:25.084016732,T,KO,F I,50,72.54
2025-12-01,9:31:27.200306758,T,KO,I,1,72.51
2025-12-01,9:31:27.273431964,T,KO,I,1,72.51
2025-12-01,9:31:27.273495072,T,KO,,180,72.51
2025-12-01,9:31:27.273517018,T,KO,F I,19,72.51
2025-12-01,9:31:27.273517018,T,KO,F I,38,72.51
2025-12-01,9:31:27.273519276,T,KO,F,100,72.51
2025-12-01,9:31:28.644568515,T,KO,,100,72.51
2025-12-01,9:31:28.644611116,T,KO,,100,72.51
2025-12-01,9:31:28.644611116,T,KO,I,67,72.5
2025-12-01,9:31:28.644613605,T,KO,I,38,72.5
2025-12-01,9:31:28.644635580,T,KO,,100,72.51
2025-12-01,9:31:28.644635580,T,KO,,185,72.5
2025-12-01,9:31:28.644638049,T,KO,I,70,72.5
2025-12-01,9:31:28.644638049,T,KO,I,1,72.5
2025-12-01,9:31:28.645456111,T,KO,F,100,72.505
2025-12-01,9:31:28.645606882,T,KO,F I,67,72.51
2025-12-01,9:31:28.645609946,T,KO,F I,67,72.51
2025-12-01,9:31:28.645609946,T,KO,F I,75,72.52
2025-12-01,9:31:28.646114147,T,KO,I,33,72.52
2025-12-01,9:31:28.646135212,T,KO,F,100,72.52
2025-12-01,9:31:34.121115977,T,KO,,100,72.515
2025-12-01,9:31:34.121115977,T,KO,,200,72.515
2025-12-01,9:31:34.841728056,T,KO,,350,72.515
2025-12-01,9:31:37.342171323,T,KO,,100,72.53
2025-12-01,9:31:37.355998283,T,KO,,200,72.53
2025-12-01,9:31:38.611329091,T,KO,,100,72.54
2025-12-01,9:31:40.340555472,T,KO,F I,75,72.55
2025-12-01,9:31:40.340555472,T,KO,F I,1,72.55
2025-12-01,9:31:42.689774521,T,KO,I,50,72.55
2025-12-01,9:31:42.691076706,T,KO,,400,72.53
2025-12-01,9:31:42.691076706,T,KO,,150,72.53
2025-12-01,9:31:42.691094736,T,KO,I,1,72.53
2025-12-01,9:31:42.691657064,T,KO,F I,49,72.53
2025-12-01,9:31:42.691930662,T,KO,I,11,72.53
2025-12-01,9:31:42.692369747,T,KO,I,10,72.53
2025-12-01,9:31:42.692372927,T,KO,I,20,72.53
2025-12-01,9:31:42.692372927,T,KO,I,18,72.53
2025-12-01,9:31:42.692375832,T,KO,I,20,72.53
2025-12-01,9:31:42.692378794,T,KO,,300,72.525
2025-12-01,9:31:42.692381843,T,KO,,100,72.52
2025-12-01,9:31:42.692381843,T,KO,I,52,72.52
2025-12-01,9:31:42.694778521,T,KO,F I,12,72.53
2025-12-01,9:31:45.961329443,T,KO,F I,50,72.55
2025-12-01,9:31:45.961329443,T,KO,F I,3,72.55
2025-12-01,9:31:47.118782985,T,KO,,100,72.54
2025-12-01,9:31:47.118782985,T,KO,,100,72.54
2025-12-01,9:31:47.118852178,T,KO,,100,72.54
2025-12-01,9:31:47.123684678,T,KO,,200,72.54
2025-12-01,9:31:47.125368683,T,KO,,100,72.54
2025-12-01,9:31:47.130962031,T,KO,I,36,72.54
2025-12-01,9:31:47.131211692,T,KO,,100,72.54
2025-12-01,9:31:47.131647709,T,KO,,100,72.54
2025-12-01,9:31:47.131674671,T,KO,F,100,72.54
2025-12-01,9:31:47.131734983,T,KO,F,100,72.54
2025-12-01,9:31:47.131734983,T,KO,F,100,72.54
2025-12-01,9:31:47.131756203,T,KO,I,1,72.54
2025-12-01,9:31:47.131758928,T,KO,,100,72.54
2025-12-01,9:31:47.131761900,T,KO,I,99,72.54
2025-12-01,9:31:47.131761900,T,KO,I,1,72.54
2025-12-01,9:31:47.153338716,T,KO,I,50,72.55
2025-12-01,9:31:47.153341326,T,KO,I,1,72.55
2025-12-01,9:31:47.153344301,T,KO,I,49,72.55
2025-12-01,9:31:47.157809922,T,KO,I,1,72.55
2025-12-01,9:31:47.190560924,T,KO,I,1,72.55
2025-12-01,9:31:47.897112629,T,KO,,100,72.54
2025-12-01,9:31:47.897114753,T,KO,,200,72.54
2025-12-01,9:31:47.897659276,T,KO,,100,72.54
2025-12-01,9:31:47.897662147,T,KO,,100,72.55
2025-12-01,9:31:47.897662147,T,KO,,100,72.55
2025-12-01,9:31:47.897668139,T,KO,,100,72.55
2025-12-01,9:31:47.897671190,T,KO,,216,72.55
2025-12-01,9:31:47.897671190,T,KO,I,86,72.55
2025-12-01,9:31:47.897674120,T,KO,,400,72.55
2025-12-01,9:31:47.897674120,T,KO,I,75,72.55
2025-12-01,9:31:49.281194265,T,KO,I,90,72.56
2025-12-01,9:31:49.281251334,T,KO,I,10,72.56
2025-12-01,9:31:53.639134480,T,KO,F,100,72.58
2025-12-01,9:31:56.705101677,T,KO,F I,15,72.58
2025-12-01,9:31:56.705107641,T,KO,F,141,72.57
2025-12-01,9:31:56.705107641,T,KO,F I,86,72.57
2025-12-01,9:31:56.705114420,T,KO,F,100,72.57
2025-12-01,9:31:56.705114420,T,KO,F,100,72.57
2025-12-01,9:31:56.705114420,T,KO,F I,50,72.57
2025-12-01,9:31:56.705116593,T,KO,F,260,72.57
2025-12-01,9:31:56.705120022,T,KO,F,100,72.57
2025-12-01,9:31:56.705120022,T,KO,F I,1,72.57
2025-12-01,9:31:56.705122885,T,KO,F I,1,72.57
2025-12-01,9:31:56.705122885,T,KO,F I,1,72.57
2025-12-01,9:31:56.705125762,T,KO,F,341,72.57
2025-12-01,9:31:56.705125762,T,KO,I,1,72.57
2025-12-01,9:31:56.705134735,T,KO,F I,58,72.57
2025-12-01,9:31:56.705167769,T,KO,F I,1,72.57
2025-12-01,9:31:56.705170789,T,KO,F I,55,72.57
2025-12-01,9:31:56.735110169,T,KO,I,50,72.56
2025-12-01,9:31:57.295584936,T,KO,F I,75,72.56
2025-12-01,9:31:57.295587945,T,KO,F,100,72.56
2025-12-01,9:31:57.295590938,T,KO,F,400,72.56
2025-12-01,9:31:57.348745558,T,KO,,100,72.565
2025-12-01,9:31:57.419783725,T,KO,F,100,72.565
2025-12-01,9:31:58.399099135,T,KO,F I,50,72.6
2025-12-01,9:32:00.055612547,T,KO,I,50,72.59
2025-12-01,9:32:04.850286618,T,KO,F I,50,72.58
2025-12-01,9:32:04.850286618,T,KO,F I,3,72.58
2025-12-01,9:32:04.850288817,T,KO,F I,40,72.58
2025-12-01,9:32:04.911971851,T,KO,I,1,72.58
2025-12-01,9:32:04.911974808,T,KO,I,75,72.58
2025-12-01,9:32:04.911977790,T,KO,,100,72.58
2025-12-01,9:32:05.745172188,T,KO,,100,72.59
2025-12-01,9:32:06.427434085,T,KO,,100,72.595
2025-12-01,9:32:09.162625397,T,KO,,100,72.59
2025-12-01,9:32:09.654407782,T,KO,I,5,72.62
2025-12-01,9:32:09.662512129,T,KO,,100,72.63
2025-12-01,9:32:11.430861659,T,KO,I,50,72.65
2025-12-01,9:32:11.430861659,T,KO,I,50,72.65
2025-12-01,9:32:11.431087493,T,KO,,100,72.66
2025-12-01,9:32:11.431093548,T,KO,,100,72.66
2025-12-01,9:32:11.431093548,T,KO,,107,72.66
2025-12-01,9:32:11.431096457,T,KO,,105,72.66
2025-12-01,9:32:11.431099228,T,KO,,227,72.66
2025-12-01,9:32:11.431108785,T,KO,I,1,72.66
2025-12-01,9:32:11.431129784,T,KO,F I,67,72.66
2025-12-01,9:32:11.431132333,T,KO,F,100,72.66
2025-12-01,9:32:11.431135309,T,KO,F,100,72.66
2025-12-01,9:32:11.431186579,T,KO,F,100,72.66
2025-12-01,9:32:11.431192388,T,KO,F I,1,72.66
2025-12-01,9:32:11.431208620,T,KO,I,1,72.66
2025-12-01,9:32:11.431208620,T,KO,F I,98,72.66
2025-12-01,9:32:11.431213858,T,KO,F,102,72.66
2025-12-01,9:32:11.431213858,T,KO,F I,5,72.66
2025-12-01,9:32:11.431216530,T,KO,F I,50,72.66
2025-12-01,9:32:11.431216530,T,KO,F,100,72.66
2025-12-01,9:32:11.431466058,T,KO,,100,72.655
2025-12-01,9:32:11.433754506,T,KO,F,100,72.65
2025-12-01,9:32:11.433757598,T,KO,F,100,72.65
2025-12-01,9:32:11.435252207,T,KO,F,100,72.64
2025-12-01,9:32:15.670169291,T,KO,,350,72.625
2025-12-01,9:32:18.241371108,T,KO,F I,50,72.62
2025-12-01,9:32:20.311254787,T,KO,F,200,72.6
2025-12-01,9:32:21.040381022,T,KO,F I,30,72.62
2025-12-01,9:32:21.040383998,T,KO,F I,2,72.62
2025-12-01,9:32:21.040386898,T,KO,F,100,72.62
2025-12-01,9:32:23.638685726,T,KO,F,200,72.665
2025-12-01,9:32:23.712923490,T,KO,,190,72.68
2025-12-01,9:32:24.054495626,T,KO,I,50,72.67
2025-12-01,9:32:24.054498055,T,KO,I,51,72.67
2025-12-01,9:32:24.682032601,T,KO,F I,75,72.665
2025-12-01,9:32:24.708639966,T,KO,F,100,72.66
2025-12-01,9:32:26.297675513,T,KO,I,90,72.7
2025-12-01,9:32:30.534499678,T,KO,,100,72.7
2025-12-01,9:32:30.534502579,T,KO,,190,72.7
2025-12-01,9:32:32.976351093,T,KO,I,50,72.69
2025-12-01,9:32:32.976573640,T,KO,,100,72.69
2025-12-01,9:32:32.976663800,T,KO,,100,72.69
2025-12-01,9:32:32.976892357,T,KO,I,50,72.69
2025-12-01,9:32:32.976895917,T,KO,I,90,72.69
2025-12-01,9:32:32.977611013,T,KO,F,400,72.69
2025-12-01,9:32:32.977635150,T,KO,I,1,72.69
2025-12-01,9:32:32.978077122,T,KO,F I,50,72.69
2025-12-01,9:32:33.013703091,T,KO,F I,49,72.69
2025-12-01,9:32:33.013703091,T,KO,F I,50,72.69
2025-12-01,9:32:33.014950974,T,KO,F,100,72.69
2025-12-01,9:32:33.014954205,T,KO,F I,2,72.69
2025-12-01,9:32:33.085396810,T,KO,F I,2,72.69
2025-12-01,9:32:33.085396810,T,KO,F I,54,72.69
2025-12-01,9:32:33.313904970,T,KO,F I,75,72.7
2025-12-01,9:32:33.313908056,T,KO,F,299,72.7
2025-12-01,9:32:33.314449369,T,KO,I,5,72.7
2025-12-01,9:32:33.314452995,T,KO,I,3,72.7
2025-12-01,9:32:33.314452995,T,KO,I,25,72.7
2025-12-01,9:32:33.314455264,T,KO,,100,72.7
2025-12-01,9:32:33.314458281,T,KO,I,10,72.7
2025-12-01,9:32:33.314536466,T,KO,,100,72.7
2025-12-01,9:32:35.282035489,T,KO,F I,52,72.7
2025-12-01,9:32:35.282053520,T,KO,F I,52,72.7
2025-12-01,9:32:35.609819083,T,KO,F I,1,72.7
2025-12-01,9:32:46.212330132,T,KO,F I,20,72.67
2025-12-01,9:32:46.212330132,T,KO,F I,75,72.67
2025-12-01,9:32:46.212348407,T,KO,I,88,72.67
2025-12-01,9:32:46.212350907,T,KO,I,1,72.67
2025-12-01,9:32:46.212374927,T,KO,F,211,72.67
2025-12-01,9:32:46.315977689,T,KO,I,30,72.655
2025-12-01,9:32:47.144511088,T,KO,F I,75,72.66
2025-12-01,9:32:49.388524510,T,KO,,100,72.66
2025-12-01,9:32:53.142578429,T,KO,F,200,72.67
2025-12-01,9:32:57.422419731,T,KO,,100,72.68
2025-12-01,9:32:57.640402827,T,KO,I,25,72.68
2025-12-01,9:33:04.196004173,T,KO,F I,1,72.69
2025-12-01,9:33:04.196070307,T,KO,I,51,72.69
2025-12-01,9:33:04.310135053,T,KO,I,20,72.7
2025-12-01,9:33:08.350089889,T,KO,F,107,72.69
2025-12-01,9:33:08.350094961,T,KO,F I,1,72.69
2025-12-01,9:33:08.350094961,T,KO,F I,1,72.69
2025-12-01,9:33:12.331496319,T,KO,I,6,72.67
2025-12-01,9:33:12.331499389,T,KO,I,44,72.67
2025-12-01,9:33:13.836836729,T,KO,,107,72.68
2025-12-01,9:33:13.857023894,T,KO,,100,72.7
2025-12-01,9:33:13.857027117,T,KO,I,50,72.7
2025-12-01,9:33:13.857027117,T,KO,I,18,72.7
2025-12-01,9:33:20.139830298,T,KO,F,190,72.73
2025-12-01,9:33:20.616158858,T,KO,,100,72.73
2025-12-01,9:33:22.988066999,T,KO,I,90,72.73
2025-12-01,9:33:22.988066999,T,KO,,100,72.74
2025-12-01,9:33:22.988069968,T,KO,I,75,72.74
2025-12-01,9:33:22.988081965,T,KO,I,1,72.74
2025-12-01,9:33:22.988103089,T,KO,I,89,72.74
2025-12-01,9:33:22.988509117,T,KO,F,100,72.73
2025-12-01,9:33:22.988509117,T,KO,F,100,72.73
2025-12-01,9:33:22.988512644,T,KO,F I,75,72.73
2025-12-01,9:33:22.988515254,T,KO,F,100,72.73
2025-12-01,9:33:22.988517983,T,KO,F,204,72.73
2025-12-01,9:33:22.994589800,T,KO,I,2,72.73
2025-12-01,9:33:22.994589800,T,KO,,100,72.73
2025-12-01,9:33:23.007514260,T,KO,I,3,72.73
2025-12-01,9:33:23.728102364,T,KO,F,100,72.73
2025-12-01,9:33:23.967893602,T,KO,F,100,72.72
2025-12-01,9:33:23.967893602,T,KO,F,400,72.72
2025-12-01,9:33:23.972199879,T,KO,,100,72.715
2025-12-01,9:33:24.384084813,T,KO,F I,2,72.72
2025-12-01,9:33:24.389651165,T,KO,I,50,72.72
2025-12-01,9:33:24.389684132,T,KO,,190,72.72
2025-12-01,9:33:24.396272854,T,KO,,200,72.715
2025-12-01,9:33:24.428786362,T,KO,,190,72.71
2025-12-01,9:33:30.269245267,T,KO,F I,3,72.72
2025-12-01,9:33:30.381172048,T,KO,,100,72.715
2025-12-01,9:33:30.444508785,T,KO,,100,72.715
2025-12-01,9:33:30.451876428,T,KO,,100,72.715
2025-12-01,9:33:30.453851958,T,KO,,100,72.715
2025-12-01,9:33:32.391541037,T,KO,I,2,72.72
2025-12-01,9:33:32.391541037,T,KO,I,8,72.72
2025-12-01,9:33:32.445889547,T,KO,F I,2,72.72
2025-12-01,9:33:42.468315630,T,KO,F I,99,72.74
2025-12-01,9:33:42.468330628,T,KO,I,1,72.74
2025-12-01,9:33:49.283257660,T,KO,F,100,72.74
2025-12-01,9:33:49.283272700,T,KO,I,1,72.74
2025-12-01,9:33:49.283296830,T,KO,I,99,72.74
2025-12-01,9:33:49.283296830,T,KO,I,1,72.74
2025-12-01,9:33:49.283309170,T,KO,I,46,72.74
2025-12-01,9:33:49.283320857,T,KO,I,53,72.74
2025-12-01,9:33:49.283633595,T,KO,I,2,72.74
2025-12-01,9:33:49.283633595,T,KO,,190,72.74
2025-12-01,9:33:49.284520703,T,KO,F I,74,72.74
2025-12-01,9:33:49.479345822,T,KO,,100,72.735
2025-12-01,9:33:50.003818898,T,KO,,100,72.735
2025-12-01,9:33:52.895274318,T,KO,F I,2,72.74
2025-12-01,9:34:00.191100686,T,KO,F,350,72.74
2025-12-01,9:34:00.191166851,T,KO,F,350,72.74
2025-12-01,9:34:00.191233011,T,KO,,100,72.74
2025-12-01,9:34:00.191404410,T,KO,,190,72.74
2025-12-01,9:34:00.203721878,T,KO,,100,72.735
2025-12-01,9:34:00.402272672,T,KO,I,10,72.74
2025-12-01,9:34:01.694104543,T,KO,F,200,72.73
2025-12-01,9:34:01.694107743,T,KO,F I,50,72.73
2025-12-01,9:34:01.694107743,T,KO,F,100,72.73
2025-12-01,9:34:01.694690892,T,KO,F I,20,72.72
2025-12-01,9:34:05.982861882,T,KO,F I,1,72.71
2025-12-01,9:34:05.984034626,T,KO,I,1,72.72
2025-12-01,9:34:07.516740075,T,KO,I,1,72.73
2025-12-01,9:34:08.923352182,T,KO,F,100,72.72
2025-12-01,9:34:08.923352182,T,KO,F I,50,72.72
2025-12-01,9:34:08.923355355,T,KO,F I,75,72.72
2025-12-01,9:34:08.937452820,T,KO,F I,1,72.7
2025-12-01,9:34:08.937471465,T,KO,F I,1,72.7
2025-12-01,9:34:08.937471465,T,KO,F I,1,72.7
2025-12-01,9:34:11.006007745,T,KO,I,75,72.68
2025-12-01,9:34:11.006007745,T,KO,,400,72.68
2025-12-01,9:34:11.006010451,T,KO,,100,72.68
2025-12-01,9:34:28.237031163,T,KO,I,75,72.68
2025-12-01,9:34:31.109370285,T,KO,F I,75,72.71
2025-12-01,9:34:31.109388404,T,KO,I,14,72.71
2025-12-01,9:34:33.123113289,T,KO,,100,72.715
2025-12-01,9:34:33.420575771,T,KO,F I,75,72.7
2025-12-01,9:34:33.420593780,T,KO,I,15,72.7
2025-12-01,9:34:33.420599839,T,KO,,100,72.7
2025-12-01,9:34:33.420599839,T,KO,,300,72.7
2025-12-01,9:34:33.420602744,T,KO,,121,72.7
2025-12-01,9:34:33.420617840,T,KO,I,1,72.7
2025-12-01,9:34:33.420810438,T,KO,F,278,72.7
2025-12-01,9:34:33.467514799,T,KO,,100,72.69
2025-12-01,9:34:33.467521249,T,KO,,100,72.7
2025-12-01,9:34:33.467521249,T,KO,I,90,72.7
2025-12-01,9:34:33.467521249,T,KO,I,75,72.7
2025-12-01,9:34:33.467526498,T,KO,,300,72.7
2025-12-01,9:34:33.467538547,T,KO,I,1,72.7
2025-12-01,9:34:37.694119975,T,KO,F,100,72.72
2025-12-01,9:34:37.694135021,T,KO,I,1,72.72
2025-12-01,9:34:37.694222154,T,KO,,100,72.72
2025-12-01,9:34:37.694363495,T,KO,F I,89,72.72
2025-12-01,9:34:45.511520441,T,KO,,140,72.72
2025-12-01,9:34:47.603545931,T,KO,F I,25,72.715
2025-12-01,9:34:47.614573271,T,KO,F I,1,72.715
2025-12-01,9:34:47.626325192,T,KO,F I,1,72.715
2025-12-01,9:34:49.005554119,T,KO,I,5,72.715
2025-12-01,9:34:49.284405497,T,KO,F,100,72.72
2025-12-01,9:34:49.284408274,T,KO,F,100,72.72
2025-12-01,9:34:52.057709800,T,KO,F I,2,72.72
2025-12-01,9:34:52.057712375,T,KO,F I,8,72.72
2025-12-01,9:34:52.057727459,T,KO,F I,42,72.72
2025-12-01,9:34:52.057730416,T,KO,F,300,72.72
2025-12-01,9:34:52.071849122,T,KO,F I,2,72.71
2025-12-01,9:34:52.071852053,T,KO,F I,30,72.71
2025-12-01,9:34:52.081526132,T,KO,F I,2,72.715
2025-12-01,9:34:52.389682067,T,KO,I,98,72.715
2025-12-01,9:34:52.412629624,T,KO,F I,10,72.71
2025-12-01,9:34:52.413086783,T,KO,I,90,72.71
2025-12-01,9:34:52.413089746,T,KO,,100,72.71
2025-12-01,9:34:52.427524195,T,KO,F I,35,72.71
2025-12-01,9:34:53.833817446,T,KO,F I,2,72.72
2025-12-01,9:34:53.833817446,T,KO,F,295,72.72
2025-12-01,9:34:53.843792395,T,KO,F,196,72.74
2025-12-01,9:34:53.843795433,T,KO,F I,75,72.74
2025-12-01,9:34:53.843795433,T,KO,F,100,72.74
2025-12-01,9:34:53.845121538,T,KO,F I,40,72.75
2025-12-01,9:34:53.846092673,T,KO,F,196,72.76
2025-12-01,9:34:53.846095783,T,KO,F,200,72.76
2025-12-01,9:34:53.846676108,T,KO,F,100,72.76
2025-12-01,9:34:53.846730821,T,KO,,100,72.76
2025-12-01,9:34:53.846745352,T,KO,F,100,72.76
2025-12-01,9:34:53.846749481,T,KO,F I,2,72.76
2025-12-01,9:34:53.846754398,T,KO,F I,2,72.76
2025-12-01,9:34:53.846758023,T,KO,F I,9,72.755
2025-12-01,9:34:53.846758023,T,KO,F I,75,72.75
2025-12-01,9:34:53.846760380,T,KO,F,100,72.75
2025-12-01,9:34:53.846763764,T,KO,F,400,72.75
2025-12-01,9:34:53.846766333,T,KO,F I,38,72.75
2025-12-01,9:34:53.846772578,T,KO,F I,62,72.75
2025-12-01,9:34:53.846778371,T,KO,F I,51,72.75
2025-12-01,9:34:53.846782578,T,KO,F I,94,72.75
2025-12-01,9:34:53.846782578,T,KO,F I,37,72.75
2025-12-01,9:34:53.851893552,T,KO,I,90,72.745
2025-12-01,9:34:53.851938611,T,KO,I,10,72.745
2025-12-01,9:34:53.851938611,T,KO,I,80,72.74
2025-12-01,9:34:53.851974705,T,KO,I,10,72.74
2025-12-01,9:34:53.857655748,T,KO,F,100,72.74
2025-12-01,9:34:53.857659442,T,KO,F,100,72.74
2025-12-01,9:34:53.857659442,T,KO,F,102,72.74
2025-12-01,9:34:53.857664506,T,KO,F,100,72.74
2025-12-01,9:34:53.857664506,T,KO,F,182,72.74
2025-12-01,9:34:53.857667340,T,KO,F,100,72.74
2025-12-01,9:34:53.857667340,T,KO,F I,90,72.74
2025-12-01,9:34:53.857670250,T,KO,F I,75,72.74
2025-12-01,9:34:53.858972388,T,KO,F I,1,72.75
2025-12-01,9:34:53.876089160,T,KO,F,100,72.76
2025-12-01,9:34:53.876092188,T,KO,F,400,72.75
2025-12-01,9:34:53.876092188,T,KO,F I,75,72.75
2025-12-01,9:34:53.876099208,T,KO,F I,25,72.75
2025-12-01,9:34:53.876104177,T,KO,F I,75,72.75
2025-12-01,9:34:53.876555337,T,KO,I,19,72.75
2025-12-01,9:34:53.876579350,T,KO,F I,11,72.75
2025-12-01,9:34:53.876591417,T,KO,F I,20,72.75
2025-12-01,9:34:55.179089568,T,KO,I,1,72.745
2025-12-01,9:35:00.384703661,T,KO,F I,2,72.73
2025-12-01,9:35:00.384721674,T,KO,I,2,72.73
2025-12-01,9:35:00.384790892,T,KO,I,98,72.73
2025-12-01,9:35:00.448813425,T,KO,,100,72.71
2025-12-01,9:35:00.448813425,T,KO,,300,72.7
2025-12-01,9:35:04.155477527,T,KO,F,100,72.72
2025-12-01,9:35:04.155480522,T,KO,F I,4,72.72
2025-12-01,9:35:15.323575334,T,KO,F I,2,72.72
2025-12-01,9:35:15.323578377,T,KO,F I,2,72.72
2025-12-01,9:35:15.323587332,T,KO,F I,2,72.72
2025-12-01,9:35:15.323626472,T,KO,I,2,72.72
2025-12-01,9:35:15.323785902,T,KO,F I,94,72.72
2025-12-01,9:35:15.323785902,T,KO,F,200,72.72
2025-12-01,9:35:16.367340260,T,KO,,100,72.73
2025-12-01,9:35:16.367343294,T,KO,,104,72.73
2025-12-01,9:35:16.367343294,T,KO,I,14,72.73
2025-12-01,9:35:16.367358357,T,KO,I,1,72.73
2025-12-01,9:35:21.337785249,T,KO,,104,72.72
2025-12-01,9:35:22.910004746,T,KO,I,2,72.71
2025-12-01,9:35:22.910004746,T,KO,I,75,72.71
2025-12-01,9:35:29.340327650,T,KO,I,1,72.71
2025-12-01,9:35:29.340327650,T,KO,I,1,72.71
2025-12-01,9:35:31.120143948,T,KO,F I,60,72.72
2025-12-01,9:35:31.120143948,T,KO,F I,2,72.72
2025-12-01,9:35:32.847048885,T,KO,F I,93,72.71
2025-12-01,9:35:32.847048885,T,KO,F I,93,72.71
2025-12-01,9:35:32.847072616,T,KO,I,1,72.71
2025-12-01,9:35:32.858665185,T,KO,I,93,72.71
2025-12-01,9:35:37.112121554,T,KO,F I,10,72.73
2025-12-01,9:35:37.363617027,T,KO,F,400,72.75
2025-12-01,9:35:37.363619866,T,KO,F I,75,72.75
2025-12-01,9:35:37.441330647,T,KO,,100,72.755
2025-12-01,9:35:40.175538666,T,KO,I,1,72.755
2025-12-01,9:35:40.176037806,T,KO,I,28,72.755
2025-12-01,9:35:40.176040932,T,KO,I,55,72.76
2025-12-01,9:35:40.176044028,T,KO,I,20,72.76
2025-12-01,9:35:41.056468766,T,KO,F I,20,72.77
2025-12-01,9:35:41.056471992,T,KO,F I,20,72.77
2025-12-01,9:35:41.056474782,T,KO,F I,75,72.77
2025-12-01,9:35:41.062943165,T,KO,,100,72.79
2025-12-01,9:35:41.064264158,T,KO,,1000,72.8
2025-12-01,9:35:41.064264158,T,KO,,700,72.8
2025-12-01,9:35:41.064267117,T,KO,I,6,72.8
2025-12-01,9:35:41.064269475,T,KO,,400,72.8
2025-12-01,9:35:41.064273420,T,KO,I,43,72.8
2025-12-01,9:35:41.064273420,T,KO,I,75,72.8
2025-12-01,9:35:41.064275653,T,KO,,100,72.8
2025-12-01,9:35:41.094762244,T,KO,,200,72.8
2025-12-01,9:35:41.094764978,T,KO,I,57,72.79
2025-12-01,9:35:41.601616123,T,KO,F I,75,72.79
2025-12-01,9:35:42.792242084,T,KO,F I,2,72.78
2025-12-01,9:35:42.792242084,T,KO,F I,47,72.78
2025-12-01,9:35:42.792245034,T,KO,F I,75,72.78
2025-12-01,9:35:42.792247865,T,KO,F,100,72.78
2025-12-01,9:35:42.792734967,T,KO,I,54,72.78
2025-12-01,9:35:45.043875710,T,KO,I,57,72.77
2025-12-01,9:35:45.043875710,T,KO,I,2,72.77
2025-12-01,9:35:45.043896513,T,KO,I,59,72.77
2025-12-01,9:35:45.043923600,T,KO,F I,41,72.77
2025-12-01,9:35:45.211503827,T,KO,F I,81,72.77
2025-12-01,9:35:45.211503827,T,KO,F I,2,72.77
2025-12-01,9:35:45.211506799,T,KO,F I,75,72.77
2025-12-01,9:35:45.211509790,T,KO,F,158,72.77
2025-12-01,9:35:46.276045101,T,KO,F I,50,72.76
2025-12-01,9:35:46.276048141,T,KO,F,100,72.76
2025-12-01,9:35:48.536685336,T,KO,,130,72.75
2025-12-01,9:35:49.670148389,T,KO,F I,81,72.75
2025-12-01,9:35:49.670148389,T,KO,F I,2,72.75
2025-12-01,9:35:49.671516593,T,KO,I,78,72.75
2025-12-01,9:35:49.671522246,T,KO,,400,72.75
2025-12-01,9:35:49.671522246,T,KO,I,75,72.75
2025-12-01,9:35:49.671537696,T,KO,I,1,72.75
2025-12-01,9:35:49.739071963,T,KO,I,69,72.75
2025-12-01,9:35:51.528704246,T,KO,I,20,72.74
2025-12-01,9:35:54.010153315,T,KO,F I,33,72.72
2025-12-01,9:35:54.010174520,T,KO,F I,46,72.72
2025-12-01,9:35:54.010174520,T,KO,F,100,72.72
2025-12-01,9:35:54.010178086,T,KO,F I,23,72.72
2025-12-01,9:35:54.010180432,T,KO,F,146,72.72
2025-12-01,9:35:54.010198388,T,KO,I,1,72.72
2025-12-01,9:35:54.346140562,T,KO,I,1,72.72
2025-12-01,9:35:54.493548598,T,KO,,100,72.71
2025-12-01,9:35:54.494640219,T,KO,,160,72.71
2025-12-01,9:35:55.683182007,T,KO,F I,1,72.72
2025-12-01,9:35:55.683386382,T,KO,F I,7,72.72
2025-12-01,9:35:55.683389454,T,KO,F I,2,72.72
2025-12-01,9:35:55.683389454,T,KO,F,100,72.72
2025-12-01,9:35:55.695971428,T,KO,F I,10,72.72
2025-12-01,9:35:56.850595372,T,KO,I,35,72.72
2025-12-01,9:36:01.661302859,T,KO,F I,10,72.69
2025-12-01,9:36:01.661305860,T,KO,F I,75,72.69
2025-12-01,9:36:04.291153328,T,KO,F I,50,72.7
2025-12-01,9:36:04.291156401,T,KO,F I,75,72.7
2025-12-01,9:36:04.291294748,T,KO,,100,72.695
2025-12-01,9:36:04.291294748,T,KO,I,76,72.69
2025-12-01,9:36:04.291300646,T,KO,,100,72.69
2025-12-01,9:36:04.291300646,T,KO,,100,72.69
2025-12-01,9:36:04.291303663,T,KO,I,91,72.69
2025-12-01,9:36:04.291303663,T,KO,,107,72.69
2025-12-01,9:36:04.291315827,T,KO,I,1,72.69
2025-12-01,9:36:04.291472106,T,KO,F,106,72.7
2025-12-01,9:36:04.291472106,T,KO,F I,19,72.7
2025-12-01,9:36:04.291854591,T,KO,F I,57,72.7
2025-12-01,9:36:04.291854591,T,KO,F,100,72.7
2025-12-01,9:36:04.291857087,T,KO,F I,1,72.7
2025-12-01,9:36:04.549405407,T,KO,F I,50,72.71
2025-12-01,9:36:04.549405407,T,KO,F I,60,72.71
2025-12-01,9:36:04.940309496,T,KO,F I,50,72.72
2025-12-01,9:36:04.940562032,T,KO,F I,50,72.72
2025-12-01,9:36:05.551051973,T,KO,F,118,72.72
2025-12-01,9:36:09.298267669,T,KO,I,78,72.71
2025-12-01,9:36:09.298270589,T,KO,I,3,72.71
2025-12-01,9:36:10.185200081,T,KO,F I,40,72.71
2025-12-01,9:36:10.185479727,T,KO,I,10,72.71
2025-12-01,9:36:13.441571699,T,KO,F I,50,72.72
2025-12-01,9:36:16.776977535,T,KO,F I,40,72.73
2025-12-01,9:36:16.776980524,T,KO,F,200,72.73
2025-12-01,9:36:16.776980524,T,KO,F I,3,72.73
2025-12-01,9:36:16.778231556,T,KO,,100,72.73
2025-12-01,9:36:16.789457193,T,KO,,100,72.73
2025-12-01,9:36:26.419121068,T,KO,F I,50,72.74
2025-12-01,9:36:26.419124315,T,KO,F I,2,72.74
2025-12-01,9:36:26.419124315,T,KO,F,100,72.74
2025-12-01,9:36:27.448322362,T,KO,F,100,72.73
2025-12-01,9:36:27.448322362,T,KO,F,100,72.73
2025-12-01,9:36:27.448325380,T,KO,F I,2,72.73
2025-12-01,9:36:27.448325380,T,KO,F I,50,72.73
2025-12-01,9:36:28.231850391,T,KO,,100,72.725
2025-12-01,9:36:31.620365784,T,KO,I,3,72.73
2025-12-01,9:36:33.582695391,T,KO,F I,60,72.74
2025-12-01,9:36:34.617727498,T,KO,F I,4,72.75
2025-12-01,9:36:40.197868610,T,KO,F I,50,72.75
2025-12-01,9:36:43.221347533,T,KO,I,52,72.74
2025-12-01,9:36:46.764307987,T,KO,F I,2,72.74
2025-12-01,9:36:46.764307987,T,KO,F,100,72.74
2025-12-01,9:36:46.764310774,T,KO,F I,98,72.74
2025-12-01,9:36:46.764326172,T,KO,I,1,72.74
2025-12-01,9:36:47.759615232,T,KO,I,2,72.74
2025-12-01,9:36:54.331789429,T,KO,F I,1,72.72
2025-12-01,9:36:54.331789429,T,KO,F,100,72.72
2025-12-01,9:36:54.331792718,T,KO,F I,50,72.72
2025-12-01,9:36:54.331792718,T,KO,F,400,72.72
2025-12-01,9:36:54.331795554,T,KO,F,100,72.72
2025-12-01,9:36:54.331795554,T,KO,F I,44,72.72
2025-12-01,9:36:59.421973297,T,KO,I,3,72.71
2025-12-01,9:36:59.421976311,T,KO,I,50,72.71
2025-12-01,9:36:59.510462313,T,KO,F I,40,72.72
2025-12-01,9:36:59.510465053,T,KO,F I,40,72.72
2025-12-01,9:37:06.591531967,T,KO,,100,72.73
2025-12-01,9:37:06.880399962,T,KO,,100,72.725
2025-12-01,9:37:07.357083576,T,KO,F I,68,72.72
2025-12-01,9:37:07.357083576,T,KO,F I,10,72.72
2025-12-01,9:37:07.357086385,T,KO,F,600,72.72
2025-12-01,9:37:07.357089924,T,KO,F I,1,72.72
2025-12-01,9:37:07.357089924,T,KO,F,100,72.72
2025-12-01,9:37:07.357093024,T,KO,F,100,72.72
2025-12-01,9:37:07.357095309,T,KO,F,300,72.72
2025-12-01,9:37:09.621383129,T,KO,F I,5,72.72
2025-12-01,9:37:13.394920527,T,KO,I,5,72.72
2025-12-01,9:37:15.165618628,T,KO,I,1,72.71
2025-12-01,9:37:15.165618628,T,KO,I,53,72.71
2025-12-01,9:37:23.399908201,T,KO,F I,8,72.74
2025-12-01,9:37:23.399914263,T,KO,F,100,72.74
2025-12-01,9:37:23.399914263,T,KO,F I,50,72.74
2025-12-01,9:37:23.399917250,T,KO,F,100,72.74
2025-12-01,9:37:23.459603398,T,KO,F I,80,72.75
2025-12-01,9:37:23.460289015,T,KO,I,30,72.75
2025-12-01,9:37:23.460292144,T,KO,I,50,72.75
2025-12-01,9:37:23.460295067,T,KO,,100,72.75
2025-12-01,9:37:23.460415869,T,KO,I,62,72.74
2025-12-01,9:37:23.460418717,T,KO,I,50,72.74
2025-12-01,9:37:23.460418717,T,KO,,400,72.74
2025-12-01,9:37:23.460421414,T,KO,,100,72.74
2025-12-01,9:37:26.175290456,T,KO,I,50,72.72
2025-12-01,9:37:26.175293348,T,KO,,100,72.72
2025-12-01,9:37:36.567245594,T,KO,I,1,72.715
2025-12-01,9:37:40.649419975,T,KO,,100,72.715
2025-12-01,9:37:41.027282127,T,KO,,100,72.72
2025-12-01,9:37:41.027285060,T,KO,I,62,72.72
2025-12-01,9:37:41.027285060,T,KO,I,2,72.72
2025-12-01,9:37:47.402919670,T,KO,,100,72.75
2025-12-01,9:37:49.095714517,T,KO,F I,50,72.76
2025-12-01,9:37:49.095717332,T,KO,F,250,72.76
2025-12-01,9:37:49.095732395,T,KO,I,1,72.76
2025-12-01,9:37:53.426208213,T,KO,I,3,72.76
2025-12-01,9:37:53.995848936,T,KO,F,100,72.76
2025-12-01,9:37:53.995852085,T,KO,F I,1,72.77
2025-12-01,9:37:53.995852085,T,KO,F I,12,72.77
2025-12-01,9:37:53.995924031,T,KO,F I,1,72.76
2025-12-01,9:37:53.995945131,T,KO,F,136,72.76
2025-12-01,9:37:53.995948147,T,KO,F,100,72.76
2025-12-01,9:37:53.995948147,T,KO,F,200,72.76
2025-12-01,9:37:53.996210244,T,KO,,100,72.76
2025-12-01,9:37:53.996210244,T,KO,,100,72.76
2025-12-01,9:37:53.996212721,T,KO,I,73,72.76
2025-12-01,9:37:53.996212721,T,KO,,100,72.76
2025-12-01,9:37:53.996216308,T,KO,,137,72.76
2025-12-01,9:37:53.996216308,T,KO,I,48,72.76
2025-12-01,9:37:54.818656561,T,KO,F,100,72.77
2025-12-01,9:37:54.818677651,T,KO,I,1,72.77
2025-12-01,9:37:54.822364562,T,KO,I,73,72.77
2025-12-01,9:37:54.822367379,T,KO,I,27,72.77
2025-12-01,9:37:54.822394538,T,KO,F I,3,72.77
2025-12-01,9:37:54.878595312,T,KO,I,52,72.765
2025-12-01,9:37:56.833684426,T,KO,F I,1,72.765
2025-12-01,9:37:56.833684426,T,KO,F,100,72.76
2025-12-01,9:37:56.833686683,T,KO,F,100,72.76
2025-12-01,9:37:56.833689853,T,KO,F I,50,72.76
2025-12-01,9:37:56.833689853,T,KO,F,500,72.76
2025-12-01,9:37:56.833692684,T,KO,F,190,72.76
2025-12-01,9:37:56.833728787,T,KO,,100,72.76
2025-12-01,9:37:56.833731955,T,KO,I,72,72.76
2025-12-01,9:37:56.833731955,T,KO,I,18,72.76
2025-12-01,9:38:00.457876549,T,KO,I,20,72.78
2025-12-01,9:38:03.606817246,T,KO,F I,48,72.79
2025-12-01,9:38:04.880642117,T,KO,F I,20,72.81
2025-12-01,9:38:05.088151696,T,KO,F I,45,72.81
2025-12-01,9:38:05.088154373,T,KO,F I,18,72.81
2025-12-01,9:38:06.196224392,T,KO,,100,72.81
2025-12-01,9:38:10.786393161,T,KO,I,55,72.82
2025-12-01,9:38:10.786395880,T,KO,I,45,72.82
2025-12-01,9:38:10.786690490,T,KO,,100,72.82
2025-12-01,9:38:10.786714510,T,KO,F I,72,72.82
2025-12-01,9:38:10.786714510,T,KO,F I,3,72.82
2025-12-01,9:38:10.933124177,T,KO,F,100,72.825
2025-12-01,9:38:14.394891229,T,KO,I,5,72.83
2025-12-01,9:38:20.260315567,T,KO,F I,6,72.85
2025-12-01,9:38:20.260315567,T,KO,F I,20,72.85
2025-12-01,9:38:20.260841856,T,KO,,100,72.85
2025-12-01,9:38:20.260845187,T,KO,I,72,72.85
2025-12-01,9:38:20.260845187,T,KO,I,72,72.85
2025-12-01,9:38:20.260848272,T,KO,I,50,72.85
2025-12-01,9:38:20.260848272,T,KO,I,98,72.85
2025-12-01,9:38:20.260860773,T,KO,I,1,72.85
2025-12-01,9:38:20.260865877,T,KO,I,1,72.85
2025-12-01,9:38:20.260865877,T,KO,I,5,72.85
2025-12-01,9:38:20.284851187,T,KO,,100,72.86
2025-12-01,9:38:20.284851187,T,KO,I,72,72.86
2025-12-01,9:38:20.284854052,T,KO,I,2,72.86
2025-12-01,9:38:20.329463799,T,KO,I,72,72.86
2025-12-01,9:38:20.329468315,T,KO,I,2,72.86
2025-12-01,9:38:20.329468315,T,KO,I,65,72.86
2025-12-01,9:38:20.329468315,T,KO,I,50,72.86
2025-12-01,9:38:20.329471290,T,KO,I,50,72.86
2025-12-01,9:38:20.329471290,T,KO,I,70,72.86
2025-12-01,9:38:20.330301291,T,KO,F I,1,72.85
2025-12-01,9:38:20.330319287,T,KO,F I,99,72.85
2025-12-01,9:38:21.230272811,T,KO,F I,72,72.85
2025-12-01,9:38:33.358599686,T,KO,F,300,72.85
2025-12-01,9:38:33.358599686,T,KO,F I,30,72.85
2025-12-01,9:38:33.358611403,T,KO,F I,4,72.85
2025-12-01,9:38:33.358614475,T,KO,F I,79,72.85
2025-12-01,9:38:33.358618274,T,KO,I,1,72.85
2025-12-01,9:38:33.358806885,T,KO,F,300,72.85
2025-12-01,9:38:34.550812754,T,KO,F I,1,72.85
2025-12-01,9:38:34.550812754,T,KO,F I,50,72.85
2025-12-01,9:38:34.551600819,T,KO,F I,88,72.85
2025-12-01,9:38:34.551603688,T,KO,F,100,72.85
2025-12-01,9:38:34.551606838,T,KO,F I,3,72.85
2025-12-01,9:38:34.551612708,T,KO,F I,4,72.85
2025-12-01,9:38:34.551898337,T,KO,,190,72.85
2025-12-01,9:38:36.491412631,T,KO,,100,72.845
2025-12-01,9:38:36.491478839,T,KO,,100,72.845
2025-12-01,9:38:36.519087882,T,KO,F I,3,72.85
2025-12-01,9:38:36.519091173,T,KO,F I,4,72.85
2025-12-01,9:38:36.519093637,T,KO,F I,88,72.85
2025-12-01,9:38:36.519093637,T,KO,F I,50,72.85
2025-12-01,9:38:36.519096615,T,KO,F I,3,72.85
2025-12-01,9:38:36.519109169,T,KO,I,1,72.85
2025-12-01,9:38:37.297618432,T,KO,I,86,72.845
2025-12-01,9:38:37.297647912,T,KO,,206,72.845
2025-12-01,9:38:37.297647912,T,KO,,544,72.84
2025-12-01,9:38:37.297665954,T,KO,I,1,72.84
2025-12-01,9:38:37.297750277,T,KO,F I,55,72.84
2025-12-01,9:38:37.297753051,T,KO,F I,50,72.84
2025-12-01,9:38:37.297756074,T,KO,F I,17,72.84
2025-12-01,9:38:37.297828518,T,KO,I,83,72.84
2025-12-01,9:38:37.298044776,T,KO,I,90,72.84
2025-12-01,9:38:37.298047864,T,KO,I,10,72.84
2025-12-01,9:38:37.298480881,T,KO,F I,90,72.84
2025-12-01,9:38:37.298793753,T,KO,I,90,72.84
2025-12-01,9:38:37.298793753,T,KO,I,50,72.84
2025-12-01,9:38:37.298797296,T,KO,I,20,72.84
2025-12-01,9:38:37.298799960,T,KO,,400,72.84
2025-12-01,9:38:37.298799960,T,KO,,100,72.84
2025-12-01,9:38:37.298833284,T,KO,I,10,72.84
2025-12-01,9:38:37.300197968,T,KO,F I,40,72.84
2025-12-01,9:38:37.300218951,T,KO,F I,60,72.84
2025-12-01,9:38:37.300221963,T,KO,F I,90,72.84
2025-12-01,9:38:38.452518511,T,KO,I,1,72.85
2025-12-01,9:38:38.587561130,T,KO,I,1,72.845
2025-12-01,9:38:39.132970035,T,KO,F I,26,72.85
2025-12-01,9:38:39.133631642,T,KO,F I,50,72.86
2025-12-01,9:38:39.133869214,T,KO,I,1,72.86
2025-12-01,9:38:39.134043634,T,KO,F,100,72.86
2025-12-01,9:38:39.134774353,T,KO,F,100,72.86
2025-12-01,9:38:39.137306373,T,KO,I,88,72.86
2025-12-01,9:38:39.137309402,T,KO,I,12,72.86
2025-12-01,9:38:39.137595162,T,KO,I,77,72.86
2025-12-01,9:38:39.137595162,T,KO,I,14,72.86
2025-12-01,9:38:39.137598046,T,KO,I,12,72.86
2025-12-01,9:38:39.138566337,T,KO,F I,54,72.86
2025-12-01,9:38:39.691827011,T,KO,F,100,72.84
2025-12-01,9:38:39.905227480,T,KO,I,3,72.81
2025-12-01,9:38:39.905248364,T,KO,I,3,72.81
2025-12-01,9:38:45.201747973,T,KO,I,1,72.81
2025-12-01,9:38:48.615890281,T,KO,,100,72.805
2025-12-01,9:38:50.611936192,T,KO,F I,3,72.81
2025-12-01,9:38:50.614330008,T,KO,F,100,72.81
2025-12-01,9:38:50.614330008,T,KO,F I,90,72.81
2025-12-01,9:38:50.614332931,T,KO,F I,10,72.81
2025-12-01,9:38:50.614354025,T,KO,I,1,72.81
2025-12-01,9:38:50.617186774,T,KO,,100,72.81
2025-12-01,9:38:51.187125090,T,KO,I,35,72.82
2025-12-01,9:38:51.187140154,T,KO,F I,15,72.82
2025-12-01,9:38:51.187140154,T,KO,F I,90,72.82
2025-12-01,9:38:51.189080419,T,KO,F I,50,72.82
2025-12-01,9:38:51.189083595,T,KO,F I,48,72.82
2025-12-01,9:38:51.189083595,T,KO,F I,2,72.82
2025-12-01,9:38:51.193413083,T,KO,I,50,72.82
2025-12-01,9:38:53.565149936,T,KO,F I,98,72.82
2025-12-01,9:38:56.121321988,T,KO,,200,72.825
2025-12-01,9:38:59.528256102,T,KO,F I,50,72.83
2025-12-01,9:38:59.528259669,T,KO,F,125,72.83
2025-12-01,9:38:59.528262179,T,KO,F I,25,72.83
2025-12-01,9:38:59.660965207,T,KO,I,3,72.835
2025-12-01,9:39:00.079926102,T,KO,F I,6,72.84
2025-12-01,9:39:00.080816229,T,KO,F I,48,72.84
2025-12-01,9:39:00.080874220,T,KO,I,20,72.85
2025-12-01,9:39:00.080876814,T,KO,,100,72.85
2025-12-01,9:39:00.080879485,T,KO,,100,72.85
2025-12-01,9:39:00.080879485,T,KO,I,50,72.85
2025-12-01,9:39:00.080882546,T,KO,,400,72.85
2025-12-01,9:39:00.080894628,T,KO,I,1,72.85
2025-12-01,9:39:00.080967861,T,KO,,150,72.84
2025-12-01,9:39:00.080969516,T,KO,I,48,72.84
2025-12-01,9:39:00.080990624,T,KO,I,1,72.84
2025-12-01,9:39:02.571741816,T,KO,F,150,72.85
2025-12-01,9:39:02.571744772,T,KO,F I,23,72.85
2025-12-01,9:39:04.631975641,T,KO,I,3,72.86
2025-12-01,9:39:06.508499189,T,KO,F I,97,72.86
2025-12-01,9:39:06.508499189,T,KO,F I,29,72.86
2025-12-01,9:39:08.989329641,T,KO,F,400,72.86
2025-12-01,9:39:08.989332771,T,KO,F,200,72.86
2025-12-01,9:39:11.387896206,T,KO,F,250,72.85
2025-12-01,9:39:11.435340255,T,KO,I,1,72.85
2025-12-01,9:39:15.005530343,T,KO,I,57,72.86
2025-12-01,9:39:15.005530343,T,KO,I,18,72.86
2025-12-01,9:39:15.093258225,T,KO,I,50,72.86
2025-12-01,9:39:15.832397636,T,KO,F I,50,72.87
2025-12-01,9:39:15.832397636,T,KO,F I,20,72.87
2025-12-01,9:39:16.694052271,T,KO,F I,5,72.88
2025-12-01,9:39:17.130793965,T,KO,F I,5,72.89
2025-12-01,9:39:17.131356311,T,KO,I,90,72.89
2025-12-01,9:39:17.131359425,T,KO,,100,72.89
2025-12-01,9:39:17.131362358,T,KO,I,17,72.89
2025-12-01,9:39:17.131362358,T,KO,I,50,72.89
2025-12-01,9:39:17.133954531,T,KO,F I,90,72.88
2025-12-01,9:39:17.133957586,T,KO,F,100,72.88
2025-12-01,9:39:17.133960541,T,KO,F I,95,72.88
2025-12-01,9:39:17.133976209,T,KO,I,1,72.88
2025-12-01,9:39:20.395697017,T,KO,F I,48,72.87
2025-12-01,9:39:20.395697017,T,KO,F I,7,72.87
2025-12-01,9:39:20.407494206,T,KO,I,9,72.87
2025-12-01,9:39:20.407752845,T,KO,F I,89,72.87
2025-12-01,9:39:20.407755774,T,KO,F,100,72.87
2025-12-01,9:39:20.407776707,T,KO,I,1,72.87
2025-12-01,9:39:20.407779712,T,KO,F I,3,72.87
2025-12-01,9:39:21.815206815,T,KO,I,88,72.86
2025-12-01,9:39:22.319926371,T,KO,,100,72.855
2025-12-01,9:39:23.540683477,T,KO,F I,69,72.85
2025-12-01,9:39:23.540686400,T,KO,F I,31,72.85
2025-12-01,9:39:23.540689343,T,KO,F I,50,72.85
2025-12-01,9:39:24.172569243,T,KO,F I,6,72.85
2025-12-01,9:39:24.172572477,T,KO,F I,1,72.85
2025-12-01,9:39:24.172572477,T,KO,F I,3,72.85
2025-12-01,9:39:24.172575634,T,KO,F I,81,72.85
2025-12-01,9:39:24.172575634,T,KO,F I,71,72.85
2025-12-01,9:39:24.227636378,T,KO,F I,3,72.86
2025-12-01,9:39:24.227813836,T,KO,I,97,72.86
2025-12-01,9:39:24.227813836,T,KO,I,29,72.86
2025-12-01,9:39:25.208094550,T,KO,I,2,72.87
2025-12-01,9:39:25.322514072,T,KO,I,7,72.87
2025-12-01,9:39:25.458464837,T,KO,I,12,72.88
2025-12-01,9:39:25.458464837,T,KO,I,75,72.88
2025-12-01,9:39:25.458467912,T,KO,,117,72.88
2025-12-01,9:39:25.458470887,T,KO,,190,72.88
2025-12-01,9:39:25.459382002,T,KO,I,89,72.88
2025-12-01,9:39:25.466770913,T,KO,,100,72.88
2025-12-01,9:39:25.466770913,T,KO,I,16,72.88
2025-12-01,9:39:25.466773606,T,KO,I,89,72.88
2025-12-01,9:39:25.466776682,T,KO,,190,72.88
2025-12-01,9:39:25.466821730,T,KO,I,89,72.88
2025-12-01,9:39:25.466821730,T,KO,I,3,72.88
2025-12-01,9:39:25.530964510,T,KO,F,100,72.87
2025-12-01,9:39:25.530970509,T,KO,F I,50,72.87
2025-12-01,9:39:25.530976520,T,KO,F,100,72.87
2025-12-01,9:39:37.007750558,T,KO,I,5,72.87
2025-12-01,9:39:39.519395492,T,KO,I,22,72.86
2025-12-01,9:39:39.519437610,T,KO,I,78,72.86
2025-12-01,9:39:39.519440633,T,KO,,600,72.86
2025-12-01,9:39:39.519440633,T,KO,I,51,72.86
2025-12-01,9:39:42.388059714,T,KO,I,84,72.86
2025-12-01,9:39:42.388062825,T,KO,I,3,72.86
2025-12-01,9:39:42.388062825,T,KO,I,12,72.86
2025-12-01,9:39:44.514577416,T,KO,I,2,72.865
2025-12-01,9:39:44.731165272,T,KO,F I,27,72.87
2025-12-01,9:39:48.598583280,T,KO,I,10,72.86
2025-12-01,9:39:48.599351017,T,KO,I,88,72.86
2025-12-01,9:39:48.599351017,T,KO,I,3,72.86
2025-12-01,9:39:50.343567241,T,KO,I,3,72.86
2025-12-01,9:39:50.344189673,T,KO,F I,3,72.86
2025-12-01,9:39:50.344189673,T,KO,F I,5,72.86
2025-12-01,9:39:50.344192759,T,KO,F I,88,72.86
2025-12-01,9:39:50.344192759,T,KO,F I,4,72.86
2025-12-01,9:39:50.344210822,T,KO,I,1,72.86
2025-12-01,9:39:50.344219923,T,KO,F I,15,72.86
2025-12-01,9:39:50.344219923,T,KO,F I,20,72.86
2025-12-01,9:39:51.015216996,T,KO,F I,5,72.87
2025-12-01,9:39:54.499690872,T,KO,F I,50,72.88
2025-12-01,9:39:57.763036476,T,KO,I,24,72.89
2025-12-01,9:39:57.763038894,T,KO,I,2,72.89
2025-12-01,9:40:00.038790066,T,KO,I,20,72.895
2025-12-01,9:40:00.252289793,T,KO,F I,10,72.9
2025-12-01,9:40:00.252292479,T,KO,F I,30,72.9
2025-12-01,9:40:00.252292479,T,KO,F I,50,72.9
2025-12-01,9:40:02.067975702,T,KO,F I,50,72.9
2025-12-01,9:40:04.250621221,T,KO,I,3,72.9
2025-12-01,9:40:04.250624736,T,KO,I,48,72.9
2025-12-01,9:40:04.250624736,T,KO,I,20,72.9
2025-12-01,9:40:04.681992601,T,KO,F,100,72.89
2025-12-01,9:40:04.681995951,T,KO,F,100,72.89
2025-12-01,9:40:04.681995951,T,KO,F I,3,72.89
2025-12-01,9:40:04.681998684,T,KO,F,203,72.89
2025-12-01,9:40:04.682013642,T,KO,I,1,72.89
2025-12-01,9:40:04.682082783,T,KO,F I,96,72.89
2025-12-01,9:40:10.816140073,T,KO,F I,2,72.86
2025-12-01,9:40:15.156455334,T,KO,I,2,72.855
2025-12-01,9:40:15.318027182,T,KO,F I,1,72.86
2025-12-01,9:40:19.790726699,T,KO,I,51,72.87
2025-12-01,9:40:19.790925550,T,KO,F I,72,72.87
2025-12-01,9:40:19.790925550,T,KO,F,100,72.87
2025-12-01,9:40:25.508897073,T,KO,F I,72,72.89
2025-12-01,9:40:25.508902967,T,KO,F I,47,72.89
2025-12-01,9:40:25.508902967,T,KO,F I,13,72.89
2025-12-01,9:40:25.508906459,T,KO,F I,50,72.89
2025-12-01,9:40:25.508906459,T,KO,F I,37,72.89
2025-12-01,9:40:25.508912087,T,KO,F I,31,72.89
2025-12-01,9:40:29.702916477,T,KO,,190,72.89
2025-12-01,9:40:33.468686306,T,KO,F,100,72.885
2025-12-01,9:40:33.468768181,T,KO,F I,10,72.885
2025-12-01,9:40:33.468770490,T,KO,F,100,72.88
2025-12-01,9:40:33.468773547,T,KO,F I,16,72.88
2025-12-01,9:40:33.468773547,T,KO,F,100,72.88
2025-12-01,9:40:33.468776484,T,KO,,100,72.88
2025-12-01,9:40:33.468791782,T,KO,I,1,72.88
2025-12-01,9:40:33.468795198,T,KO,I,51,72.88
2025-12-01,9:40:33.468821662,T,KO,I,32,72.88
2025-12-01,9:40:34.956263322,T,KO,F I,5,72.87
2025-12-01,9:40:34.956750458,T,KO,I,20,72.87
2025-12-01,9:40:36.533447565,T,KO,F I,50,72.87
2025-12-01,9:40:39.108964708,T,KO,F I,1,72.88
2025-12-01,9:40:39.109325534,T,KO,I,49,72.88
2025-12-01,9:40:40.109979770,T,KO,F I,20,72.88
2025-12-01,9:40:40.837490473,T,KO,F,113,72.88
2025-12-01,9:40:40.837505451,T,KO,I,1,72.88
2025-12-01,9:40:41.719217556,T,KO,I,1,72.86
2025-12-01,9:40:41.790839046,T,KO,F I,50,72.85
2025-12-01,9:40:41.790956310,T,KO,F I,50,72.84
2025-12-01,9:40:50.940968675,T,KO,F I,99,72.84
2025-12-01,9:40:51.081180886,T,KO,F,100,72.85
2025-12-01,9:40:56.353168810,T,KO,I,14,72.86
2025-12-01,9:41:04.335223477,T,KO,F I,7,72.865
2025-12-01,9:41:04.335223477,T,KO,F I,43,72.865
2025-12-01,9:41:04.388724049,T,KO,F I,61,72.87
2025-12-01,9:41:04.388766009,T,KO,I,25,72.87
2025-12-01,9:41:04.388787256,T,KO,I,31,72.87
2025-12-01,9:41:04.388790290,T,KO,I,83,72.87
2025-12-01,9:41:04.388790290,T,KO,I,70,72.87
2025-12-01,9:41:04.388811136,T,KO,I,1,72.87
2025-12-01,9:41:04.389090802,T,KO,I,46,72.87
2025-12-01,9:41:04.389842706,T,KO,,100,72.87
2025-12-01,9:41:04.389845619,T,KO,I,71,72.87
2025-12-01,9:41:04.389851661,T,KO,I,4,72.87
2025-12-01,9:41:04.389851661,T,KO,I,75,72.87
2025-12-01,9:41:04.389867063,T,KO,I,1,72.87
2025-12-01,9:41:04.389906340,T,KO,F I,24,72.87
2025-12-01,9:41:04.389908757,T,KO,F,100,72.87
2025-12-01,9:41:06.814583576,T,KO,F I,50,72.86
2025-12-01,9:41:06.824609597,T,KO,F,100,72.85
2025-12-01,9:41:06.824612415,T,KO,F I,40,72.85
2025-12-01,9:41:07.676153532,T,KO,F I,24,72.83
2025-12-01,9:41:07.676162627,T,KO,F I,47,72.83
2025-12-01,9:41:07.676162627,T,KO,F I,10,72.83
2025-12-01,9:41:13.760003371,T,KO,I,11,72.85
2025-12-01,9:41:13.760003371,T,KO,I,50,72.85
2025-12-01,9:41:13.763906740,T,KO,,700,72.84
2025-12-01,9:41:13.767061103,T,KO,I,1,72.83
2025-12-01,9:41:13.768216060,T,KO,F I,75,72.83
2025-12-01,9:41:16.371173299,T,KO,,200,72.84
2025-12-01,9:41:16.371176312,T,KO,I,75,72.84
2025-12-01,9:41:16.379839981,T,KO,F I,75,72.84
2025-12-01,9:41:16.379839981,T,KO,F I,50,72.84
2025-12-01,9:41:18.613575212,T,KO,F I,75,72.85
2025-12-01,9:41:18.613577992,T,KO,F I,38,72.85
2025-12-01,9:41:18.613581108,T,KO,F I,51,72.85
2025-12-01,9:41:18.613581108,T,KO,F,100,72.85
2025-12-01,9:41:18.668783517,T,KO,,100,72.845
2025-12-01,9:41:18.682787787,T,KO,I,10,72.845
2025-12-01,9:41:21.232007318,T,KO,F,100,72.84
2025-12-01,9:41:21.232010320,T,KO,F,100,72.84
2025-12-01,9:41:21.232753157,T,KO,I,94,72.84
2025-12-01,9:41:21.232774036,T,KO,I,1,72.84
2025-12-01,9:41:30.497455690,T,KO,I,1,72.84
2025-12-01,9:41:31.299092958,T,KO,F,200,72.845
2025-12-01,9:41:31.299097160,T,KO,F,100,72.83
2025-12-01,9:41:31.299097160,T,KO,F I,50,72.83
2025-12-01,9:41:31.299098984,T,KO,F,700,72.83
2025-12-01,9:41:31.299102017,T,KO,F I,20,72.83
2025-12-01,9:41:31.299102017,T,KO,F,400,72.83
2025-12-01,9:41:31.299104991,T,KO,F,100,72.83
2025-12-01,9:41:31.299104991,T,KO,F,100,72.83
2025-12-01,9:41:31.299703309,T,KO,,100,72.84
2025-12-01,9:41:31.299703309,T,KO,I,83,72.84
2025-12-01,9:41:31.299707146,T,KO,I,66,72.84
2025-12-01,9:41:31.299724409,T,KO,I,1,72.84
2025-12-01,9:41:31.299727442,T,KO,I,33,72.84
2025-12-01,9:41:31.299727442,T,KO,I,54,72.84
2025-12-01,9:41:31.304031035,T,KO,F,100,72.83
2025-12-01,9:41:31.304033763,T,KO,F,100,72.83
2025-12-01,9:41:31.304038608,T,KO,F,200,72.83
2025-12-01,9:41:31.304038608,T,KO,F,200,72.83
2025-12-01,9:41:31.304042957,T,KO,F,100,72.83
2025-12-01,9:41:31.304042957,T,KO,F,198,72.83
2025-12-01,9:41:31.304045818,T,KO,F,100,72.83
2025-12-01,9:41:31.304049274,T,KO,F,100,72.83
2025-12-01,9:41:31.304049274,T,KO,F,100,72.83
2025-12-01,9:41:31.304051837,T,KO,F,100,72.83
2025-12-01,9:41:31.304057919,T,KO,F,100,72.83
2025-12-01,9:41:31.304057919,T,KO,F,200,72.83
2025-12-01,9:41:31.304057919,T,KO,F I,40,72.83
2025-12-01,9:41:31.304064905,T,KO,F,200,72.83
2025-12-01,9:41:31.304064905,T,KO,F,100,72.83
2025-12-01,9:41:31.304064905,T,KO,F I,85,72.83
2025-12-01,9:41:31.304070057,T,KO,F,200,72.83
2025-12-01,9:41:31.304070057,T,KO,F I,66,72.83
2025-12-01,9:41:31.304075759,T,KO,F I,3,72.83
2025-12-01,9:41:31.304079280,T,KO,F,400,72.83
2025-12-01,9:41:31.304079280,T,KO,F I,1,72.83
2025-12-01,9:41:31.304079280,T,KO,F I,33,72.83
2025-12-01,9:41:31.304082180,T,KO,F,100,72.83
2025-12-01,9:41:31.304082180,T,KO,F,100,72.83
2025-12-01,9:41:31.304097158,T,KO,F,100,72.83
2025-12-01,9:41:31.304111914,T,KO,F I,3,72.83
2025-12-01,9:41:31.304111914,T,KO,F,100,72.83
2025-12-01,9:41:31.304159943,T,KO,F I,77,72.83
2025-12-01,9:41:31.345054369,T,KO,I,19,72.82
2025-12-01,9:41:31.345054369,T,KO,I,50,72.82
2025-12-01,9:41:31.345057901,T,KO,,400,72.82
2025-12-01,9:41:31.345075458,T,KO,I,1,72.82
2025-12-01,9:41:32.059026852,T,KO,F,100,72.82
2025-12-01,9:41:32.059062912,T,KO,I,89,72.83
2025-12-01,9:41:33.751283233,T,KO,I,1,72.825
2025-12-01,9:41:35.815251914,T,KO,F I,50,72.83
2025-12-01,9:41:38.506382333,T,KO,F I,3,72.83
2025-12-01,9:41:38.506385414,T,KO,F,100,72.83
2025-12-01,9:41:53.867393048,T,KO,I,2,72.825
2025-12-01,9:41:56.378298250,T,KO,F,417,72.82
2025-12-01,9:41:56.378338008,T,KO,I,1,72.82
2025-12-01,9:41:56.378340387,T,KO,F,282,72.82
2025-12-01,9:41:56.378343766,T,KO,F,100,72.82
2025-12-01,9:41:56.378343766,T,KO,F I,1,72.82
2025-12-01,9:41:56.378346371,T,KO,F,101,72.82
2025-12-01,9:41:56.378349928,T,KO,,198,72.82
2025-12-01,9:41:57.895673170,T,KO,F I,5,72.82
2025-12-01,9:41:57.895673170,T,KO,F I,50,72.82
2025-12-01,9:41:57.895676745,T,KO,F,100,72.82
2025-12-01,9:42:09.723936231,T,KO,F I,5,72.84
2025-12-01,9:42:11.675647619,T,KO,F I,1,72.84
2025-12-01,9:42:11.675665766,T,KO,F,299,72.84
2025-12-01,9:42:11.675669216,T,KO,F I,2,72.84
2025-12-01,9:42:11.675671750,T,KO,F I,50,72.84
2025-12-01,9:42:15.049157381,T,KO,F I,50,72.83
2025-12-01,9:42:15.049157381,T,KO,F I,66,72.83
2025-12-01,9:42:15.049175435,T,KO,I,1,72.83
2025-12-01,9:42:15.049184457,T,KO,I,33,72.83
2025-12-01,9:42:16.545361895,T,KO,,100,72.835
2025-12-01,9:42:25.041413283,T,KO,F I,1,72.86
2025-12-01,9:42:25.041431042,T,KO,F,299,72.86
2025-12-01,9:42:33.449964477,T,KO,F,100,72.85
2025-12-01,9:42:33.449967463,T,KO,F,100,72.85
2025-12-01,9:42:37.601444948,T,KO,F I,1,72.85
2025-12-01,9:42:40.024970936,T,KO,,100,72.855
2025-12-01,9:42:42.654896564,T,KO,,100,72.855
2025-12-01,9:42:43.344162190,T,KO,,100,72.86
2025-12-01,9:42:43.345028297,T,KO,F I,37,72.86
2025-12-01,9:42:44.790802995,T,KO,F,100,72.85
2025-12-01,9:42:44.790802995,T,KO,F,300,72.85
2025-12-01,9:42:50.003988806,T,KO,F,100,72.83
2025-12-01,9:42:50.003991727,T,KO,F I,50,72.83
2025-12-01,9:42:51.730076032,T,KO,F I,50,72.82
2025-12-01,9:42:51.730078698,T,KO,F,100,72.82
2025-12-01,9:42:56.496623030,T,KO,F,100,72.8
2025-12-01,9:43:01.570178242,T,KO,F,155,72.785
2025-12-01,9:43:01.570181137,T,KO,F I,20,72.785
2025-12-01,9:43:01.570184088,T,KO,F I,25,72.785
2025-12-01,9:43:01.570186513,T,KO,F,130,72.79
2025-12-01,9:43:01.570198595,T,KO,I,25,72.79
2025-12-01,9:43:01.570981218,T,KO,I,25,72.79
2025-12-01,9:43:01.570981218,T,KO,I,24,72.79
2025-12-01,9:43:01.570986840,T,KO,I,34,72.79
2025-12-01,9:43:01.570986840,T,KO,I,29,72.79
2025-12-01,9:43:01.592812432,T,KO,F I,87,72.79
2025-12-01,9:43:01.592812432,T,KO,F I,68,72.79
2025-12-01,9:43:01.592833387,T,KO,F I,32,72.79
2025-12-01,9:43:01.592836697,T,KO,F I,2,72.79
2025-12-01,9:43:03.923104550,T,KO,F,100,72.78
2025-12-01,9:43:03.923122469,T,KO,F,100,72.78
2025-12-01,9:43:03.923797074,T,KO,,100,72.78
2025-12-01,9:43:03.923797074,T,KO,I,85,72.78
2025-12-01,9:43:03.923797074,T,KO,I,87,72.78
2025-12-01,9:43:03.923799737,T,KO,I,59,72.78
2025-12-01,9:43:03.923802178,T,KO,I,7,72.78
2025-12-01,9:43:03.923814149,T,KO,I,1,72.78
2025-12-01,9:43:05.351716965,T,KO,I,2,72.77
2025-12-01,9:43:05.351731859,T,KO,F I,83,72.77
2025-12-01,9:43:05.351731859,T,KO,F,100,72.77
2025-12-01,9:43:05.353617388,T,KO,,100,72.76
2025-12-01,9:43:07.905434919,T,KO,F I,50,72.745
2025-12-01,9:43:07.905447414,T,KO,F I,50,72.745
2025-12-01,9:43:07.905462060,T,KO,F I,1,72.745
2025-12-01,9:43:07.906261971,T,KO,,100,72.75
2025-12-01,9:43:07.911356061,T,KO,,100,72.745
2025-12-01,9:43:08.085600083,T,KO,F I,2,72.74
2025-12-01,9:43:08.085615901,T,KO,F,200,72.74
2025-12-01,9:43:12.656143663,T,KO,F I,1,72.73
2025-12-01,9:43:12.656146595,T,KO,F I,8,72.73
2025-12-01,9:43:13.696348110,T,KO,F I,1,72.72
2025-12-01,9:43:13.696351080,T,KO,F,100,72.72
2025-12-01,9:43:24.069069596,T,KO,,180,72.72
2025-12-01,9:43:24.077937714,T,KO,I,10,72.73
2025-12-01,9:43:24.078295538,T,KO,I,40,72.73
2025-12-01,9:43:24.159161602,T,KO,F,100,72.72
2025-12-01,9:43:24.159161602,T,KO,F,400,72.72
2025-12-01,9:43:24.159164166,T,KO,F I,50,72.72
2025-12-01,9:43:26.345380021,T,KO,F,150,72.725
2025-12-01,9:43:26.345416064,T,KO,,150,72.725
2025-12-01,9:43:26.345758887,T,KO,,100,72.73
2025-12-01,9:43:30.413937912,T,KO,I,60,72.725
2025-12-01,9:43:31.729965308,T,KO,F I,10,72.72
2025-12-01,9:43:31.729968374,T,KO,F,400,72.72
2025-12-01,9:43:34.727237402,T,KO,F,100,72.71
2025-12-01,9:43:34.727237402,T,KO,F I,91,72.71
2025-12-01,9:43:34.727239768,T,KO,F,191,72.71
2025-12-01,9:43:34.727251867,T,KO,I,1,72.71
2025-12-01,9:43:34.727402171,T,KO,,191,72.71
2025-12-01,9:43:34.727955810,T,KO,I,17,72.71
2025-12-01,9:43:34.727955810,T,KO,I,95,72.71
2025-12-01,9:43:34.727961540,T,KO,I,5,72.71
2025-12-01,9:43:34.727961540,T,KO,I,50,72.71
2025-12-01,9:43:34.727964598,T,KO,I,5,72.71
2025-12-01,9:43:34.727985639,T,KO,I,1,72.71
2025-12-01,9:43:34.729071236,T,KO,F,100,72.71
2025-12-01,9:43:34.729071236,T,KO,F I,94,72.71
2025-12-01,9:43:34.729290682,T,KO,F,100,72.7
2025-12-01,9:43:34.729290682,T,KO,F I,1,72.7
2025-12-01,9:43:34.749414614,T,KO,,100,72.695
2025-12-01,9:43:35.499397868,T,KO,,100,72.695
2025-12-01,9:43:35.868659395,T,KO,F,435,72.7
2025-12-01,9:43:35.868662386,T,KO,F,100,72.7
2025-12-01,9:43:37.590518280,T,KO,F,100,72.7
2025-12-01,9:43:37.590527221,T,KO,F,100,72.7
2025-12-01,9:43:37.590527221,T,KO,F I,62,72.7
2025-12-01,9:43:37.590530463,T,KO,F I,50,72.7
2025-12-01,9:43:37.590542297,T,KO,F,190,72.7
2025-12-01,9:43:38.942562578,T,KO,I,29,72.685
2025-12-01,9:43:39.341636893,T,KO,F,378,72.68
2025-12-01,9:43:40.003137402,T,KO,,100,72.685
2025-12-01,9:43:40.348609165,T,KO,,100,72.685
2025-12-01,9:43:40.677502647,T,KO,I,47,72.69
2025-12-01,9:43:40.677502647,T,KO,I,50,72.69
2025-12-01,9:43:40.678291971,T,KO,,100,72.69
2025-12-01,9:43:40.678296674,T,KO,I,96,72.69
2025-12-01,9:43:40.678296674,T,KO,I,5,72.69
2025-12-01,9:43:40.678296674,T,KO,,100,72.69
2025-12-01,9:43:40.678594115,T,KO,I,88,72.69
2025-12-01,9:43:41.071230202,T,KO,F I,82,72.68
2025-12-01,9:43:41.071251264,T,KO,F I,18,72.68
2025-12-01,9:43:41.071254403,T,KO,F I,50,72.68
2025-12-01,9:43:41.071254403,T,KO,F I,46,72.68
2025-12-01,9:43:42.824357539,T,KO,F,100,72.67
2025-12-01,9:43:42.824360602,T,KO,F,261,72.67
2025-12-01,9:43:42.827295599,T,KO,,25000,72.66
2025-12-01,9:43:42.827815860,T,KO,,100,72.66
2025-12-01,9:43:42.827815860,T,KO,I,95,72.66
2025-12-01,9:43:42.827818877,T,KO,I,94,72.66
2025-12-01,9:43:42.827833866,T,KO,I,1,72.66
2025-12-01,9:43:42.828077472,T,KO,F,100,72.65
2025-12-01,9:43:42.828084661,T,KO,F I,92,72.65
2025-12-01,9:43:42.828084661,T,KO,F I,26,72.65
2025-12-01,9:43:42.828086474,T,KO,F,100,72.65
2025-12-01,9:43:42.844054539,T,KO,,200,72.645
2025-12-01,9:43:42.844054539,T,KO,I,50,72.65
2025-12-01,9:43:42.844057538,T,KO,I,17,72.65
2025-12-01,9:43:42.844060715,T,KO,I,12,72.65
2025-12-01,9:43:42.844060715,T,KO,I,95,72.65
2025-12-01,9:43:42.844108991,T,KO,F I,5,72.65
2025-12-01,9:43:42.844111953,T,KO,F I,95,72.65
2025-12-01,9:43:42.844111953,T,KO,F I,95,72.65
2025-12-01,9:43:42.845023086,T,KO,F,100,72.65
2025-12-01,9:43:42.845026068,T,KO,F,100,72.65
2025-12-01,9:43:42.845029110,T,KO,F I,95,72.65
2025-12-01,9:43:42.845029110,T,KO,F I,22,72.65
2025-12-01,9:43:42.845031806,T,KO,F,118,72.65
2025-12-01,9:43:42.845064952,T,KO,F I,51,72.65
2025-12-01,9:43:47.028595768,T,KO,F,100,72.64
2025-12-01,9:43:47.028598695,T,KO,F,375,72.64
2025-12-01,9:43:47.028616817,T,KO,I,1,72.64
2025-12-01,9:43:47.129125235,T,KO,F I,94,72.64
2025-12-01,9:43:47.129128814,T,KO,F I,30,72.64
2025-12-01,9:43:47.129131278,T,KO,F,137,72.64
2025-12-01,9:43:47.129131278,T,KO,F I,50,72.64
2025-12-01,9:43:50.153945370,T,KO,F,100,72.64
2025-12-01,9:43:50.153948277,T,KO,F I,94,72.64
2025-12-01,9:43:50.153954640,T,KO,F,100,72.64
2025-12-01,9:43:50.153966382,T,KO,I,1,72.64
2025-12-01,9:43:51.022043838,T,KO,I,2,72.64
2025-12-01,9:43:51.030049153,T,KO,I,90,72.64
2025-12-01,9:43:51.030049153,T,KO,I,10,72.64
2025-12-01,9:43:51.030773653,T,KO,I,90,72.64
2025-12-01,9:43:54.941185053,T,KO,F I,44,72.63
2025-12-01,9:43:54.941185053,T,KO,F I,98,72.63
2025-12-01,9:43:54.941227306,T,KO,F I,88,72.63
2025-12-01,9:43:54.941230109,T,KO,F,100,72.63
2025-12-01,9:43:54.941239488,T,KO,I,90,72.63
2025-12-01,9:43:54.941239488,T,KO,I,7,72.63
2025-12-01,9:43:54.942814823,T,KO,F,100,72.63
2025-12-01,9:43:54.942820868,T,KO,F I,87,72.63
2025-12-01,9:43:54.942820868,T,KO,F I,7,72.63
2025-12-01,9:43:54.942820868,T,KO,F I,24,72.63
2025-12-01,9:43:54.942835925,T,KO,I,1,72.63
2025-12-01,9:43:54.942893073,T,KO,F,100,72.63
2025-12-01,9:43:56.839116225,T,KO,F I,31,72.62
2025-12-01,9:43:56.839119216,T,KO,F,323,72.62
2025-12-01,9:43:57.358462154,T,KO,,200,72.615
2025-12-01,9:43:58.386039598,T,KO,F I,20,72.61
2025-12-01,9:43:58.386042454,T,KO,F,156,72.61
2025-12-01,9:43:58.386057503,T,KO,I,1,72.61
2025-12-01,9:43:58.386154303,T,KO,F I,1,72.62
2025-12-01,9:43:58.386171814,T,KO,F I,23,72.62
2025-12-01,9:43:58.386171814,T,KO,F I,15,72.62
2025-12-01,9:43:58.386175286,T,KO,F I,50,72.62
2025-12-01,9:43:58.386175286,T,KO,F,400,72.62
2025-12-01,9:43:58.386180877,T,KO,F,100,72.62
2025-12-01,9:43:58.399319505,T,KO,F,100,72.62
2025-12-01,9:43:58.399323128,T,KO,F,100,72.62
2025-12-01,9:43:58.399323128,T,KO,F I,85,72.62
2025-12-01,9:43:58.399325090,T,KO,F,100,72.62
2025-12-01,9:44:00.422351375,T,KO,F I,50,72.62
2025-12-01,9:44:00.422354352,T,KO,F I,7,72.62
2025-12-01,9:44:00.422357376,T,KO,F,100,72.62
2025-12-01,9:44:00.422363321,T,KO,F I,4,72.62
2025-12-01,9:44:00.422363321,T,KO,F,400,72.62
2025-12-01,9:44:00.422363321,T,KO,F,190,72.62
2025-12-01,9:44:00.422399400,T,KO,I,4,72.62
2025-12-01,9:44:00.422399400,T,KO,I,77,72.62
2025-12-01,9:44:00.422691264,T,KO,,100,72.62
2025-12-01,9:44:00.422694238,T,KO,,100,72.62
2025-12-01,9:44:00.422697545,T,KO,I,83,72.62
2025-12-01,9:44:00.422697545,T,KO,,100,72.62
2025-12-01,9:44:00.422700471,T,KO,I,17,72.62
2025-12-01,9:44:00.422721220,T,KO,I,83,72.62
2025-12-01,9:44:00.422818834,T,KO,F I,27,72.61
2025-12-01,9:44:00.422823482,T,KO,F I,90,72.61
2025-12-01,9:44:00.423000826,T,KO,,100,72.61
2025-12-01,9:44:00.423458006,T,KO,,100,72.6
2025-12-01,9:44:00.423725557,T,KO,I,50,72.6
2025-12-01,9:44:00.423912850,T,KO,F I,50,72.6
2025-12-01,9:44:00.423914996,T,KO,F,100,72.6
2025-12-01,9:44:00.424432264,T,KO,F I,2,72.6
2025-12-01,9:44:00.427466539,T,KO,,400,72.58
2025-12-01,9:44:00.427469603,T,KO,,300,72.58
2025-12-01,9:44:00.427475523,T,KO,,190,72.58
2025-12-01,9:44:00.427514600,T,KO,,100,72.58
2025-12-01,9:44:00.427518007,T,KO,I,83,72.58
2025-12-01,9:44:00.427518007,T,KO,I,7,72.58
2025-12-01,9:44:00.428101024,T,KO,,100,72.58
2025-12-01,9:44:00.428107088,T,KO,I,19,72.58
2025-12-01,9:44:00.428107088,T,KO,I,83,72.58
2025-12-01,9:44:00.428107088,T,KO,,100,72.58
2025-12-01,9:44:00.432007291,T,KO,F I,83,72.58
2025-12-01,9:44:00.432016296,T,KO,F,317,72.58
2025-12-01,9:44:00.432016296,T,KO,F,100,72.58
2025-12-01,9:44:00.432022561,T,KO,F I,83,72.58
2025-12-01,9:44:00.432022561,T,KO,F I,68,72.58
2025-12-01,9:44:00.432025574,T,KO,F,116,72.58
2025-12-01,9:44:00.432025574,T,KO,F,100,72.58
2025-12-01,9:44:00.432028342,T,KO,F I,17,72.58
2025-12-01,9:44:00.432870844,T,KO,F I,60,72.59
2025-12-01,9:44:00.456771288,T,KO,F I,81,72.6
2025-12-01,9:44:00.491434910,T,KO,,100,72.605
2025-12-01,9:44:00.491434910,T,KO,I,83,72.61
2025-12-01,9:44:00.491437845,T,KO,I,73,72.61
2025-12-01,9:44:00.491452936,T,KO,I,1,72.61
2025-12-01,9:44:00.491476923,T,KO,I,26,72.61
2025-12-01,9:44:00.492782025,T,KO,F I,83,72.61
2025-12-01,9:44:00.492788085,T,KO,F,100,72.61
2025-12-01,9:44:00.492791146,T,KO,F,104,72.61
2025-12-01,9:44:00.492977581,T,KO,F,100,72.61
2025-12-01,9:44:00.492998585,T,KO,F,100,72.61
2025-12-01,9:44:00.493002162,T,KO,F I,4,72.61
2025-12-01,9:44:00.493034747,T,KO,F I,56,72.61
2025-12-01,9:44:00.533523206,T,KO,F,100,72.6
2025-12-01,9:44:00.533523206,T,KO,F I,83,72.6
2025-12-01,9:44:00.533526169,T,KO,F,100,72.6
2025-12-01,9:44:00.533529102,T,KO,F I,50,72.6
2025-12-01,9:44:00.558861621,T,KO,F,100,72.595
2025-12-01,9:44:00.558861621,T,KO,F,100,72.6
2025-12-01,9:44:00.558867502,T,KO,F I,83,72.6
2025-12-01,9:44:00.558867502,T,KO,F I,7,72.6
2025-12-01,9:44:00.558867502,T,KO,F I,81,72.6
2025-12-01,9:44:00.559411728,T,KO,F,100,72.6
2025-12-01,9:44:00.559414748,T,KO,F I,7,72.6
2025-12-01,9:44:00.559435845,T,KO,I,1,72.6
2025-12-01,9:44:00.559435845,T,KO,I,6,72.6
2025-12-01,9:44:00.559454275,T,KO,F I,97,72.6
2025-12-01,9:44:02.076444843,T,KO,F I,5,72.6
2025-12-01,9:44:02.076446828,T,KO,F I,77,72.6
2025-12-01,9:44:02.076454456,T,KO,F,100,72.6
2025-12-01,9:44:02.076454456,T,KO,F I,50,72.6
2025-12-01,9:44:02.076454456,T,KO,F I,71,72.6
2025-12-01,9:44:02.076459185,T,KO,F,100,72.6
2025-12-01,9:44:02.076459185,T,KO,F,100,72.6
2025-12-01,9:44:02.076459185,T,KO,F I,50,72.59
2025-12-01,9:44:02.076465298,T,KO,F,100,72.59
2025-12-01,9:44:02.076465298,T,KO,F,400,72.59
2025-12-01,9:44:02.076471622,T,KO,F,100,72.59
2025-12-01,9:44:02.076471622,T,KO,F,100,72.58
2025-12-01,9:44:02.076474018,T,KO,F,100,72.58
2025-12-01,9:44:02.076477428,T,KO,F I,50,72.58
2025-12-01,9:44:02.076477428,T,KO,F I,22,72.58
2025-12-01,9:44:02.077294879,T,KO,F,100,72.6
2025-12-01,9:44:02.077300915,T,KO,F I,84,72.6
2025-12-01,9:44:02.077305131,T,KO,F,100,72.6
2025-12-01,9:44:02.077305131,T,KO,F I,53,72.6
2025-12-01,9:44:02.077306968,T,KO,F I,50,72.6
2025-12-01,9:44:02.077309890,T,KO,F,100,72.6
2025-12-01,9:44:02.078227281,T,KO,F I,26,72.61
2025-12-01,9:44:02.078230920,T,KO,F,100,72.61
2025-12-01,9:44:02.078230920,T,KO,F,100,72.61
2025-12-01,9:44:02.078555453,T,KO,,100,72.61
2025-12-01,9:44:02.078555453,T,KO,I,84,72.61
2025-12-01,9:44:02.078557922,T,KO,I,33,72.61
2025-12-01,9:44:02.078880237,T,KO,I,67,72.61
2025-12-01,9:44:02.078880237,T,KO,,100,72.61
2025-12-01,9:44:02.078882596,T,KO,,100,72.61
2025-12-01,9:44:02.078892502,T,KO,,945,72.61
2025-12-01,9:44:02.078892502,T,KO,,104,72.61
2025-12-01,9:44:02.078897929,T,KO,,100,72.61
2025-12-01,9:44:02.078897929,T,KO,,100,72.61
2025-12-01,9:44:02.080049431,T,KO,,100,72.6
2025-12-01,9:44:02.080052459,T,KO,I,84,72.6
2025-12-01,9:44:02.080055729,T,KO,,100,72.6
2025-12-01,9:44:02.080055729,T,KO,,100,72.6
2025-12-01,9:44:02.080059059,T,KO,,100,72.6
2025-12-01,9:44:02.080059059,T,KO,,100,72.6
2025-12-01,9:44:02.080599798,T,KO,F,100,72.6
2025-12-01,9:44:02.310564259,T,KO,F,105,72.6
2025-12-01,9:44:02.310566602,T,KO,F I,8,72.6
2025-12-01,9:44:02.310569479,T,KO,F I,50,72.6
2025-12-01,9:44:02.310569479,T,KO,F I,23,72.6
2025-12-01,9:44:07.017941936,T,KO,F I,8,72.6
2025-12-01,9:44:07.017941936,T,KO,F I,26,72.6
2025-12-01,9:44:07.019589773,T,KO,I,12,72.6
2025-12-01,9:44:07.019608677,T,KO,I,68,72.6
2025-12-01,9:44:07.019610865,T,KO,I,16,72.6
2025-12-01,9:44:07.019628940,T,KO,I,1,72.6
2025-12-01,9:44:07.094979405,T,KO,,100,72.595
2025-12-01,9:44:10.483404440,T,KO,I,50,72.6
2025-12-01,9:44:10.483407462,T,KO,I,18,72.6
2025-12-01,9:44:10.483455812,T,KO,I,80,72.6
2025-12-01,9:44:10.483458798,T,KO,,100,72.6
2025-12-01,9:44:10.483458798,T,KO,I,10,72.6
2025-12-01,9:44:10.483488733,T,KO,F I,8,72.6
2025-12-01,9:44:10.483584869,T,KO,F,100,72.59
2025-12-01,9:44:10.483588264,T,KO,F,100,72.59
2025-12-01,9:44:10.483591101,T,KO,F I,2,72.59
2025-12-01,9:44:10.483591101,T,KO,F I,4,72.59
2025-12-01,9:44:10.483593942,T,KO,F I,2,72.59
2025-12-01,9:44:14.006623210,T,KO,F,100,72.58
2025-12-01,9:44:14.006623210,T,KO,F I,97,72.58
2025-12-01,9:44:14.274596945,T,KO,F I,72,72.57
2025-12-01,9:44:14.274600379,T,KO,F I,8,72.57
2025-12-01,9:44:14.274600379,T,KO,F,100,72.57
2025-12-01,9:44:14.274603059,T,KO,F,100,72.57
2025-12-01,9:44:14.274606049,T,KO,F,100,72.57
2025-12-01,9:44:14.274606049,T,KO,F I,50,72.57
2025-12-01,9:44:14.274608947,T,KO,F I,16,72.57
2025-12-01,9:44:15.230065512,T,KO,F I,33,72.57
2025-12-01,9:44:15.240512346,T,KO,I,64,72.56
2025-12-01,9:44:22.285917268,T,KO,I,44,72.55
2025-12-01,9:44:22.285929298,T,KO,I,28,72.55
2025-12-01,9:44:22.285929298,T,KO,I,44,72.55
2025-12-01,9:44:22.285939092,T,KO,I,1,72.55
2025-12-01,9:44:22.285939092,T,KO,F I,28,72.55
2025-12-01,9:44:22.285941489,T,KO,F I,72,72.55
2025-12-01,9:44:22.285950428,T,KO,I,25,72.55
2025-12-01,9:44:22.285959357,T,KO,I,30,72.55
2025-12-01,9:44:22.286311186,T,KO,I,79,72.55
2025-12-01,9:44:22.286311186,T,KO,I,71,72.55
2025-12-01,9:44:23.320919348,T,KO,F,273,72.56
2025-12-01,9:44:23.320919348,T,KO,F,190,72.56
2025-12-01,9:44:23.321205474,T,KO,,100,72.56
2025-12-01,9:44:23.321208018,T,KO,,100,72.56
2025-12-01,9:44:23.321211072,T,KO,I,79,72.56
2025-12-01,9:44:23.321211072,T,KO,I,21,72.56
2025-12-01,9:44:23.321241240,T,KO,F I,79,72.56
2025-12-01,9:44:23.321241240,T,KO,F,100,72.56
2025-12-01,9:44:23.321593180,T,KO,I,19,72.56
2025-12-01,9:44:23.321593180,T,KO,I,21,72.56
2025-12-01,9:44:23.321593180,T,KO,I,79,72.56
2025-12-01,9:44:23.324492314,T,KO,,100,72.55
2025-12-01,9:44:23.324492314,T,KO,I,3,72.55
2025-12-01,9:44:23.324494899,T,KO,,200,72.55
2025-12-01,9:44:23.324498196,T,KO,,100,72.55
2025-12-01,9:44:23.376862552,T,KO,F I,79,72.55
2025-12-01,9:44:23.376862552,T,KO,F,100,72.55
2025-12-01,9:44:23.376865101,T,KO,F I,72,72.55
2025-12-01,9:44:23.376867762,T,KO,F I,50,72.55
2025-12-01,9:44:23.376867762,T,KO,F I,43,72.55
2025-12-01,9:44:23.376870825,T,KO,F,114,72.55
2025-12-01,9:44:24.571775787,T,KO,F I,50,72.58
2025-12-01,9:44:24.572400920,T,KO,F,100,72.59
2025-12-01,9:44:24.572403948,T,KO,F I,50,72.59
2025-12-01,9:44:24.608968040,T,KO,F I,50,72.6
2025-12-01,9:44:24.608971063,T,KO,F,300,72.6
2025-12-01,9:44:24.608974249,T,KO,F I,42,72.6
2025-12-01,9:44:24.608974249,T,KO,F,300,72.6
2025-12-01,9:44:24.609712442,T,KO,F,100,72.6
2025-12-01,9:44:24.609712442,T,KO,F I,79,72.6
2025-12-01,9:44:24.609717724,T,KO,F I,98,72.6
2025-12-01,9:44:24.609717724,T,KO,F I,50,72.6
2025-12-01,9:44:24.609717724,T,KO,F,100,72.6
2025-12-01,9:44:24.609903328,T,KO,F,100,72.59
2025-12-01,9:44:24.609907018,T,KO,F I,79,72.59
2025-12-01,9:44:24.609909705,T,KO,F I,50,72.59
2025-12-01,9:44:24.609913323,T,KO,F,400,72.59
2025-12-01,9:44:24.609913323,T,KO,F,100,72.59
2025-12-01,9:44:24.609915268,T,KO,F,100,72.59
2025-12-01,9:44:24.609963979,T,KO,,100,72.59
2025-12-01,9:44:24.609966577,T,KO,I,79,72.59
2025-12-01,9:44:24.609966577,T,KO,I,19,72.59
2025-12-01,9:44:24.609969514,T,KO,I,2,72.59
2025-12-01,9:44:24.613003873,T,KO,F I,2,72.59
2025-12-01,9:44:24.613003873,T,KO,F I,2,72.59
2025-12-01,9:44:24.613006834,T,KO,F I,8,72.59
2025-12-01,9:44:24.613006834,T,KO,F I,11,72.59
2025-12-01,9:44:24.613010132,T,KO,F,100,72.59
2025-12-01,9:44:24.613012653,T,KO,F I,72,72.59
2025-12-01,9:44:24.625564643,T,KO,F I,79,72.58
2025-12-01,9:44:24.625564643,T,KO,F I,50,72.58
2025-12-01,9:44:24.625586336,T,KO,I,1,72.58
2025-12-01,9:44:24.626804150,T,KO,F I,79,72.58
2025-12-01,9:44:24.626806637,T,KO,F I,79,72.58
2025-12-01,9:44:24.626806637,T,KO,F I,8,72.58
2025-12-01,9:44:24.626813020,T,KO,F I,50,72.58
2025-12-01,9:44:28.310450758,T,KO,,200,72.6
2025-12-01,9:44:28.310453691,T,KO,I,68,72.6
2025-12-01,9:44:28.310468777,T,KO,I,1,72.6
2025-12-01,9:44:28.310489769,T,KO,I,31,72.6
2025-12-01,9:44:29.313444791,T,KO,F I,19,72.59
2025-12-01,9:44:29.313444791,T,KO,F I,79,72.59
2025-12-01,9:44:29.313447622,T,KO,F I,50,72.59
2025-12-01,9:44:29.314584381,T,KO,F,100,72.58
2025-12-01,9:44:29.314587353,T,KO,F I,50,72.58
2025-12-01,9:44:31.198111230,T,KO,F I,88,72.57
2025-12-01,9:44:31.198129293,T,KO,F I,18,72.57
2025-12-01,9:44:31.198150323,T,KO,I,1,72.57
2025-12-01,9:44:36.762287281,T,KO,I,1,72.565
2025-12-01,9:44:39.215286651,T,KO,F I,11,72.56
2025-12-01,9:44:39.215289592,T,KO,F I,50,72.56
2025-12-01,9:44:43.424071610,T,KO,F I,33,72.55
2025-12-01,9:44:44.947271633,T,KO,I,50,72.53
2025-12-01,9:44:47.132064844,T,KO,,200,72.515
2025-12-01,9:44:47.132067818,T,KO,,100,72.515
2025-12-01,9:44:49.683307964,T,KO,,100,72.52
2025-12-01,9:44:49.683326528,T,KO,I,1,72.52
2025-12-01,9:44:54.057772498,T,KO,F I,50,72.53
2025-12-01,9:44:54.057775483,T,KO,F,400,72.53
2025-12-01,9:44:58.146174675,T,KO,I,51,72.525
2025-12-01,9:44:58.177470288,T,KO,F I,30,72.52
2025-12-01,9:44:58.177494720,T,KO,F I,70,72.52
2025-12-01,9:44:58.177494720,T,KO,F,100,72.52
2025-12-01,9:44:58.177500344,T,KO,F I,50,72.52
2025-12-01,9:44:58.190331846,T,KO,F I,50,72.52
2025-12-01,9:45:00.008362766,T,KO,F I,50,72.54
2025-12-01,9:45:00.212504026,T,KO,F,100,72.53
2025-12-01,9:45:00.212507298,T,KO,F I,50,72.53
2025-12-01,9:45:01.084683306,T,KO,I,49,72.525
2025-12-01,9:45:01.130891742,T,KO,F I,50,72.54
2025-12-01,9:45:02.187641117,T,KO,F,200,72.55
2025-12-01,9:45:02.187644085,T,KO,F I,50,72.55
2025-12-01,9:45:03.294706674,T,KO,,100,72.545
2025-12-01,9:45:07.424887372,T,KO,F I,50,72.53
2025-12-01,9:45:08.897236027,T,KO,F,116,72.53
2025-12-01,9:45:08.897239036,T,KO,F I,50,72.53
2025-12-01,9:45:08.897242063,T,KO,F,100,72.53
2025-12-01,9:45:13.829484038,T,KO,F I,18,72.525
2025-12-01,9:45:15.879141674,T,KO,F,100,72.525
2025-12-01,9:45:15.879141674,T,KO,F,195,72.52
2025-12-01,9:45:15.879147740,T,KO,F I,10,72.52
2025-12-01,9:45:15.879147740,T,KO,F I,1,72.52
2025-12-01,9:45:15.879147740,T,KO,F I,1,72.52
2025-12-01,9:45:15.879208713,T,KO,I,1,72.52
2025-12-01,9:45:15.984608944,T,KO,,300,72.525
2025-12-01,9:45:18.335851796,T,KO,F I,50,72.53
2025-12-01,9:45:19.194634169,T,KO,F,100,72.53
2025-12-01,9:45:19.194637196,T,KO,F,100,72.53
2025-12-01,9:45:19.194640717,T,KO,F I,50,72.53
2025-12-01,9:45:22.235975734,T,KO,F I,50,72.53
2025-12-01,9:45:22.235978696,T,KO,F I,50,72.53
2025-12-01,9:45:22.235996751,T,KO,I,1,72.53
2025-12-01,9:45:22.235999781,T,KO,F I,19,72.53
2025-12-01,9:45:22.236417704,T,KO,I,50,72.53
2025-12-01,9:45:22.513819440,T,KO,F I,50,72.54
2025-12-01,9:45:22.513819440,T,KO,F I,50,72.54
2025-12-01,9:45:23.014812579,T,KO,,100,72.545
2025-12-01,9:45:24.033928073,T,KO,F I,50,72.54
2025-12-01,9:45:24.033930772,T,KO,F,100,72.54
2025-12-01,9:45:24.033969886,T,KO,F,200,72.54
2025-12-01,9:45:24.035939759,T,KO,F,200,72.53
2025-12-01,9:45:24.038258069,T,KO,F,200,72.525
2025-12-01,9:45:24.038318285,T,KO,F,100,72.53
2025-12-01,9:45:24.038321293,T,KO,F I,50,72.53
2025-12-01,9:45:24.038321293,T,KO,F I,50,72.53
2025-12-01,9:45:24.038462610,T,KO,F I,50,72.53
2025-12-01,9:45:28.255691775,T,KO,F I,20,72.53
2025-12-01,9:45:28.258329148,T,KO,F,200,72.53
2025-12-01,9:45:28.258329148,T,KO,F,150,72.53
2025-12-01,9:45:32.099978770,T,KO,F I,7,72.54
2025-12-01,9:45:32.099981838,T,KO,F I,50,72.54
2025-12-01,9:45:32.100856838,T,KO,I,78,72.54
2025-12-01,9:45:32.100859877,T,KO,I,22,72.54
2025-12-01,9:45:32.100929080,T,KO,F I,78,72.54
2025-12-01,9:45:32.101608925,T,KO,I,78,72.54
2025-12-01,9:45:32.101608925,T,KO,I,22,72.54
2025-12-01,9:45:34.142416347,T,KO,F I,50,72.55
2025-12-01,9:45:34.142455378,T,KO,F,200,72.55
2025-12-01,9:45:34.345974234,T,KO,F I,50,72.56
2025-12-01,9:45:34.345977157,T,KO,F I,50,72.56
2025-12-01,9:45:35.304900988,T,KO,,100,72.565
2025-12-01,9:45:40.776514381,T,KO,I,50,72.57
2025-12-01,9:45:40.776516829,T,KO,I,1,72.57
2025-12-01,9:45:45.739903925,T,KO,,100,72.575
2025-12-01,9:45:45.739964686,T,KO,I,79,72.575
2025-12-01,9:45:45.739967124,T,KO,I,21,72.575
2025-12-01,9:45:45.742499132,T,KO,,100,72.575
2025-12-01,9:45:45.748269904,T,KO,,100,72.575
2025-12-01,9:45:45.748396190,T,KO,,100,72.575
2025-12-01,9:45:46.012479690,T,KO,F,500,72.57
2025-12-01,9:45:46.012482288,T,KO,F,100,72.57
2025-12-01,9:45:46.012482288,T,KO,F,100,72.57
2025-12-01,9:45:46.012485374,T,KO,F,200,72.57
2025-12-01,9:45:47.027995430,T,KO,F I,50,72.57
2025-12-01,9:45:47.028013183,T,KO,F I,10,72.57
2025-12-01,9:45:47.108535701,T,KO,I,56,72.58
2025-12-01,9:45:47.355916800,T,KO,,200,72.575
2025-12-01,9:45:48.284360127,T,KO,F I,48,72.58
2025-12-01,9:45:48.284378081,T,KO,F I,5,72.58
2025-12-01,9:45:49.069063867,T,KO,,100,72.575
2025-12-01,9:45:50.965250995,T,KO,F,100,72.58
2025-12-01,9:45:50.965602861,T,KO,I,22,72.59
2025-12-01,9:45:53.139350986,T,KO,,100,72.585
2025-12-01,9:46:00.264139227,T,KO,F,100,72.58
2025-12-01,9:46:00.264142290,T,KO,F,100,72.58
2025-12-01,9:46:00.264157885,T,KO,I,1,72.58
2025-12-01,9:46:00.264157885,T,KO,I,22,72.58
2025-12-01,9:46:00.264180949,T,KO,F I,77,72.58
2025-12-01,9:46:01.118365622,T,KO,F I,50,72.57
2025-12-01,9:46:01.120022405,T,KO,F I,12,72.56
2025-12-01,9:46:01.120025426,T,KO,F I,88,72.56
2025-12-01,9:46:01.237376912,T,KO,F I,77,72.56
2025-12-01,9:46:03.984127623,T,KO,,100,72.565
2025-12-01,9:46:05.189716974,T,KO,,100,72.565
2025-12-01,9:46:06.724325865,T,KO,F I,77,72.58
2025-12-01,9:46:06.724861118,T,KO,F I,51,72.58
2025-12-01,9:46:12.298065366,T,KO,,100,72.575
2025-12-01,9:46:13.387037612,T,KO,F,200,72.57
2025-12-01,9:46:13.387037612,T,KO,F I,2,72.57
2025-12-01,9:46:13.387039447,T,KO,F I,9,72.57
2025-12-01,9:46:13.388601040,T,KO,F I,80,72.57
2025-12-01,9:46:13.388601040,T,KO,F,100,72.57
2025-12-01,9:46:13.388602973,T,KO,F I,8,72.57
2025-12-01,9:46:13.388606146,T,KO,F,100,72.57
2025-12-01,9:46:13.388609425,T,KO,F I,11,72.57
2025-12-01,9:46:13.388720699,T,KO,,100,72.57
2025-12-01,9:46:13.388723959,T,KO,I,79,72.57
2025-12-01,9:46:13.388727289,T,KO,,100,72.57
2025-12-01,9:46:13.388727289,T,KO,,100,72.57
2025-12-01,9:46:13.388729265,T,KO,I,20,72.57
2025-12-01,9:46:13.388732675,T,KO,,361,72.57
2025-12-01,9:46:13.451874162,T,KO,I,1,72.57
2025-12-01,9:46:13.451903811,T,KO,,100,72.57
2025-12-01,9:46:16.661322028,T,KO,F I,9,72.57
2025-12-01,9:46:16.661324767,T,KO,F I,50,72.57
2025-12-01,9:46:16.661327613,T,KO,F I,1,72.57
2025-12-01,9:46:16.669606345,T,KO,F I,50,72.58
2025-12-01,9:46:16.669609294,T,KO,F I,50,72.58
2025-12-01,9:46:19.342822893,T,KO,I,72,72.595
2025-12-01,9:46:23.023477956,T,KO,F I,9,72.59
2025-12-01,9:46:23.023480974,T,KO,F,100,72.59
2025-12-01,9:46:23.023484197,T,KO,F I,50,72.59
2025-12-01,9:46:23.023484197,T,KO,F I,50,72.59
2025-12-01,9:46:23.023487002,T,KO,F,100,72.59
2025-12-01,9:46:23.023487002,T,KO,F,200,72.59
2025-12-01,9:46:24.265898967,T,KO,F I,50,72.59
2025-12-01,9:46:24.265898967,T,KO,F,100,72.59
2025-12-01,9:46:30.672152395,T,KO,I,80,72.605
2025-12-01,9:46:30.883454370,T,KO,F I,20,72.61
2025-12-01,9:46:30.883460128,T,KO,F,100,72.6
2025-12-01,9:46:30.883460128,T,KO,F I,50,72.6
2025-12-01,9:46:30.883462867,T,KO,F,100,72.6
2025-12-01,9:46:30.883462867,T,KO,F I,80,72.6
2025-12-01,9:46:30.883465670,T,KO,F I,20,72.6
2025-12-01,9:46:33.348147816,T,KO,I,50,72.6
2025-12-01,9:46:36.448433044,T,KO,F I,2,72.59
2025-12-01,9:46:36.448451096,T,KO,F,200,72.59
2025-12-01,9:46:40.330621798,T,KO,I,7,72.585
2025-12-01,9:46:46.065640990,T,KO,,100,72.585
2025-12-01,9:46:46.065866607,T,KO,F I,97,72.58
2025-12-01,9:46:46.065869590,T,KO,I,3,72.58
2025-12-01,9:46:46.078920708,T,KO,F,100,72.575
2025-12-01,9:46:46.078923830,T,KO,F,100,72.58
2025-12-01,9:46:46.078926846,T,KO,F I,87,72.58
2025-12-01,9:46:46.078926846,T,KO,F I,8,72.58
2025-12-01,9:46:46.078929613,T,KO,F I,14,72.58
2025-12-01,9:46:46.078948229,T,KO,F I,36,72.58
2025-12-01,9:46:46.078948229,T,KO,F I,50,72.58
2025-12-01,9:46:46.078951341,T,KO,F I,14,72.58
2025-12-01,9:46:46.078951341,T,KO,I,36,72.58
2025-12-01,9:46:46.104842368,T,KO,,100,72.585
2025-12-01,9:46:46.117271009,T,KO,,100,72.585
2025-12-01,9:46:46.125486600,T,KO,,100,72.585
2025-12-01,9:46:48.383405307,T,KO,F I,8,72.58
2025-12-01,9:46:48.383414284,T,KO,F I,25,72.58
2025-12-01,9:46:48.383414284,T,KO,F I,87,72.58
2025-12-01,9:46:48.383417277,T,KO,F I,50,72.58
2025-12-01,9:46:48.526774841,T,KO,F,100,72.57
2025-12-01,9:46:48.526774841,T,KO,F I,50,72.57
2025-12-01,9:46:48.716674040,T,KO,I,3,72.56
2025-12-01,9:46:48.789862370,T,KO,F I,87,72.56
2025-12-01,9:46:48.789865329,T,KO,F I,47,72.56
2025-12-01,9:46:48.789883397,T,KO,I,1,72.56
2025-12-01,9:46:48.789886464,T,KO,I,12,72.56
2025-12-01,9:46:48.789889397,T,KO,I,40,72.56
2025-12-01,9:46:48.800679194,T,KO,F I,50,72.56
2025-12-01,9:47:00.997755748,T,KO,I,87,72.56
2025-12-01,9:47:00.997758792,T,KO,,300,72.56
2025-12-01,9:47:00.997773880,T,KO,F,200,72.56
2025-12-01,9:47:01.683887890,T,KO,F I,57,72.555
2025-12-01,9:47:01.683894979,T,KO,I,43,72.555
2025-12-01,9:47:01.683896856,T,KO,I,7,72.55
2025-12-01,9:47:01.683932955,T,KO,F I,43,72.55
2025-12-01,9:47:02.104647119,T,KO,F I,50,72.54
2025-12-01,9:47:03.111053967,T,KO,F,100,72.52
2025-12-01,9:47:03.840242601,T,KO,I,44,72.51
2025-12-01,9:47:04.840770562,T,KO,I,29,72.53
2025-12-01,9:47:17.121584750,T,KO,F,100,72.52
2025-12-01,9:47:17.121588695,T,KO,F I,52,72.52
2025-12-01,9:47:17.121588695,T,KO,F I,50,72.52
2025-12-01,9:47:17.121590548,T,KO,F,300,72.52
2025-12-01,9:47:28.887193214,T,KO,F I,54,72.515
2025-12-01,9:47:28.887200062,T,KO,F I,46,72.515
2025-12-01,9:47:28.887200062,T,KO,F I,8,72.52
2025-12-01,9:47:28.887220290,T,KO,I,42,72.52
2025-12-01,9:47:28.887220290,T,KO,I,4,72.52
2025-12-01,9:47:28.887241393,T,KO,I,7,72.52
2025-12-01,9:47:28.887241393,T,KO,I,46,72.52
2025-12-01,9:47:28.887253332,T,KO,I,46,72.52
2025-12-01,9:47:28.887424843,T,KO,I,8,72.52
2025-12-01,9:47:28.887428562,T,KO,I,75,72.52
2025-12-01,9:47:28.887430999,T,KO,I,42,72.52
2025-12-01,9:47:28.887430999,T,KO,I,10,72.52
2025-12-01,9:47:28.890296725,T,KO,F I,2,72.51
2025-12-01,9:47:28.890299732,T,KO,F,100,72.51
2025-12-01,9:47:36.091159684,T,KO,I,41,72.5
2025-12-01,9:47:36.091186722,T,KO,F I,9,72.5
2025-12-01,9:47:36.091198759,T,KO,I,9,72.5
2025-12-01,9:47:36.091204915,T,KO,F I,9,72.5
2025-12-01,9:47:36.091478453,T,KO,I,50,72.5
2025-12-01,9:47:36.092221201,T,KO,,100,72.5
2025-12-01,9:47:36.170521770,T,KO,I,32,72.495
2025-12-01,9:47:39.512724380,T,KO,F I,75,72.5
2025-12-01,9:47:39.512729962,T,KO,F,108,72.5
2025-12-01,9:47:39.512729962,T,KO,F I,8,72.5
2025-12-01,9:47:39.512729962,T,KO,F I,30,72.5
2025-12-01,9:47:39.512745344,T,KO,I,1,72.5
2025-12-01,9:47:39.512748068,T,KO,I,40,72.5
2025-12-01,9:47:39.512750965,T,KO,I,59,72.5
2025-12-01,9:47:42.584894600,T,KO,,100,72.51
2025-12-01,9:47:43.292536973,T,KO,,100,72.515
2025-12-01,9:47:49.874132265,T,KO,,100,72.51
2025-12-01,9:47:49.874150416,T,KO,F,100,72.51
2025-12-01,9:47:49.874154034,T,KO,F I,50,72.51
2025-12-01,9:47:49.874154034,T,KO,F I,74,72.51
2025-12-01,9:47:49.874156379,T,KO,I,1,72.51
2025-12-01,9:47:49.874159377,T,KO,I,25,72.51
2025-12-01,9:47:51.224059369,T,KO,F,100,72.5
2025-12-01,9:47:51.224080468,T,KO,I,41,72.5
2025-12-01,9:47:51.224083397,T,KO,I,1,72.5
2025-12-01,9:47:51.224090149,T,KO,F I,8,72.5
2025-12-01,9:47:51.224090149,T,KO,F,100,72.5
2025-12-01,9:47:51.224095511,T,KO,F,100,72.5
2025-12-01,9:47:51.224095511,T,KO,F I,50,72.5
2025-12-01,9:47:51.224098470,T,KO,F,100,72.5
2025-12-01,9:47:51.224399240,T,KO,F I,50,72.51
2025-12-01,9:47:51.224399240,T,KO,F,294,72.51
2025-12-01,9:47:51.330855760,T,KO,,100,72.51
2025-12-01,9:47:52.102301091,T,KO,,100,72.495
2025-12-01,9:47:54.729622657,T,KO,F I,50,72.5
2025-12-01,9:47:54.729625620,T,KO,F I,56,72.5
2025-12-01,9:47:55.162127694,T,KO,I,8,72.5
2025-12-01,9:47:55.162127694,T,KO,I,38,72.5
2025-12-01,9:47:55.361749122,T,KO,,100,72.495
2025-12-01,9:47:55.851880474,T,KO,,100,72.49
2025-12-01,9:47:55.851883414,T,KO,I,9,72.49
2025-12-01,9:48:07.477911824,T,KO,I,1,72.49
2025-12-01,9:48:08.947602160,T,KO,F I,35,72.485
2025-12-01,9:48:08.948068926,T,KO,F I,65,72.485
2025-12-01,9:48:08.948071447,T,KO,F I,7,72.49
2025-12-01,9:48:08.948071447,T,KO,F I,35,72.49
2025-12-01,9:48:08.948098416,T,KO,F I,65,72.49
2025-12-01,9:48:08.948604064,T,KO,I,65,72.49
2025-12-01,9:48:08.948606580,T,KO,,100,72.49
2025-12-01,9:48:11.230982793,T,KO,F,100,72.48
2025-12-01,9:48:11.230985521,T,KO,F I,51,72.48
2025-12-01,9:48:11.230988865,T,KO,F,100,72.48
2025-12-01,9:48:11.230988865,T,KO,F I,1,72.48
2025-12-01,9:48:11.231000437,T,KO,F,100,72.48
2025-12-01,9:48:11.264058182,T,KO,,100,72.475
2025-12-01,9:48:11.270517745,T,KO,F,100,72.48
2025-12-01,9:48:11.270517745,T,KO,F I,65,72.48
2025-12-01,9:48:11.270520586,T,KO,F I,65,72.48
2025-12-01,9:48:11.270523584,T,KO,F,100,72.48
2025-12-01,9:48:11.270523584,T,KO,F I,50,72.48
2025-12-01,9:48:13.200538588,T,KO,F I,65,72.48
2025-12-01,9:48:13.200541281,T,KO,F,100,72.48
2025-12-01,9:48:13.200565284,T,KO,F,100,72.48
2025-12-01,9:48:16.860555258,T,KO,F,122,72.47
2025-12-01,9:48:16.860555258,T,KO,F I,50,72.47
2025-12-01,9:48:16.865745628,T,KO,I,68,72.47
2025-12-01,9:48:16.865745628,T,KO,,100,72.47
2025-12-01,9:48:16.865748577,T,KO,,100,72.47
2025-12-01,9:48:16.865766696,T,KO,I,1,72.47
2025-12-01,9:48:16.865766696,T,KO,I,79,72.47
2025-12-01,9:48:16.865773449,T,KO,,300,72.47
2025-12-01,9:48:25.830580132,T,KO,F I,68,72.48
2025-12-01,9:48:25.830580132,T,KO,F I,20,72.48
2025-12-01,9:48:25.830580132,T,KO,F I,50,72.48
2025-12-01,9:48:25.830586069,T,KO,I,1,72.48
2025-12-01,9:48:25.830589743,T,KO,F I,8,72.48
2025-12-01,9:48:26.001323643,T,KO,F I,73,72.48
2025-12-01,9:48:26.001326633,T,KO,F I,50,72.48
2025-12-01,9:48:28.526909751,T,KO,F,100,72.49
2025-12-01,9:48:28.526927825,T,KO,F,100,72.49
2025-12-01,9:48:28.533583058,T,KO,I,72,72.49
2025-12-01,9:48:28.533583058,T,KO,I,28,72.49
2025-12-01,9:48:35.979490593,T,KO,F I,27,72.49
2025-12-01,9:48:36.092385498,T,KO,,100,72.5
2025-12-01,9:48:37.280876626,T,KO,F,200,72.51
2025-12-01,9:48:37.281970743,T,KO,I,51,72.5
2025-12-01,9:48:37.281973733,T,KO,,100,72.5
2025-12-01,9:48:37.283865200,T,KO,I,50,72.49
2025-12-01,9:48:39.751870099,T,KO,I,3,72.49
2025-12-01,9:48:39.751873058,T,KO,F I,47,72.49
2025-12-01,9:48:39.753190454,T,KO,F,200,72.48
2025-12-01,9:48:39.753190454,T,KO,F,100,72.48
2025-12-01,9:48:39.753193200,T,KO,F,100,72.48
2025-12-01,9:48:39.753208379,T,KO,I,1,72.48
2025-12-01,9:48:39.753232274,T,KO,F I,99,72.48
2025-12-01,9:48:49.357807385,T,KO,F,100,72.46
2025-12-01,9:48:49.357828628,T,KO,I,21,72.46
2025-12-01,9:48:49.357831468,T,KO,I,1,72.46
2025-12-01,9:48:49.357831468,T,KO,I,78,72.46
2025-12-01,9:48:49.511668815,T,KO,I,2,72.46
2025-12-01,9:48:49.511710910,T,KO,F I,68,72.46
2025-12-01,9:48:49.511725918,T,KO,F I,36,72.46
2025-12-01,9:48:51.635038647,T,KO,F I,70,72.46
2025-12-01,9:48:51.635041445,T,KO,F I,50,72.46
2025-12-01,9:48:51.635043976,T,KO,F I,19,72.46
2025-12-01,9:48:51.635059059,T,KO,,100,72.46
2025-12-01,9:48:51.635708643,T,KO,,100,72.46
2025-12-01,9:48:51.636616990,T,KO,I,70,72.46
2025-12-01,9:48:51.636616990,T,KO,I,10,72.46
2025-12-01,9:48:57.905981383,T,KO,F I,70,72.46
2025-12-01,9:48:57.905985371,T,KO,F,100,72.46
2025-12-01,9:48:57.905985371,T,KO,F I,12,72.46
2025-12-01,9:48:57.905987800,T,KO,F I,20,72.46
2025-12-01,9:48:57.906002916,T,KO,I,80,72.46
2025-12-01,9:48:58.589782963,T,KO,F I,60,72.46
2025-12-01,9:48:58.590065711,T,KO,F I,35,72.46
2025-12-01,9:48:59.059821463,T,KO,F I,7,72.47
2025-12-01,9:48:59.059821463,T,KO,F I,50,72.47
2025-12-01,9:48:59.059823521,T,KO,F I,63,72.47
2025-12-01,9:48:59.074378305,T,KO,I,50,72.48
2025-12-01,9:48:59.074378305,T,KO,,250,72.48
2025-12-01,9:48:59.081730990,T,KO,I,50,72.49
2025-12-01,9:48:59.506766080,T,KO,I,1,72.48
2025-12-01,9:49:00.796462677,T,KO,F I,75,72.49
2025-12-01,9:49:05.088642314,T,KO,F,300,72.49
2025-12-01,9:49:08.996665885,T,KO,,100,72.485
2025-12-01,9:49:10.893884405,T,KO,F I,53,72.48
2025-12-01,9:49:10.893887547,T,KO,F I,6,72.48
2025-12-01,9:49:10.893890690,T,KO,F,100,72.48
2025-12-01,9:49:10.893890690,T,KO,F I,27,72.48
2025-12-01,9:49:10.893908501,T,KO,I,78,72.48
2025-12-01,9:49:10.893911555,T,KO,I,1,72.48
2025-12-01,9:49:10.893917871,T,KO,F I,94,72.48
2025-12-01,9:49:13.132042932,T,KO,F I,50,72.48
2025-12-01,9:49:13.300068131,T,KO,,100,72.485
2025-12-01,9:49:14.828073414,T,KO,I,30,72.485
2025-12-01,9:49:15.371052605,T,KO,I,3,72.485
2025-12-01,9:49:21.655949227,T,KO,I,91,72.485
2025-12-01,9:49:23.098352611,T,KO,I,50,72.49
2025-12-01,9:49:23.098355538,T,KO,I,28,72.49
2025-12-01,9:49:23.098445725,T,KO,I,50,72.49
2025-12-01,9:49:23.369048273,T,KO,F,100,72.49
2025-12-01,9:49:23.369051247,T,KO,F I,8,72.49
2025-12-01,9:49:23.369051247,T,KO,F I,50,72.49
2025-12-01,9:49:25.302027935,T,KO,I,2,72.485
2025-12-01,9:49:27.276647729,T,KO,,100,72.485
2025-12-01,9:49:29.745524912,T,KO,,100,72.485
2025-12-01,9:49:31.350444355,T,KO,F I,8,72.49
2025-12-01,9:49:31.351389752,T,KO,F,100,72.5
2025-12-01,9:49:31.351389752,T,KO,F,400,72.5
2025-12-01,9:49:31.351394581,T,KO,F,100,72.5
2025-12-01,9:49:31.351394581,T,KO,F I,50,72.5
2025-12-01,9:49:40.305280060,T,KO,I,2,72.535
2025-12-01,9:49:42.471895996,T,KO,F I,50,72.53
2025-12-01,9:49:42.471898087,T,KO,F,600,72.53
2025-12-01,9:49:42.473260331,T,KO,F I,51,72.52
2025-12-01,9:49:42.673738781,T,KO,,100,72.515
2025-12-01,9:49:42.673741800,T,KO,I,50,72.51
2025-12-01,9:49:42.673741800,T,KO,,100,72.51
2025-12-01,9:49:49.888161266,T,KO,F,100,72.51
2025-12-01,9:49:49.888164452,T,KO,F I,50,72.51
2025-12-01,9:49:49.888164452,T,KO,F,100,72.51
2025-12-01,9:49:49.888167183,T,KO,F,100,72.51
2025-12-01,9:49:59.036113667,T,KO,I,13,72.49
2025-12-01,9:49:59.036131719,T,KO,I,87,72.49
2025-12-01,9:49:59.036134811,T,KO,I,57,72.49
2025-12-01,9:50:01.075706756,T,KO,F I,50,72.48
2025-12-01,9:50:01.075706756,T,KO,F,200,72.48
2025-12-01,9:50:01.480702050,T,KO,,100,72.475
2025-12-01,9:50:05.086205126,T,KO,,100,72.475
2025-12-01,9:50:10.876105530,T,KO,F,100,72.48
2025-12-01,9:50:10.876108335,T,KO,F,200,72.48
2025-12-01,9:50:11.891674544,T,KO,,100,72.485
2025-12-01,9:50:20.318906466,T,KO,F,100,72.485
2025-12-01,9:50:20.318910185,T,KO,F I,1,72.48
2025-12-01,9:50:20.318910185,T,KO,F,100,72.48
2025-12-01,9:50:20.318913383,T,KO,F,100,72.48
2025-12-01,9:50:20.318915615,T,KO,F I,50,72.48
2025-12-01,9:50:20.318915615,T,KO,F I,50,72.48
2025-12-01,9:50:20.318924603,T,KO,I,6,72.48
2025-12-01,9:50:20.318924603,T,KO,I,1,72.48
2025-12-01,9:50:20.318963701,T,KO,F I,43,72.48
2025-12-01,9:50:20.318963701,T,KO,F,100,72.48
2025-12-01,9:50:20.318966605,T,KO,I,5,72.48
2025-12-01,9:50:27.272752342,T,KO,F I,2,72.47
2025-12-01,9:50:27.275867718,T,KO,,100,72.465
2025-12-01,9:50:27.275873750,T,KO,I,63,72.47
2025-12-01,9:50:27.275873750,T,KO,,100,72.47
2025-12-01,9:50:27.275876709,T,KO,I,84,72.47
2025-12-01,9:50:27.275892050,T,KO,I,16,72.47
2025-12-01,9:50:27.275894723,T,KO,I,34,72.47
2025-12-01,9:50:27.275897757,T,KO,I,50,72.47
2025-12-01,9:50:30.739635062,T,KO,F I,36,72.48
2025-12-01,9:50:30.739637892,T,KO,F I,44,72.48
2025-12-01,9:50:30.739962191,T,KO,,100,72.48
2025-12-01,9:50:30.765408632,T,KO,I,2,72.48
2025-12-01,9:50:31.067011968,T,KO,I,61,72.48
2025-12-01,9:50:31.860181479,T,KO,F,100,72.47
2025-12-01,9:50:31.860184076,T,KO,F I,51,72.47
2025-12-01,9:50:31.860184076,T,KO,F,200,72.47
2025-12-01,9:50:32.248390553,T,KO,,100,72.465
2025-12-01,9:50:33.535140420,T,KO,,100,72.465
2025-12-01,9:50:35.871257164,T,KO,F I,27,72.47
2025-12-01,9:50:35.871308200,T,KO,F,100,72.47
2025-12-01,9:50:53.129721617,T,KO,I,1,72.49
2025-12-01,9:50:53.129754506,T,KO,,131,72.49
2025-12-01,9:50:53.129760460,T,KO,I,68,72.49
2025-12-01,9:50:53.129790570,T,KO,I,50,72.49
2025-12-01,9:50:53.129790570,T,KO,,100,72.49
2025-12-01,9:50:54.527516416,T,KO,,100,72.485
2025-12-01,9:50:55.853067584,T,KO,,100,72.485
2025-12-01,9:50:55.862726518,T,KO,,100,72.485
2025-12-01,9:51:00.247980898,T,KO,F,200,72.48
2025-12-01,9:51:00.247980898,T,KO,F,100,72.48
2025-12-01,9:51:00.254190643,T,KO,,100,72.465
2025-12-01,9:51:00.259588476,T,KO,,100,72.465
2025-12-01,9:51:00.279243276,T,KO,,200,72.465
2025-12-01,9:51:00.280864380,T,KO,I,50,72.47
2025-12-01,9:51:00.280868073,T,KO,I,50,72.47
2025-12-01,9:51:00.280868073,T,KO,,100,72.47
2025-12-01,9:51:00.281950052,T,KO,I,57,72.47
2025-12-01,9:51:00.281953443,T,KO,,100,72.47
2025-12-01,9:51:00.281955916,T,KO,,100,72.47
2025-12-01,9:51:00.281955916,T,KO,,100,72.47
2025-12-01,9:51:00.526744782,T,KO,F I,18,72.47
2025-12-01,9:51:02.768316513,T,KO,I,57,72.47
2025-12-01,9:51:02.768320043,T,KO,I,50,72.47
2025-12-01,9:51:02.768322465,T,KO,I,6,72.47
2025-12-01,9:51:02.768338206,T,KO,F I,50,72.47
2025-12-01,9:51:02.768338206,T,KO,F I,6,72.47
2025-12-01,9:51:02.768343806,T,KO,I,94,72.47
2025-12-01,9:51:02.768663134,T,KO,F I,50,72.47
2025-12-01,9:51:02.769113955,T,KO,I,56,72.47
2025-12-01,9:51:02.769119748,T,KO,,100,72.47
2025-12-01,9:51:02.769119748,T,KO,,100,72.47
2025-12-01,9:51:02.769122349,T,KO,,100,72.47
2025-12-01,9:51:02.769125408,T,KO,I,37,72.47
2025-12-01,9:51:02.769125408,T,KO,I,50,72.47
2025-12-01,9:51:02.769137847,T,KO,I,1,72.47
2025-12-01,9:51:08.016927019,T,KO,F I,37,72.47
2025-12-01,9:51:08.016930394,T,KO,F I,10,72.47
2025-12-01,9:51:08.016930394,T,KO,F I,56,72.47
2025-12-01,9:51:08.016933003,T,KO,F I,1,72.47
2025-12-01,9:51:08.016942411,T,KO,I,6,72.47
2025-12-01,9:51:08.016945465,T,KO,F I,94,72.47
2025-12-01,9:51:08.107857530,T,KO,,100,72.475
2025-12-01,9:51:19.394744331,T,KO,F,100,72.48
2025-12-01,9:51:19.394744331,T,KO,F I,50,72.48
2025-12-01,9:51:19.394747374,T,KO,F I,1,72.48
2025-12-01,9:51:19.394750195,T,KO,F,200,72.48
2025-12-01,9:51:20.558930941,T,KO,F I,4,72.46
2025-12-01,9:51:20.558933967,T,KO,F I,20,72.46
2025-12-01,9:51:26.081088056,T,KO,I,17,72.45
2025-12-01,9:51:26.081091166,T,KO,F I,3,72.45
2025-12-01,9:51:34.702687983,T,KO,,100,72.445
2025-12-01,9:51:34.703211075,T,KO,,100,72.445
2025-12-01,9:51:34.982423826,T,KO,F I,50,72.45
2025-12-01,9:51:34.982427048,T,KO,F I,6,72.45
2025-12-01,9:51:34.982432144,T,KO,F,100,72.45
2025-12-01,9:51:34.982441452,T,KO,F I,50,72.45
2025-12-01,9:51:34.982982422,T,KO,F,200,72.45
2025-12-01,9:51:35.059845646,T,KO,,100,72.455
2025-12-01,9:51:36.548562121,T,KO,,100,72.46
2025-12-01,9:51:42.824250761,T,KO,,100,72.465
2025-12-01,9:51:48.953692907,T,KO,F I,55,72.46
2025-12-01,9:51:48.953692907,T,KO,F I,5,72.46
2025-12-01,9:51:48.953695214,T,KO,F I,50,72.46
2025-12-01,9:51:48.953707240,T,KO,F I,9,72.46
2025-12-01,9:51:48.953722250,T,KO,F,141,72.46
2025-12-01,9:51:48.954753712,T,KO,I,2,72.455
2025-12-01,9:51:49.031337091,T,KO,I,98,72.455
2025-12-01,9:51:49.031340146,T,KO,I,2,72.455
2025-12-01,9:51:57.546636864,T,KO,I,50,72.46
2025-12-01,9:51:57.546640079,T,KO,I,50,72.46
2025-12-01,9:51:57.546642920,T,KO,I,6,72.46
2025-12-01,9:51:58.057725157,T,KO,I,50,72.47
2025-12-01,9:51:58.057725157,T,KO,I,6,72.47
2025-12-01,9:51:58.057731130,T,KO,,222,72.47
2025-12-01,9:51:58.057743217,T,KO,,100,72.47
2025-12-01,9:51:58.057746170,T,KO,I,1,72.47
2025-12-01,9:51:58.821249537,T,KO,,100,72.475
2025-12-01,9:51:58.821589345,T,KO,F I,51,72.47
2025-12-01,9:51:58.821589345,T,KO,F I,50,72.47
2025-12-01,9:51:58.821640507,T,KO,F,100,72.47
2025-12-01,9:51:58.898798306,T,KO,,100,72.465
2025-12-01,9:51:59.005931404,T,KO,I,6,72.465
2025-12-01,9:52:00.158309391,T,KO,F I,50,72.47
2025-12-01,9:52:00.158309391,T,KO,F I,50,72.47
2025-12-01,9:52:00.158335999,T,KO,F,200,72.47
2025-12-01,9:52:01.876823957,T,KO,F I,50,72.51
2025-12-01,9:52:01.876827189,T,KO,F I,50,72.51
2025-12-01,9:52:01.876842315,T,KO,F I,50,72.51
2025-12-01,9:52:01.876845477,T,KO,F,100,72.51
2025-12-01,9:52:04.251297156,T,KO,F I,90,72.52
2025-12-01,9:52:04.251315841,T,KO,I,1,72.52
2025-12-01,9:52:04.251315841,T,KO,I,9,72.52
2025-12-01,9:52:04.251318273,T,KO,I,37,72.52
2025-12-01,9:52:08.217963536,T,KO,I,55,72.53
2025-12-01,9:52:09.914301334,T,KO,F,100,72.53
2025-12-01,9:52:09.914301334,T,KO,F,100,72.53
2025-12-01,9:52:09.914303675,T,KO,F I,50,72.53
2025-12-01,9:52:11.059308149,T,KO,I,50,72.52
2025-12-01,9:52:11.059308149,T,KO,,100,72.52
2025-12-01,9:52:11.059310688,T,KO,I,2,72.52
2025-12-01,9:52:17.424943608,T,KO,I,20,72.52
2025-12-01,9:52:17.424946625,T,KO,,100,72.52
2025-12-01,9:52:17.425241660,T,KO,,100,72.52
2025-12-01,9:52:17.425245414,T,KO,I,54,72.52
2025-12-01,9:52:17.425245414,T,KO,I,36,72.52
2025-12-01,9:52:17.425250407,T,KO,I,50,72.52
2025-12-01,9:52:17.425250407,T,KO,,100,72.52
2025-12-01,9:52:17.425253844,T,KO,,100,72.52
2025-12-01,9:52:22.527000043,T,KO,I,50,72.515
2025-12-01,9:52:22.527003032,T,KO,I,50,72.515
2025-12-01,9:52:22.527105416,T,KO,,100,72.51
2025-12-01,9:52:22.527108396,T,KO,,100,72.51
2025-12-01,9:52:22.527111304,T,KO,I,10,72.51
2025-12-01,9:52:22.527114315,T,KO,,100,72.51
2025-12-01,9:52:22.527114315,T,KO,I,50,72.51
2025-12-01,9:52:24.111034698,T,KO,F,100,72.51
2025-12-01,9:52:24.111034698,T,KO,F I,54,72.51
