DATE,TIME_M,EX,SYM_ROOT,TR_SCOND,SIZE,PRICE
2025-10-31,9:30:00.125774272,T,KO,TI,5,68.5
2025-10-31,9:30:00.279184645,T,KO,TI,1,68.51
2025-10-31,9:30:01.033603555,T,KO,O I,28,68.61
2025-10-31,9:30:01.033615598,T,KO,Q,28,68.61
2025-10-31,9:30:01.269055399,T,KO,,321,68.5
2025-10-31,9:30:01.269058423,T,KO,,100,68.5
2025-10-31,9:30:01.269362075,T,KO,,100,68.5
2025-10-31,9:30:01.269500429,T,KO,F,100,68.5
2025-10-31,9:30:01.269786116,T,KO,F,100,68.5
2025-10-31,9:30:01.269864385,T,KO,,100,68.5
2025-10-31,9:30:01.274146552,T,KO,F,101,68.46
2025-10-31,9:30:01.274197628,T,KO,F I,1,68.45
2025-10-31,9:30:01.274200655,T,KO,F,100,68.45
2025-10-31,9:30:01.274203669,T,KO,F I,99,68.45
2025-10-31,9:30:01.281571400,T,KO,F,101,68.45
2025-10-31,9:30:01.281571400,T,KO,F,100,68.45
2025-10-31,9:30:01.281574202,T,KO,F,100,68.45
2025-10-31,9:30:01.281577250,T,KO,F,100,68.45
2025-10-31,9:30:01.281577250,T,KO,F,200,68.45
2025-10-31,9:30:01.282199982,T,KO,I,50,68.46
2025-10-31,9:30:01.282217749,T,KO,,100,68.44
2025-10-31,9:30:01.282250752,T,KO,I,36,68.46
2025-10-31,9:30:01.282253838,T,KO,I,64,68.46
2025-10-31,9:30:01.282265897,T,KO,F,136,68.46
2025-10-31,9:30:01.282304868,T,KO,I,50,68.46
2025-10-31,9:30:01.282335003,T,KO,F I,50,68.46
2025-10-31,9:30:01.282894309,T,KO,I,36,68.46
2025-10-31,9:30:01.306671927,T,KO,I,14,68.46
2025-10-31,9:30:01.344111165,T,KO,I,50,68.465
2025-10-31,9:30:01.449638491,T,KO,I,1,68.465
2025-10-31,9:30:01.479066579,T,KO,I,6,68.465
2025-10-31,9:30:01.479075534,T,KO,I,1,68.465
2025-10-31,9:30:01.483902100,T,KO,I,2,68.465
2025-10-31,9:30:01.486810022,T,KO,I,1,68.465
2025-10-31,9:30:01.486897214,T,KO,I,1,68.465
2025-10-31,9:30:01.486990424,T,KO,I,1,68.465
2025-10-31,9:30:01.487077696,T,KO,I,5,68.465
2025-10-31,9:30:01.487964769,T,KO,I,5,68.465
2025-10-31,9:30:01.490292305,T,KO,I,1,68.465
2025-10-31,9:30:01.490292305,T,KO,I,3,68.465
2025-10-31,9:30:01.504327133,T,KO,I,50,68.47
2025-10-31,9:30:01.504504133,T,KO,I,50,68.47
2025-10-31,9:30:01.504507204,T,KO,,100,68.47
2025-10-31,9:30:01.504525145,T,KO,I,1,68.47
2025-10-31,9:30:01.504588291,T,KO,I,50,68.47
2025-10-31,9:30:01.504618685,T,KO,I,50,68.46
2025-10-31,9:30:01.504621438,T,KO,,100,68.46
2025-10-31,9:30:01.504639518,T,KO,I,1,68.46
2025-10-31,9:30:01.504696625,T,KO,I,50,68.47
2025-10-31,9:30:01.504820288,T,KO,I,50,68.47
2025-10-31,9:30:01.504879990,T,KO,F,100,68.47
2025-10-31,9:30:01.505177775,T,KO,F,100,68.48
2025-10-31,9:30:01.505180769,T,KO,F I,50,68.48
2025-10-31,9:30:01.505267934,T,KO,,100,68.48
2025-10-31,9:30:01.505586788,T,KO,F,100,68.49
2025-10-31,9:30:01.505875394,T,KO,F I,50,68.5
2025-10-31,9:30:01.505875394,T,KO,F,100,68.5
2025-10-31,9:30:01.505944526,T,KO,F,100,68.51
2025-10-31,9:30:01.506224267,T,KO,F I,30,68.52
2025-10-31,9:30:01.506509936,T,KO,F,100,68.51
2025-10-31,9:30:01.507878137,T,KO,F,100,68.5
2025-10-31,9:30:01.507878137,T,KO,F I,50,68.5
2025-10-31,9:30:01.508284192,T,KO,F I,43,68.5
2025-10-31,9:30:01.508287192,T,KO,F,100,68.49
2025-10-31,9:30:01.530648463,T,KO,F,100,68.48
2025-10-31,9:30:01.530651420,T,KO,F,100,68.48
2025-10-31,9:30:01.530723586,T,KO,,200,68.49
2025-10-31,9:30:01.530841281,T,KO,F I,37,68.48
2025-10-31,9:30:01.530970621,T,KO,F,200,68.48
2025-10-31,9:30:01.531177642,T,KO,F,100,68.48
2025-10-31,9:30:01.580717811,T,KO,F I,50,68.48
2025-10-31,9:30:01.580720699,T,KO,F I,50,68.48
2025-10-31,9:30:01.580759727,T,KO,,100,68.47
2025-10-31,9:30:01.580759727,T,KO,I,50,68.47
2025-10-31,9:30:01.583294845,T,KO,I,1,68.48
2025-10-31,9:30:01.705229261,T,KO,F I,49,68.48
2025-10-31,9:30:01.705229261,T,KO,F I,45,68.49
2025-10-31,9:30:01.952836045,T,KO,I,49,68.46
2025-10-31,9:30:01.952836045,T,KO,I,69,68.46
2025-10-31,9:30:01.952841959,T,KO,,100,68.46
2025-10-31,9:30:01.952841959,T,KO,I,5,68.46
2025-10-31,9:30:01.953007349,T,KO,,200,68.47
2025-10-31,9:30:01.953010417,T,KO,I,50,68.47
2025-10-31,9:30:01.953010417,T,KO,I,36,68.47
2025-10-31,9:30:01.953485580,T,KO,I,50,68.47
2025-10-31,9:30:01.953485580,T,KO,,100,68.47
2025-10-31,9:30:01.954020838,T,KO,,100,68.48
2025-10-31,9:30:01.954023831,T,KO,,100,68.48
2025-10-31,9:30:01.958994800,T,KO,,200,68.48
2025-10-31,9:30:01.958994800,T,KO,,100,68.48
2025-10-31,9:30:01.958997625,T,KO,I,50,68.47
2025-10-31,9:30:01.959000726,T,KO,,100,68.47
2025-10-31,9:30:02.064973062,T,KO,I,50,68.48
2025-10-31,9:30:02.272789045,T,KO,F I,50,68.48
2025-10-31,9:30:02.363460975,T,KO,F,100,68.49
2025-10-31,9:30:02.363984252,T,KO,F,100,68.5
2025-10-31,9:30:02.364285231,T,KO,I,2,68.49
2025-10-31,9:30:02.364287975,T,KO,I,50,68.49
2025-10-31,9:30:02.364287975,T,KO,I,50,68.49
2025-10-31,9:30:02.450064225,T,KO,,100,68.5
2025-10-31,9:30:02.575541115,T,KO,I,10,68.5
2025-10-31,9:30:02.738237618,T,KO,F I,50,68.49
2025-10-31,9:30:02.738240604,T,KO,F,150,68.49
2025-10-31,9:30:02.738255639,T,KO,I,25,68.49
2025-10-31,9:30:02.738273677,T,KO,,146,68.49
2025-10-31,9:30:02.749421221,T,KO,I,50,68.48
2025-10-31,9:30:02.785438025,T,KO,,100,68.49
2025-10-31,9:30:03.690049606,T,KO,I,1,68.49
2025-10-31,9:30:03.701245309,T,KO,I,1,68.49
2025-10-31,9:30:03.916371635,T,KO,I,50,68.47
2025-10-31,9:30:03.917000166,T,KO,,321,68.46
2025-10-31,9:30:03.917003831,T,KO,I,8,68.46
2025-10-31,9:30:03.917147497,T,KO,F I,50,68.45
2025-10-31,9:30:04.137371049,T,KO,I,31,68.44
2025-10-31,9:30:04.137404145,T,KO,I,9,68.44
2025-10-31,9:30:04.137404145,T,KO,I,47,68.44
2025-10-31,9:30:04.137407097,T,KO,I,5,68.44
2025-10-31,9:30:04.249884017,T,KO,I,1,68.43
2025-10-31,9:30:04.249902078,T,KO,I,49,68.43
2025-10-31,9:30:04.249905032,T,KO,,100,68.43
2025-10-31,9:30:04.250563611,T,KO,,100,68.42
2025-10-31,9:30:04.250590705,T,KO,I,29,68.42
2025-10-31,9:30:04.250593736,T,KO,I,1,68.42
2025-10-31,9:30:04.250600167,T,KO,I,20,68.42
2025-10-31,9:30:04.250603053,T,KO,,100,68.42
2025-10-31,9:30:04.250603053,T,KO,,190,68.42
2025-10-31,9:30:04.345063676,T,KO,,100,68.44
2025-10-31,9:30:04.345066658,T,KO,I,50,68.44
2025-10-31,9:30:04.387190965,T,KO,F I,50,68.43
2025-10-31,9:30:04.623123879,T,KO,I,10,68.46
2025-10-31,9:30:04.623141933,T,KO,I,90,68.46
2025-10-31,9:30:04.623141933,T,KO,I,50,68.46
2025-10-31,9:30:04.623159980,T,KO,I,1,68.46
2025-10-31,9:30:04.623896735,T,KO,,100,68.45
2025-10-31,9:30:04.623899730,T,KO,,500,68.45
2025-10-31,9:30:04.623899730,T,KO,I,2,68.45
2025-10-31,9:30:04.623902896,T,KO,,100,68.45
2025-10-31,9:30:04.623902896,T,KO,I,50,68.45
2025-10-31,9:30:04.624092210,T,KO,I,50,68.44
2025-10-31,9:30:05.145092080,T,KO,,321,68.43
2025-10-31,9:30:05.145095079,T,KO,I,28,68.43
2025-10-31,9:30:05.156203550,T,KO,,100,68.44
2025-10-31,9:30:06.878700131,T,KO,I,1,68.45
2025-10-31,9:30:06.878730147,T,KO,F I,49,68.45
2025-10-31,9:30:06.878997805,T,KO,F I,50,68.45
2025-10-31,9:30:06.891694092,T,KO,I,1,68.46
2025-10-31,9:30:06.891712155,T,KO,I,49,68.46
2025-10-31,9:30:08.435601452,T,KO,I,2,68.43
2025-10-31,9:30:08.435601452,T,KO,I,27,68.43
2025-10-31,9:30:10.423555088,T,KO,I,50,68.42
2025-10-31,9:30:10.423564130,T,KO,F,100,68.43
2025-10-31,9:30:10.423567196,T,KO,F I,50,68.43
2025-10-31,9:30:10.423567196,T,KO,F I,4,68.43
2025-10-31,9:30:10.423588258,T,KO,F I,46,68.43
2025-10-31,9:30:10.423747616,T,KO,F,100,68.43
2025-10-31,9:30:10.424069372,T,KO,F I,50,68.44
2025-10-31,9:30:10.424126477,T,KO,F I,50,68.44
2025-10-31,9:30:10.424183583,T,KO,F I,50,68.44
2025-10-31,9:30:10.424213649,T,KO,F I,50,68.45
2025-10-31,9:30:10.424213649,T,KO,F I,60,68.45
2025-10-31,9:30:10.424270785,T,KO,F I,50,68.44
2025-10-31,9:30:10.424433289,T,KO,F,100,68.44
2025-10-31,9:30:10.424463234,T,KO,,100,68.44
2025-10-31,9:30:10.424463234,T,KO,,100,68.43
2025-10-31,9:30:10.424466271,T,KO,I,50,68.43
2025-10-31,9:30:10.424469329,T,KO,,100,68.43
2025-10-31,9:30:10.499058953,T,KO,F,100,68.43
2025-10-31,9:30:10.499618269,T,KO,F I,10,68.44
2025-10-31,9:30:10.499621299,T,KO,F I,3,68.44
2025-10-31,9:30:10.499627380,T,KO,F I,1,68.44
2025-10-31,9:30:10.818257157,T,KO,I,2,68.43
2025-10-31,9:30:10.818260283,T,KO,I,5,68.43
2025-10-31,9:30:10.818260283,T,KO,I,2,68.43
2025-10-31,9:30:10.818263222,T,KO,I,4,68.43
2025-10-31,9:30:10.818266201,T,KO,I,1,68.43
2025-10-31,9:30:10.827771909,T,KO,F I,2,68.43
2025-10-31,9:30:10.827774864,T,KO,F I,1,68.43
2025-10-31,9:30:10.827774864,T,KO,F I,2,68.43
2025-10-31,9:30:11.363401625,T,KO,,250,68.425
2025-10-31,9:30:12.166332143,T,KO,,100,68.425
2025-10-31,9:30:12.166332143,T,KO,F,100,68.44
2025-10-31,9:30:12.166629660,T,KO,F I,6,68.44
2025-10-31,9:30:12.166674768,T,KO,F,200,68.44
2025-10-31,9:30:12.166695977,T,KO,I,50,68.43
2025-10-31,9:30:12.166698840,T,KO,I,67,68.43
2025-10-31,9:30:12.166717053,T,KO,I,1,68.43
2025-10-31,9:30:13.084364506,T,KO,F,304,68.41
2025-10-31,9:30:13.086463478,T,KO,F,100,68.41
2025-10-31,9:30:13.095046017,T,KO,,190,68.415
2025-10-31,9:30:14.047588721,T,KO,I,5,68.4
2025-10-31,9:30:14.047592074,T,KO,I,1,68.4
2025-10-31,9:30:14.047595145,T,KO,I,1,68.4
2025-10-31,9:30:14.047595145,T,KO,I,1,68.4
2025-10-31,9:30:14.047598204,T,KO,I,50,68.4
2025-10-31,9:30:14.047601231,T,KO,I,4,68.4
2025-10-31,9:30:14.047603732,T,KO,,114,68.4
2025-10-31,9:30:14.047615802,T,KO,F,200,68.4
2025-10-31,9:30:14.048298422,T,KO,F,100,68.39
2025-10-31,9:30:14.048301424,T,KO,F I,50,68.39
2025-10-31,9:30:14.076078504,T,KO,F I,50,68.39
2025-10-31,9:30:15.005721690,T,KO,I,50,68.4
2025-10-31,9:30:16.243063773,T,KO,F,100,68.4
2025-10-31,9:30:16.243105934,T,KO,F I,90,68.4
2025-10-31,9:30:16.739970618,T,KO,,100,68.395
2025-10-31,9:30:16.739973296,T,KO,I,50,68.41
2025-10-31,9:30:16.739973296,T,KO,,300,68.41
2025-10-31,9:30:16.739988361,T,KO,I,1,68.41
2025-10-31,9:30:16.740006330,T,KO,F I,99,68.41
2025-10-31,9:30:16.740646929,T,KO,F I,50,68.42
2025-10-31,9:30:17.522767802,T,KO,F,100,68.41
2025-10-31,9:30:17.522785829,T,KO,I,1,68.41
2025-10-31,9:30:17.522791876,T,KO,,100,68.41
2025-10-31,9:30:17.522851990,T,KO,,100,68.4
2025-10-31,9:30:17.522851990,T,KO,I,39,68.4
2025-10-31,9:30:17.522858723,T,KO,F,600,68.41
2025-10-31,9:30:17.522873008,T,KO,I,11,68.4
2025-10-31,9:30:17.522875964,T,KO,I,96,68.4
2025-10-31,9:30:17.547612959,T,KO,,100,68.41
2025-10-31,9:30:19.680018747,T,KO,,100,68.43
2025-10-31,9:30:19.680021822,T,KO,,100,68.43
2025-10-31,9:30:19.680030769,T,KO,F I,66,68.43
2025-10-31,9:30:19.680042845,T,KO,I,1,68.43
2025-10-31,9:30:19.680063884,T,KO,F I,33,68.43
2025-10-31,9:30:20.615005734,T,KO,,100,68.45
2025-10-31,9:30:20.621855996,T,KO,,100,68.45
2025-10-31,9:30:20.621855996,T,KO,,100,68.45
2025-10-31,9:30:20.667471778,T,KO,,100,68.46
2025-10-31,9:30:20.667471778,T,KO,,100,68.46
2025-10-31,9:30:20.667474613,T,KO,,100,68.46
2025-10-31,9:30:20.667477702,T,KO,,100,68.46
2025-10-31,9:30:20.667976810,T,KO,F,100,68.46
2025-10-31,9:30:20.668239136,T,KO,,100,68.46
2025-10-31,9:30:20.668259477,T,KO,,451,68.46
2025-10-31,9:30:20.668289754,T,KO,F I,2,68.46
2025-10-31,9:30:20.668293228,T,KO,F,100,68.46
2025-10-31,9:30:20.668295558,T,KO,F,100,68.46
2025-10-31,9:30:20.668304793,T,KO,F,100,68.46
2025-10-31,9:30:20.736377759,T,KO,F,100,68.45
2025-10-31,9:30:20.736380822,T,KO,F,100,68.45
2025-10-31,9:30:20.736380822,T,KO,F I,50,68.45
2025-10-31,9:30:20.736380822,T,KO,F,100,68.45
2025-10-31,9:30:23.004475861,T,KO,F I,1,68.43
2025-10-31,9:30:24.620395522,T,KO,,190,68.46
2025-10-31,9:30:24.620399498,T,KO,,100,68.47
2025-10-31,9:30:24.620402613,T,KO,I,10,68.47
2025-10-31,9:30:24.620416599,T,KO,I,40,68.47
2025-10-31,9:30:24.629765902,T,KO,,190,68.47
2025-10-31,9:30:24.634496137,T,KO,F,100,68.46
2025-10-31,9:30:24.634496137,T,KO,F I,50,68.46
2025-10-31,9:30:24.634499150,T,KO,F,100,68.46
2025-10-31,9:30:24.821036481,T,KO,F,100,68.46
2025-10-31,9:30:24.821219853,T,KO,F,100,68.45
2025-10-31,9:30:26.510986481,T,KO,I,4,68.44
2025-10-31,9:30:28.230785624,T,KO,I,6,68.445
2025-10-31,9:30:30.074600180,T,KO,F,100,68.42
2025-10-31,9:30:30.166775752,T,KO,,100,68.415
2025-10-31,9:30:30.662148613,T,KO,,100,68.415
2025-10-31,9:30:30.662148613,T,KO,I,50,68.4
2025-10-31,9:30:30.662158021,T,KO,I,50,68.4
2025-10-31,9:30:30.662160731,T,KO,I,50,68.4
2025-10-31,9:30:30.663152893,T,KO,,100,68.39
2025-10-31,9:30:30.663155966,T,KO,I,50,68.39
2025-10-31,9:30:30.665582721,T,KO,I,30,68.38
2025-10-31,9:30:30.671777471,T,KO,,100,68.37
2025-10-31,9:30:30.672778902,T,KO,I,50,68.36
2025-10-31,9:30:30.672781827,T,KO,,100,68.36
2025-10-31,9:30:30.673314152,T,KO,,100,68.37
2025-10-31,9:30:31.146698637,T,KO,,250,68.39
2025-10-31,9:30:32.723257758,T,KO,I,4,68.41
2025-10-31,9:30:32.723260775,T,KO,,100,68.41
2025-10-31,9:30:32.723260775,T,KO,,100,68.41
2025-10-31,9:30:35.064919834,T,KO,I,10,68.415
2025-10-31,9:30:35.064919834,T,KO,I,90,68.415
2025-10-31,9:30:35.344763404,T,KO,,190,68.43
2025-10-31,9:30:35.800465844,T,KO,F I,2,68.42
2025-10-31,9:30:35.800469062,T,KO,F,100,68.42
2025-10-31,9:30:35.800469062,T,KO,F,100,68.42
2025-10-31,9:30:35.800628209,T,KO,F,100,68.42
2025-10-31,9:30:35.800772520,T,KO,,100,68.42
2025-10-31,9:30:35.801100282,T,KO,I,50,68.42
2025-10-31,9:30:35.801107224,T,KO,,100,68.42
2025-10-31,9:30:35.801107224,T,KO,,190,68.42
2025-10-31,9:30:35.801107224,T,KO,,100,68.43
2025-10-31,9:30:35.801109332,T,KO,,100,68.43
2025-10-31,9:30:35.801112375,T,KO,,100,68.43
2025-10-31,9:30:37.544668094,T,KO,F I,5,68.435
2025-10-31,9:30:39.478881481,T,KO,F,100,68.42
2025-10-31,9:30:39.478884380,T,KO,F,202,68.42
2025-10-31,9:30:39.478886857,T,KO,F,100,68.42
2025-10-31,9:30:39.479205662,T,KO,I,50,68.42
2025-10-31,9:30:39.479223735,T,KO,I,50,68.42
2025-10-31,9:30:45.353159009,T,KO,I,50,68.4
2025-10-31,9:30:45.612193010,T,KO,,100,68.4
2025-10-31,9:30:45.612265181,T,KO,I,90,68.4
2025-10-31,9:30:45.612265181,T,KO,I,10,68.41
2025-10-31,9:30:46.340807537,T,KO,,190,68.41
2025-10-31,9:30:46.403620975,T,KO,I,60,68.41
2025-10-31,9:30:46.550271286,T,KO,F I,50,68.42
2025-10-31,9:30:46.552222998,T,KO,I,50,68.43
2025-10-31,9:30:46.552225945,T,KO,,100,68.43
2025-10-31,9:30:47.835815156,T,KO,F I,7,68.43
2025-10-31,9:30:49.629007163,T,KO,I,3,68.42
2025-10-31,9:30:49.629052251,T,KO,I,21,68.41
2025-10-31,9:30:49.629115381,T,KO,I,50,68.4
2025-10-31,9:30:49.629115381,T,KO,I,71,68.4
2025-10-31,9:30:49.629121373,T,KO,I,31,68.41
2025-10-31,9:30:49.729560629,T,KO,I,89,68.4
2025-10-31,9:30:49.729590756,T,KO,I,11,68.4
2025-10-31,9:30:50.509853150,T,KO,F I,50,68.4
2025-10-31,9:30:50.509859396,T,KO,F,389,68.4
2025-10-31,9:30:50.509859396,T,KO,F I,16,68.4
2025-10-31,9:30:50.509943277,T,KO,F I,50,68.4
2025-10-31,9:30:50.510430512,T,KO,F I,69,68.41
2025-10-31,9:30:50.510430512,T,KO,F I,50,68.41
2025-10-31,9:30:51.019630295,T,KO,,100,68.415
2025-10-31,9:30:52.438776364,T,KO,I,41,68.4
2025-10-31,9:30:53.333235821,T,KO,I,60,68.37
2025-10-31,9:30:55.361629918,T,KO,,100,68.37
2025-10-31,9:30:55.361656964,T,KO,I,1,68.38
2025-10-31,9:30:55.361674968,T,KO,I,49,68.38
2025-10-31,9:30:55.854600161,T,KO,F,100,68.39
2025-10-31,9:30:55.854603024,T,KO,F I,47,68.39
2025-10-31,9:30:55.854621123,T,KO,I,53,68.39
2025-10-31,9:30:55.854651144,T,KO,F,100,68.4
2025-10-31,9:30:55.854654195,T,KO,F I,50,68.4
2025-10-31,9:30:55.855817990,T,KO,,100,68.39
2025-10-31,9:30:55.855817990,T,KO,I,50,68.39
2025-10-31,9:30:55.855821489,T,KO,,100,68.39
2025-10-31,9:30:55.855839043,T,KO,I,1,68.39
2025-10-31,9:30:55.855863063,T,KO,I,2,68.39
2025-10-31,9:30:56.525763243,T,KO,I,3,68.39
2025-10-31,9:30:56.525768601,T,KO,,100,68.39
2025-10-31,9:30:56.525768601,T,KO,I,98,68.39
2025-10-31,9:30:56.525772272,T,KO,,100,68.39
2025-10-31,9:30:56.525790994,T,KO,F I,53,68.4
2025-10-31,9:30:57.101168121,T,KO,I,6,68.41
2025-10-31,9:30:58.929035632,T,KO,,100,68.43
2025-10-31,9:30:58.929035632,T,KO,,100,68.44
2025-10-31,9:31:04.367795563,T,KO,I,46,68.42
2025-10-31,9:31:06.428360201,T,KO,F,100,68.43
2025-10-31,9:31:06.633698297,T,KO,F I,50,68.43
2025-10-31,9:31:06.633725499,T,KO,,100,68.42
2025-10-31,9:31:06.633731399,T,KO,I,14,68.42
2025-10-31,9:31:06.633731399,T,KO,I,36,68.42
2025-10-31,9:31:06.633734349,T,KO,I,49,68.42
2025-10-31,9:31:06.633744020,T,KO,I,1,68.42
2025-10-31,9:31:06.633755468,T,KO,I,50,68.42
2025-10-31,9:31:06.633755468,T,KO,,222,68.42
2025-10-31,9:31:06.633758581,T,KO,F I,2,68.42
2025-10-31,9:31:06.634420022,T,KO,F I,9,68.41
2025-10-31,9:31:06.645784067,T,KO,F,100,68.4
2025-10-31,9:31:07.250055537,T,KO,,100,68.41
2025-10-31,9:31:09.348098316,T,KO,,100,68.42
2025-10-31,9:31:09.506247971,T,KO,I,10,68.42
2025-10-31,9:31:10.224830545,T,KO,F,250,68.42
2025-10-31,9:31:10.924377676,T,KO,F I,50,68.42
2025-10-31,9:31:10.924380698,T,KO,F I,90,68.42
2025-10-31,9:31:10.924855759,T,KO,I,70,68.42
2025-10-31,9:31:15.537602316,T,KO,I,4,68.41
2025-10-31,9:31:15.537620377,T,KO,F,146,68.41
2025-10-31,9:31:15.538077547,T,KO,F I,29,68.4
2025-10-31,9:31:15.538405298,T,KO,F I,6,68.4
2025-10-31,9:31:15.540781334,T,KO,F I,29,68.38
2025-10-31,9:31:15.540784225,T,KO,F I,50,68.38
2025-10-31,9:31:15.540784225,T,KO,F,300,68.38
2025-10-31,9:31:18.882436070,T,KO,F I,1,68.36
2025-10-31,9:31:18.882439109,T,KO,F I,2,68.36
2025-10-31,9:31:18.882441917,T,KO,F I,30,68.36
2025-10-31,9:31:18.882499172,T,KO,F I,1,68.35
2025-10-31,9:31:18.882731876,T,KO,I,41,68.35
2025-10-31,9:31:18.882736654,T,KO,,259,68.35
2025-10-31,9:31:22.448945491,T,KO,,250,68.365
2025-10-31,9:31:24.754437513,T,KO,F,100,68.37
2025-10-31,9:31:26.157393196,T,KO,F I,32,68.36
2025-10-31,9:31:26.157396170,T,KO,F,100,68.36
2025-10-31,9:31:26.157492518,T,KO,F,100,68.35
2025-10-31,9:31:26.157495835,T,KO,F,300,68.35
2025-10-31,9:31:26.157859359,T,KO,F,300,68.34
2025-10-31,9:31:26.157862319,T,KO,F I,50,68.34
2025-10-31,9:31:26.158009916,T,KO,F,300,68.34
2025-10-31,9:31:26.158532908,T,KO,F I,98,68.34
2025-10-31,9:31:26.160834099,T,KO,,100,68.34
2025-10-31,9:31:26.160836445,T,KO,,100,68.35
2025-10-31,9:31:26.160836445,T,KO,I,74,68.35
2025-10-31,9:31:26.160851452,T,KO,I,1,68.35
2025-10-31,9:31:26.355607446,T,KO,I,26,68.34
2025-10-31,9:31:26.355607446,T,KO,I,74,68.34
2025-10-31,9:31:26.355610280,T,KO,I,1,68.34
2025-10-31,9:31:26.355613935,T,KO,I,50,68.34
2025-10-31,9:31:26.355613935,T,KO,I,71,68.34
2025-10-31,9:31:26.355616403,T,KO,I,28,68.34
2025-10-31,9:31:27.578103639,T,KO,I,32,68.33
2025-10-31,9:31:27.578120915,T,KO,F I,4,68.33
2025-10-31,9:31:27.612053751,T,KO,F I,50,68.33
2025-10-31,9:31:27.612057247,T,KO,F I,50,68.33
2025-10-31,9:31:27.612074706,T,KO,F,200,68.33
2025-10-31,9:31:28.442415386,T,KO,,250,68.335
2025-10-31,9:31:29.105266243,T,KO,I,17,68.34
2025-10-31,9:31:30.052802022,T,KO,I,5,68.32
2025-10-31,9:31:30.052892388,T,KO,I,29,68.33
2025-10-31,9:31:30.052892388,T,KO,I,6,68.33
2025-10-31,9:31:30.052916346,T,KO,I,1,68.33
2025-10-31,9:31:30.053205006,T,KO,F,100,68.32
2025-10-31,9:31:30.053214371,T,KO,F I,58,68.32
2025-10-31,9:31:30.060355971,T,KO,I,37,68.31
2025-10-31,9:31:31.023056870,T,KO,,250,68.315
2025-10-31,9:31:31.023095964,T,KO,I,1,68.32
2025-10-31,9:31:31.023120018,T,KO,I,1,68.32
2025-10-31,9:31:31.023135283,T,KO,I,8,68.32
2025-10-31,9:31:31.023135283,T,KO,I,23,68.32
2025-10-31,9:31:31.023138067,T,KO,I,1,68.32
2025-10-31,9:31:31.059323286,T,KO,I,32,68.31
2025-10-31,9:31:31.059326168,T,KO,I,73,68.31
2025-10-31,9:31:31.059344780,T,KO,F I,6,68.31
2025-10-31,9:31:32.965268906,T,KO,F I,10,68.31
2025-10-31,9:31:32.965335065,T,KO,F I,1,68.3
2025-10-31,9:31:32.965344501,T,KO,F,100,68.3
2025-10-31,9:31:32.965344501,T,KO,F I,1,68.3
2025-10-31,9:31:32.965344501,T,KO,F I,1,68.3
2025-10-31,9:31:32.965348176,T,KO,F I,1,68.3
2025-10-31,9:31:32.965350022,T,KO,F,100,68.3
2025-10-31,9:31:32.965356432,T,KO,F I,2,68.3
2025-10-31,9:31:32.965359414,T,KO,F I,1,68.3
2025-10-31,9:31:32.965359414,T,KO,F I,1,68.3
2025-10-31,9:31:32.965362027,T,KO,F I,50,68.3
2025-10-31,9:31:33.014282937,T,KO,F I,3,68.29
2025-10-31,9:31:33.014282937,T,KO,F,190,68.29
2025-10-31,9:31:35.606642822,T,KO,F I,13,68.29
2025-10-31,9:31:35.606642822,T,KO,F I,32,68.29
2025-10-31,9:31:36.607131911,T,KO,,190,68.285
2025-10-31,9:31:36.615374492,T,KO,I,60,68.285
2025-10-31,9:31:36.681649432,T,KO,,190,68.285
2025-10-31,9:31:36.969648282,T,KO,,190,68.29
2025-10-31,9:31:37.041092432,T,KO,I,60,68.29
2025-10-31,9:31:37.105935858,T,KO,I,7,68.29
2025-10-31,9:31:37.105999126,T,KO,,100,68.29
2025-10-31,9:31:37.946419664,T,KO,,100,68.29
2025-10-31,9:31:37.948509709,T,KO,F I,47,68.3
2025-10-31,9:31:37.948515677,T,KO,F I,53,68.3
2025-10-31,9:31:37.948518661,T,KO,F I,47,68.3
2025-10-31,9:31:37.948521672,T,KO,F,100,68.3
2025-10-31,9:31:37.948524699,T,KO,F I,53,68.3
2025-10-31,9:31:37.949947105,T,KO,,100,68.3
2025-10-31,9:31:37.949947105,T,KO,I,41,68.3
2025-10-31,9:31:37.949965098,T,KO,F I,59,68.3
2025-10-31,9:31:37.949968188,T,KO,F I,50,68.3
2025-10-31,9:31:37.949968188,T,KO,F I,95,68.3
2025-10-31,9:31:37.951475244,T,KO,F,100,68.29
2025-10-31,9:31:37.951477692,T,KO,F I,50,68.29
2025-10-31,9:31:37.951480733,T,KO,F I,5,68.29
2025-10-31,9:31:39.103548655,T,KO,I,20,68.29
2025-10-31,9:31:39.103609097,T,KO,,250,68.295
2025-10-31,9:31:39.103609097,T,KO,I,37,68.3
2025-10-31,9:31:39.103611808,T,KO,,100,68.3
2025-10-31,9:31:39.103614757,T,KO,,190,68.3
2025-10-31,9:31:39.103879568,T,KO,I,37,68.29
2025-10-31,9:31:39.804109159,T,KO,I,9,68.29
2025-10-31,9:31:39.870660656,T,KO,I,4,68.285
2025-10-31,9:31:39.873634775,T,KO,I,8,68.285
2025-10-31,9:31:40.342156697,T,KO,,121,68.29
2025-10-31,9:31:41.069303551,T,KO,F I,86,68.28
2025-10-31,9:31:41.069667439,T,KO,F I,2,68.27
2025-10-31,9:31:41.070732022,T,KO,,100,68.26
2025-10-31,9:31:41.070750438,T,KO,I,1,68.26
2025-10-31,9:31:41.070810208,T,KO,F,100,68.26
2025-10-31,9:31:41.070831635,T,KO,I,1,68.26
2025-10-31,9:31:41.070864291,T,KO,F I,99,68.26
2025-10-31,9:31:41.372094775,T,KO,,190,68.27
2025-10-31,9:31:41.437689969,T,KO,F I,94,68.27
2025-10-31,9:31:41.437720133,T,KO,F I,6,68.27
2025-10-31,9:31:46.108504874,T,KO,I,6,68.28
2025-10-31,9:31:47.721937793,T,KO,F,250,68.28
2025-10-31,9:31:48.728618320,T,KO,F,321,68.26
2025-10-31,9:31:48.728636276,T,KO,F I,27,68.26
2025-10-31,9:31:48.729497083,T,KO,F I,1,68.25
2025-10-31,9:31:48.729563104,T,KO,F,200,68.24
2025-10-31,9:31:48.729565554,T,KO,F I,50,68.24
2025-10-31,9:31:48.729568522,T,KO,F,100,68.24
2025-10-31,9:31:48.729944415,T,KO,F I,72,68.24
2025-10-31,9:31:48.730073717,T,KO,F I,1,68.24
2025-10-31,9:31:48.730085982,T,KO,F I,1,68.24
2025-10-31,9:31:48.730088785,T,KO,F I,1,68.24
2025-10-31,9:31:48.730094904,T,KO,F I,33,68.24
2025-10-31,9:31:52.706877756,T,KO,I,3,68.22
2025-10-31,9:31:52.706880579,T,KO,,290,68.22
2025-10-31,9:31:52.706901632,T,KO,I,1,68.22
2025-10-31,9:31:52.706907718,T,KO,F I,35,68.22
2025-10-31,9:31:52.707701729,T,KO,I,35,68.22
2025-10-31,9:31:52.707701729,T,KO,I,50,68.22
2025-10-31,9:31:52.707710693,T,KO,F I,50,68.21
2025-10-31,9:31:52.707725604,T,KO,I,1,68.22
2025-10-31,9:31:52.707731593,T,KO,F I,50,68.21
2025-10-31,9:31:52.720160248,T,KO,F I,1,68.21
2025-10-31,9:31:52.960336423,T,KO,I,10,68.2
2025-10-31,9:31:52.960336423,T,KO,I,50,68.2
2025-10-31,9:31:52.961196376,T,KO,I,15,68.19
2025-10-31,9:31:54.184356618,T,KO,,250,68.195
2025-10-31,9:31:54.184693358,T,KO,F I,3,68.18
2025-10-31,9:31:54.184720639,T,KO,F I,97,68.18
2025-10-31,9:31:54.184720639,T,KO,F I,50,68.18
2025-10-31,9:31:54.184723547,T,KO,F,315,68.18
2025-10-31,9:31:54.184964400,T,KO,F I,50,68.17
2025-10-31,9:31:54.184970095,T,KO,F,100,68.17
2025-10-31,9:31:54.185153521,T,KO,F,100,68.17
2025-10-31,9:31:54.185583847,T,KO,I,57,68.18
2025-10-31,9:31:54.185583847,T,KO,,100,68.18
2025-10-31,9:31:54.185748877,T,KO,F,100,68.18
2025-10-31,9:31:54.185751941,T,KO,F,100,68.18
2025-10-31,9:31:54.185776189,T,KO,F,570,68.18
2025-10-31,9:31:54.185800004,T,KO,,102,68.18
2025-10-31,9:31:54.185800004,T,KO,F,1008,68.18
2025-10-31,9:31:54.185803358,T,KO,F,100,68.18
2025-10-31,9:31:54.189393635,T,KO,,190,68.18
2025-10-31,9:31:54.439523500,T,KO,F I,18,68.17
2025-10-31,9:31:54.439523500,T,KO,F,200,68.17
2025-10-31,9:31:54.481355929,T,KO,,100,68.18
2025-10-31,9:31:57.125526748,T,KO,I,7,68.18
2025-10-31,9:31:57.620307205,T,KO,,180,68.18
2025-10-31,9:31:58.204262101,T,KO,F I,52,68.17
2025-10-31,9:31:58.204265034,T,KO,F,294,68.17
2025-10-31,9:32:02.366671205,T,KO,F I,1,68.15
2025-10-31,9:32:02.366673979,T,KO,F I,1,68.15
2025-10-31,9:32:02.366680011,T,KO,F I,1,68.15
2025-10-31,9:32:02.366737506,T,KO,I,39,68.16
2025-10-31,9:32:02.366740101,T,KO,,190,68.16
2025-10-31,9:32:02.366794213,T,KO,I,39,68.15
2025-10-31,9:32:02.367739037,T,KO,,100,68.14
2025-10-31,9:32:02.367739037,T,KO,I,39,68.14
2025-10-31,9:32:02.367744480,T,KO,,100,68.14
2025-10-31,9:32:02.367744480,T,KO,,143,68.13
2025-10-31,9:32:02.375199253,T,KO,F I,50,68.12
2025-10-31,9:32:02.396426777,T,KO,F I,39,68.125
2025-10-31,9:32:02.396929091,T,KO,F I,39,68.13
2025-10-31,9:32:02.396929091,T,KO,F I,50,68.13
2025-10-31,9:32:02.396947510,T,KO,I,1,68.13
2025-10-31,9:32:02.397533795,T,KO,F I,60,68.13
2025-10-31,9:32:02.466508750,T,KO,F I,50,68.14
2025-10-31,9:32:02.467013985,T,KO,F I,39,68.15
2025-10-31,9:32:02.467017047,T,KO,F,100,68.15
2025-10-31,9:32:02.467017047,T,KO,F,100,68.15
2025-10-31,9:32:02.467019912,T,KO,F I,50,68.15
2025-10-31,9:32:02.467022924,T,KO,F,300,68.15
2025-10-31,9:32:02.467612330,T,KO,I,50,68.16
2025-10-31,9:32:02.469428830,T,KO,F,200,68.16
2025-10-31,9:32:02.469434784,T,KO,F I,39,68.17
2025-10-31,9:32:02.469437775,T,KO,F I,51,68.17
2025-10-31,9:32:02.469441036,T,KO,F I,49,68.17
2025-10-31,9:32:02.469444375,T,KO,F I,50,68.17
2025-10-31,9:32:02.469447061,T,KO,F,300,68.17
2025-10-31,9:32:02.482738432,T,KO,F I,39,68.16
2025-10-31,9:32:02.482741431,T,KO,F,100,68.16
2025-10-31,9:32:02.482744460,T,KO,F I,44,68.16
2025-10-31,9:32:02.483472173,T,KO,I,13,68.16
2025-10-31,9:32:02.483493202,T,KO,I,1,68.16
2025-10-31,9:32:02.483499505,T,KO,F I,57,68.16
2025-10-31,9:32:02.488662531,T,KO,,100,68.155
2025-10-31,9:32:02.488662531,T,KO,I,55,68.16
2025-10-31,9:32:02.489363812,T,KO,F,100,68.16
2025-10-31,9:32:02.822794599,T,KO,I,50,68.15
2025-10-31,9:32:02.822797271,T,KO,I,39,68.15
2025-10-31,9:32:02.822800377,T,KO,I,11,68.15
2025-10-31,9:32:02.822815588,T,KO,I,1,68.15
2025-10-31,9:32:02.831785710,T,KO,,100,68.145
2025-10-31,9:32:05.795275035,T,KO,,250,68.125
2025-10-31,9:32:06.041907505,T,KO,I,70,68.14
2025-10-31,9:32:06.042102893,T,KO,I,50,68.13
2025-10-31,9:32:06.059321939,T,KO,,100,68.12
2025-10-31,9:32:06.059324974,T,KO,I,39,68.12
2025-10-31,9:32:06.061796817,T,KO,F I,50,68.11
2025-10-31,9:32:06.061805916,T,KO,I,42,68.12
2025-10-31,9:32:06.061805916,T,KO,I,35,68.12
2025-10-31,9:32:06.061809357,T,KO,,250,68.12
2025-10-31,9:32:06.061811882,T,KO,,190,68.12
2025-10-31,9:32:07.374369088,T,KO,I,8,68.115
2025-10-31,9:32:07.374369088,T,KO,I,50,68.11
2025-10-31,9:32:07.374371999,T,KO,I,42,68.11
2025-10-31,9:32:08.085042774,T,KO,I,16,68.1
2025-10-31,9:32:08.085055405,T,KO,F,184,68.1
2025-10-31,9:32:08.085055405,T,KO,F I,1,68.1
2025-10-31,9:32:08.085058011,T,KO,F I,1,68.1
2025-10-31,9:32:08.085060826,T,KO,F I,1,68.1
2025-10-31,9:32:08.085060826,T,KO,F I,1,68.1
2025-10-31,9:32:08.085063770,T,KO,F,100,68.1
2025-10-31,9:32:08.933976643,T,KO,F I,1,68.07
2025-10-31,9:32:09.405644031,T,KO,F,250,68.065
2025-10-31,9:32:10.155290512,T,KO,I,90,68.07
2025-10-31,9:32:10.703421039,T,KO,F I,39,68.08
2025-10-31,9:32:15.403385155,T,KO,,175,68.08
2025-10-31,9:32:15.403385155,T,KO,I,29,68.08
2025-10-31,9:32:15.403390243,T,KO,F,221,68.08
2025-10-31,9:32:15.403390243,T,KO,F I,79,68.09
2025-10-31,9:32:15.403393196,T,KO,,221,68.09
2025-10-31,9:32:15.403893367,T,KO,,100,68.09
2025-10-31,9:32:15.403893367,T,KO,F,250,68.09
2025-10-31,9:32:15.403946518,T,KO,I,60,68.09
2025-10-31,9:32:15.404054790,T,KO,F I,7,68.09
2025-10-31,9:32:15.404060926,T,KO,I,55,68.09
2025-10-31,9:32:15.404060926,T,KO,F I,38,68.09
2025-10-31,9:32:15.404066885,T,KO,F I,55,68.09
2025-10-31,9:32:15.404079110,T,KO,F,145,68.09
2025-10-31,9:32:15.409473724,T,KO,,100,68.09
2025-10-31,9:32:15.409539854,T,KO,,100,68.09
2025-10-31,9:32:18.033637792,T,KO,I,23,68.09
2025-10-31,9:32:20.630818737,T,KO,F,100,68.09
2025-10-31,9:32:20.630818737,T,KO,F I,90,68.1
2025-10-31,9:32:20.630837008,T,KO,I,1,68.1
2025-10-31,9:32:20.630839812,T,KO,F I,99,68.1
2025-10-31,9:32:20.630863939,T,KO,,100,68.1
2025-10-31,9:32:20.631221713,T,KO,,100,68.09
2025-10-31,9:32:20.631224760,T,KO,I,41,68.09
2025-10-31,9:32:20.631227768,T,KO,I,1,68.09
2025-10-31,9:32:20.631227768,T,KO,I,43,68.09
2025-10-31,9:32:20.631230759,T,KO,,100,68.09
2025-10-31,9:32:20.631300009,T,KO,F I,2,68.09
2025-10-31,9:32:20.631423149,T,KO,F,100,68.09
2025-10-31,9:32:20.631573535,T,KO,I,8,68.09
2025-10-31,9:32:20.632072708,T,KO,F I,50,68.09
2025-10-31,9:32:20.643006728,T,KO,F I,43,68.08
2025-10-31,9:32:20.643722396,T,KO,F I,43,68.07
2025-10-31,9:32:21.213745065,T,KO,F I,66,68.06
2025-10-31,9:32:21.263444760,T,KO,,1423,68.06
2025-10-31,9:32:21.263447476,T,KO,I,41,68.06
2025-10-31,9:32:21.263452102,T,KO,,100,68.06
2025-10-31,9:32:21.263465494,T,KO,I,68,68.06
2025-10-31,9:32:21.263802343,T,KO,,100,68.055
2025-10-31,9:32:21.264701469,T,KO,F I,44,68.05
2025-10-31,9:32:21.264701469,T,KO,F,100,68.05
2025-10-31,9:32:21.264707451,T,KO,F,100,68.05
2025-10-31,9:32:21.264707451,T,KO,F I,36,68.05
2025-10-31,9:32:21.264710554,T,KO,F I,45,68.05
2025-10-31,9:32:21.264710554,T,KO,F,100,68.05
2025-10-31,9:32:23.787707700,T,KO,F,400,68.04
2025-10-31,9:32:23.787710731,T,KO,F I,32,68.04
2025-10-31,9:32:23.788212894,T,KO,I,93,68.04
2025-10-31,9:32:23.788231084,T,KO,I,1,68.04
2025-10-31,9:32:23.788234222,T,KO,I,1,68.04
2025-10-31,9:32:23.788480482,T,KO,F I,5,68.04
2025-10-31,9:32:23.789081927,T,KO,F,100,68.04
2025-10-31,9:32:24.812993736,T,KO,F I,20,68.02
2025-10-31,9:32:25.035141734,T,KO,I,32,68.01
2025-10-31,9:32:27.016930987,T,KO,F,190,68.01
2025-10-31,9:32:27.101859718,T,KO,F I,1,68.02
2025-10-31,9:32:27.101882288,T,KO,F I,99,68.02
2025-10-31,9:32:27.101887669,T,KO,F I,57,68.02
2025-10-31,9:32:27.101887669,T,KO,F,100,68.02
2025-10-31,9:32:27.101887669,T,KO,F I,3,68.02
2025-10-31,9:32:27.101893228,T,KO,F I,3,68.02
2025-10-31,9:32:27.101893228,T,KO,F,100,68.02
2025-10-31,9:32:27.101899046,T,KO,F,162,68.02
2025-10-31,9:32:27.101899046,T,KO,I,1,68.02
2025-10-31,9:32:27.101904538,T,KO,I,37,68.02
2025-10-31,9:32:27.101907342,T,KO,,200,68.02
2025-10-31,9:32:27.103068167,T,KO,,100,68.02
2025-10-31,9:32:27.103072046,T,KO,,200,68.02
2025-10-31,9:32:27.103077635,T,KO,,100,68.02
2025-10-31,9:32:27.103077635,T,KO,I,17,68.02
2025-10-31,9:32:27.103922872,T,KO,,100,68.01
2025-10-31,9:32:27.103922872,T,KO,I,50,68.01
2025-10-31,9:32:27.103925153,T,KO,,100,68.01
2025-10-31,9:32:27.103961444,T,KO,,100,68.01
2025-10-31,9:32:27.103994318,T,KO,,100,68.01
2025-10-31,9:32:27.104499994,T,KO,F,100,68.01
2025-10-31,9:32:27.104502940,T,KO,F,100,68.01
2025-10-31,9:32:27.104908537,T,KO,I,7,68.01
2025-10-31,9:32:27.104911552,T,KO,I,93,68.01
2025-10-31,9:32:27.106406505,T,KO,F I,75,68.01
2025-10-31,9:32:27.106406505,T,KO,F I,21,68.01
2025-10-31,9:32:27.106409219,T,KO,F,100,68.01
2025-10-31,9:32:27.140525634,T,KO,I,1,68.0
2025-10-31,9:32:27.140528554,T,KO,I,2,68.0
2025-10-31,9:32:27.140532511,T,KO,,100,68.0
2025-10-31,9:32:27.140532511,T,KO,I,4,68.0
2025-10-31,9:32:27.140537599,T,KO,I,2,68.0
2025-10-31,9:32:27.140540714,T,KO,I,2,68.0
2025-10-31,9:32:27.140543721,T,KO,I,1,68.0
2025-10-31,9:32:27.140543721,T,KO,I,4,68.0
2025-10-31,9:32:27.140550169,T,KO,I,3,68.0
2025-10-31,9:32:27.140550169,T,KO,I,2,68.0
2025-10-31,9:32:27.140555898,T,KO,I,10,68.0
2025-10-31,9:32:27.140555898,T,KO,I,1,68.0
2025-10-31,9:32:27.140559152,T,KO,I,10,68.0
2025-10-31,9:32:27.140562311,T,KO,I,9,68.0
2025-10-31,9:32:27.140562311,T,KO,I,1,68.0
2025-10-31,9:32:27.140564395,T,KO,,100,68.0
2025-10-31,9:32:27.140568517,T,KO,,100,68.0
2025-10-31,9:32:27.140570425,T,KO,,114,68.0
2025-10-31,9:32:27.140574093,T,KO,F,836,68.0
2025-10-31,9:32:27.140574093,T,KO,F,100,68.0
2025-10-31,9:32:27.140579700,T,KO,F,263,68.0
2025-10-31,9:32:27.140579700,T,KO,I,40,68.0
2025-10-31,9:32:27.140582578,T,KO,I,1,68.0
2025-10-31,9:32:27.140582578,T,KO,F,100,68.0
2025-10-31,9:32:27.140582578,T,KO,F,904,68.0
2025-10-31,9:32:27.143800176,T,KO,F I,68,67.99
2025-10-31,9:32:27.256295047,T,KO,I,80,67.97
2025-10-31,9:32:28.729995128,T,KO,I,19,67.95
2025-10-31,9:32:28.729995128,T,KO,,100,67.95
2025-10-31,9:32:30.175287469,T,KO,I,91,67.91
2025-10-31,9:32:30.175305472,T,KO,I,1,67.91
2025-10-31,9:32:30.175323475,T,KO,,217,67.91
2025-10-31,9:32:30.179548593,T,KO,I,14,67.91
2025-10-31,9:32:30.179572696,T,KO,F,293,67.91
2025-10-31,9:32:30.179572696,T,KO,F I,67,67.91
2025-10-31,9:32:30.179596737,T,KO,I,1,67.91
2025-10-31,9:32:30.179606400,T,KO,F,189,67.91
2025-10-31,9:32:30.179626741,T,KO,I,87,67.91
2025-10-31,9:32:30.179647782,T,KO,I,13,67.91
2025-10-31,9:32:30.179846251,T,KO,F I,67,67.91
2025-10-31,9:32:30.179864285,T,KO,I,1,67.91
2025-10-31,9:32:30.179876666,T,KO,F I,19,67.91
2025-10-31,9:32:30.179876666,T,KO,F I,13,67.91
2025-10-31,9:32:30.241424431,T,KO,F,100,67.92
2025-10-31,9:32:30.241424431,T,KO,F I,54,67.92
2025-10-31,9:32:30.241429950,T,KO,F I,50,67.92
2025-10-31,9:32:30.241429950,T,KO,F,100,67.92
2025-10-31,9:32:30.241432944,T,KO,F I,67,67.92
2025-10-31,9:32:30.244386073,T,KO,I,5,67.93
2025-10-31,9:32:30.341748912,T,KO,F I,50,67.94
2025-10-31,9:32:30.342513325,T,KO,F I,7,67.95
2025-10-31,9:32:30.342519641,T,KO,F I,50,67.96
2025-10-31,9:32:30.342521892,T,KO,F,100,67.96
2025-10-31,9:32:30.342527710,T,KO,F,300,67.96
2025-10-31,9:32:30.342774325,T,KO,F I,50,67.96
2025-10-31,9:32:30.343980182,T,KO,I,31,67.96
2025-10-31,9:32:30.344067384,T,KO,F I,5,67.96
2025-10-31,9:32:30.344717009,T,KO,F I,50,67.97
2025-10-31,9:32:30.344720838,T,KO,F,100,67.97
2025-10-31,9:32:30.708902367,T,KO,F,100,67.98
2025-10-31,9:32:30.709579079,T,KO,F I,50,67.99
2025-10-31,9:32:33.146787765,T,KO,F I,54,67.98
2025-10-31,9:32:33.146814886,T,KO,F I,3,67.98
2025-10-31,9:32:33.732721850,T,KO,F I,50,67.98
2025-10-31,9:32:33.732724341,T,KO,F,100,67.99
2025-10-31,9:32:33.732727311,T,KO,I,50,67.99
2025-10-31,9:32:34.052388728,T,KO,,108,67.99
2025-10-31,9:32:34.052407131,T,KO,I,1,67.99
2025-10-31,9:32:34.052409747,T,KO,I,91,67.99
2025-10-31,9:32:37.287184203,T,KO,,100,67.99
2025-10-31,9:32:38.698998897,T,KO,I,50,67.96
2025-10-31,9:32:41.168847496,T,KO,F,100,67.95
2025-10-31,9:32:41.371894066,T,KO,,100,67.96
2025-10-31,9:32:42.838195455,T,KO,I,59,67.96
2025-10-31,9:32:43.616915067,T,KO,I,10,67.97
2025-10-31,9:32:45.009270363,T,KO,,100,67.97
2025-10-31,9:32:46.556122022,T,KO,F I,83,67.98
2025-10-31,9:32:46.556128004,T,KO,F I,17,67.98
2025-10-31,9:32:46.556128004,T,KO,F I,13,67.98
2025-10-31,9:32:46.556148570,T,KO,I,1,67.98
2025-10-31,9:32:46.556158066,T,KO,I,86,67.98
2025-10-31,9:32:46.556160594,T,KO,I,10,67.98
2025-10-31,9:32:46.556164078,T,KO,I,1,67.98
2025-10-31,9:32:46.556164078,T,KO,I,3,67.98
2025-10-31,9:32:46.556167185,T,KO,I,17,67.98
2025-10-31,9:32:46.556169751,T,KO,F I,2,67.98
2025-10-31,9:32:46.556169751,T,KO,F I,4,67.98
2025-10-31,9:32:46.556172627,T,KO,F I,11,67.98
2025-10-31,9:32:46.556175752,T,KO,F I,6,67.98
2025-10-31,9:32:46.556175752,T,KO,F I,11,67.98
2025-10-31,9:32:46.556181649,T,KO,F I,31,67.98
2025-10-31,9:32:46.556181649,T,KO,F I,19,67.98
2025-10-31,9:32:46.556196760,T,KO,F I,23,67.98
2025-10-31,9:32:46.556205707,T,KO,F I,61,67.98
2025-10-31,9:32:46.556205707,T,KO,F I,6,67.98
2025-10-31,9:32:46.556208768,T,KO,F I,3,67.98
2025-10-31,9:32:46.556458280,T,KO,F I,53,67.98
2025-10-31,9:32:46.556464365,T,KO,F,100,67.98
2025-10-31,9:32:46.556467409,T,KO,F,125,67.98
2025-10-31,9:32:46.556473644,T,KO,F I,8,67.98
2025-10-31,9:32:46.556476813,T,KO,F I,1,67.98
2025-10-31,9:32:47.134531156,T,KO,I,10,67.98
2025-10-31,9:32:47.713238710,T,KO,F,100,67.99
2025-10-31,9:32:47.713256609,T,KO,I,1,67.99
2025-10-31,9:32:48.174853041,T,KO,F I,92,68.01
2025-10-31,9:32:48.174868176,T,KO,I,1,68.01
2025-10-31,9:32:48.174877081,T,KO,F I,7,68.01
2025-10-31,9:32:50.873107637,T,KO,F I,12,68.01
2025-10-31,9:32:53.325691981,T,KO,F,100,68.01
2025-10-31,9:32:54.540630660,T,KO,F I,99,68.02
2025-10-31,9:32:54.540633732,T,KO,F I,50,68.02
2025-10-31,9:32:54.540637070,T,KO,F,100,68.02
2025-10-31,9:32:57.224910936,T,KO,F I,1,68.04
2025-10-31,9:33:02.656727312,T,KO,,100,68.07
2025-10-31,9:33:02.656730324,T,KO,I,25,68.07
2025-10-31,9:33:03.008297677,T,KO,I,5,68.07
2025-10-31,9:33:03.172076814,T,KO,,250,68.075
2025-10-31,9:33:03.172137011,T,KO,,100,68.075
2025-10-31,9:33:04.133583870,T,KO,F,100,68.09
2025-10-31,9:33:04.157773418,T,KO,F,100,68.11
2025-10-31,9:33:05.221713509,T,KO,,100,68.12
2025-10-31,9:33:05.221734586,T,KO,I,1,68.12
2025-10-31,9:33:05.221755653,T,KO,I,1,68.12
2025-10-31,9:33:05.221797721,T,KO,,100,68.11
2025-10-31,9:33:05.221869895,T,KO,,100,68.12
2025-10-31,9:33:05.221873339,T,KO,I,48,68.12
2025-10-31,9:33:06.388396248,T,KO,F,100,68.12
2025-10-31,9:33:06.388411260,T,KO,F,100,68.12
2025-10-31,9:33:06.956602720,T,KO,F I,48,68.17
2025-10-31,9:33:06.956602720,T,KO,F I,50,68.17
2025-10-31,9:33:06.957378377,T,KO,F,100,68.17
2025-10-31,9:33:06.957381381,T,KO,F,200,68.17
2025-10-31,9:33:07.830453898,T,KO,F I,38,68.165
2025-10-31,9:33:13.859892663,T,KO,F I,1,68.17
2025-10-31,9:33:14.142442608,T,KO,F I,50,68.14
2025-10-31,9:33:14.142442608,T,KO,F I,2,68.14
2025-10-31,9:33:20.691013709,T,KO,F,100,68.15
2025-10-31,9:33:20.691052845,T,KO,F,100,68.16
2025-10-31,9:33:20.809523049,T,KO,,100,68.17
2025-10-31,9:33:20.809523049,T,KO,I,91,68.17
2025-10-31,9:33:20.809538091,T,KO,I,1,68.17
2025-10-31,9:33:20.809541096,T,KO,I,1,68.17
2025-10-31,9:33:21.409954000,T,KO,I,50,68.16
2025-10-31,9:33:21.422051824,T,KO,,100,68.15
2025-10-31,9:33:21.422069867,T,KO,I,1,68.15
2025-10-31,9:33:21.422072885,T,KO,I,31,68.15
2025-10-31,9:33:23.393391204,T,KO,F I,7,68.15
2025-10-31,9:33:26.243561511,T,KO,F I,3,68.16
2025-10-31,9:33:26.243576612,T,KO,F I,47,68.16
2025-10-31,9:33:26.366611551,T,KO,F,100,68.16
2025-10-31,9:33:29.651235738,T,KO,F I,99,68.18
2025-10-31,9:33:29.651253771,T,KO,I,1,68.18
2025-10-31,9:33:29.651257625,T,KO,I,1,68.18
2025-10-31,9:33:29.651259869,T,KO,F I,7,68.18
2025-10-31,9:33:30.603916742,T,KO,F I,1,68.18
2025-10-31,9:33:38.001900077,T,KO,,100,68.185
2025-10-31,9:33:42.055963837,T,KO,F I,85,68.22
2025-10-31,9:33:42.055975894,T,KO,F I,15,68.22
2025-10-31,9:33:42.055978946,T,KO,F I,11,68.22
2025-10-31,9:33:42.055996939,T,KO,F,100,68.23
2025-10-31,9:33:44.876961840,T,KO,I,1,68.24
2025-10-31,9:33:44.876982881,T,KO,I,1,68.24
2025-10-31,9:33:44.876997902,T,KO,I,98,68.24
2025-10-31,9:33:44.876997902,T,KO,,182,68.24
2025-10-31,9:33:44.877019180,T,KO,I,1,68.24
2025-10-31,9:33:44.877040010,T,KO,,111,68.24
2025-10-31,9:33:44.878029285,T,KO,,100,68.25
2025-10-31,9:33:44.878053427,T,KO,I,1,68.25
2025-10-31,9:33:44.878158665,T,KO,F I,14,68.24
2025-10-31,9:33:44.878161605,T,KO,F,100,68.24
2025-10-31,9:33:44.878218743,T,KO,,100,68.24
2025-10-31,9:33:44.878239791,T,KO,I,1,68.24
2025-10-31,9:33:45.917990304,T,KO,I,98,68.24
2025-10-31,9:33:45.918011688,T,KO,I,70,68.24
2025-10-31,9:33:45.918011688,T,KO,I,28,68.24
2025-10-31,9:33:45.997860564,T,KO,,100,68.24
2025-10-31,9:33:47.475688343,T,KO,I,72,68.24
2025-10-31,9:33:48.224567965,T,KO,I,53,68.25
2025-10-31,9:33:48.509610892,T,KO,F I,50,68.25
2025-10-31,9:33:48.510019838,T,KO,F,100,68.24
2025-10-31,9:33:48.510113111,T,KO,,100,68.25
2025-10-31,9:33:48.510347762,T,KO,,100,68.25
2025-10-31,9:33:48.510347762,T,KO,I,89,68.24
2025-10-31,9:33:48.510353865,T,KO,I,42,68.24
2025-10-31,9:33:48.510353865,T,KO,,100,68.24
2025-10-31,9:33:48.510353865,T,KO,I,91,68.24
2025-10-31,9:33:48.510846895,T,KO,I,99,68.24
2025-10-31,9:33:49.791359682,T,KO,I,2,68.23
2025-10-31,9:33:49.791362693,T,KO,I,39,68.23
2025-10-31,9:33:51.923678382,T,KO,I,1,68.23
2025-10-31,9:33:51.923681414,T,KO,I,64,68.23
2025-10-31,9:33:51.923684396,T,KO,,251,68.23
2025-10-31,9:34:01.181600415,T,KO,I,11,68.25
2025-10-31,9:34:01.181621534,T,KO,I,1,68.25
2025-10-31,9:34:01.181675689,T,KO,I,88,68.25
2025-10-31,9:34:01.742947488,T,KO,I,1,68.26
2025-10-31,9:34:01.742968502,T,KO,I,1,68.26
2025-10-31,9:34:01.743563928,T,KO,I,98,68.26
2025-10-31,9:34:01.743587989,T,KO,I,1,68.26
2025-10-31,9:34:01.743591137,T,KO,F I,89,68.26
2025-10-31,9:34:03.624559027,T,KO,I,6,68.24
2025-10-31,9:34:06.862395124,T,KO,F,100,68.25
2025-10-31,9:34:07.280868435,T,KO,I,1,68.26
2025-10-31,9:34:07.280868435,T,KO,I,42,68.26
2025-10-31,9:34:07.280871466,T,KO,I,57,68.26
2025-10-31,9:34:07.280886526,T,KO,I,1,68.26
2025-10-31,9:34:07.280889532,T,KO,I,1,68.26
2025-10-31,9:34:07.281404802,T,KO,I,58,68.25
2025-10-31,9:34:07.281404802,T,KO,I,35,68.25
2025-10-31,9:34:07.281409731,T,KO,I,25,68.25
2025-10-31,9:34:07.281409731,T,KO,I,50,68.25
2025-10-31,9:34:10.357562427,T,KO,F I,50,68.23
2025-10-31,9:34:10.358184833,T,KO,I,1,68.23
2025-10-31,9:34:10.358212588,T,KO,F I,1,68.23
2025-10-31,9:34:10.358236127,T,KO,F,100,68.23
2025-10-31,9:34:10.625882570,T,KO,F,100,68.22
2025-10-31,9:34:12.112767857,T,KO,I,62,68.22
2025-10-31,9:34:14.440741540,T,KO,I,48,68.21
2025-10-31,9:34:14.440813804,T,KO,F I,41,68.2
2025-10-31,9:34:14.440825747,T,KO,F,100,68.2
2025-10-31,9:34:14.440843882,T,KO,I,1,68.2
2025-10-31,9:34:14.441138510,T,KO,F,100,68.2
2025-10-31,9:34:15.233279527,T,KO,F,250,68.19
2025-10-31,9:34:15.584639201,T,KO,I,1,68.2
2025-10-31,9:34:15.584642241,T,KO,I,41,68.2
2025-10-31,9:34:21.555134380,T,KO,,100,68.205
2025-10-31,9:34:22.222041754,T,KO,F I,65,68.24
2025-10-31,9:34:22.222041754,T,KO,F I,7,68.24
2025-10-31,9:34:22.222044846,T,KO,F,100,68.24
2025-10-31,9:34:24.542999681,T,KO,I,46,68.25
2025-10-31,9:34:24.543002762,T,KO,I,25,68.25
2025-10-31,9:34:24.543005856,T,KO,,100,68.25
2025-10-31,9:34:24.543005856,T,KO,I,50,68.25
2025-10-31,9:34:24.543685324,T,KO,F I,49,68.26
2025-10-31,9:34:24.543685324,T,KO,F,100,68.26
2025-10-31,9:34:24.543733479,T,KO,,100,68.26
2025-10-31,9:34:24.543856705,T,KO,,100,68.25
2025-10-31,9:34:24.543859701,T,KO,I,50,68.25
2025-10-31,9:34:24.543863328,T,KO,,100,68.25
2025-10-31,9:34:24.543863328,T,KO,,100,68.25
2025-10-31,9:34:24.544265699,T,KO,,200,68.25
2025-10-31,9:34:24.544728774,T,KO,,100,68.25
2025-10-31,9:34:24.544731812,T,KO,,100,68.25
2025-10-31,9:34:24.545197904,T,KO,I,45,68.25
2025-10-31,9:34:26.386895474,T,KO,I,35,68.25
2025-10-31,9:34:26.399336151,T,KO,F,100,68.25
2025-10-31,9:34:33.007626436,T,KO,I,5,68.22
2025-10-31,9:34:33.872895285,T,KO,F,100,68.2
2025-10-31,9:34:35.227056520,T,KO,F I,2,68.19
2025-10-31,9:34:35.231997154,T,KO,F,200,68.18
2025-10-31,9:34:35.900684800,T,KO,I,5,68.16
2025-10-31,9:34:38.287812534,T,KO,F I,1,68.18
2025-10-31,9:34:38.287831275,T,KO,F,101,68.18
2025-10-31,9:34:41.811632341,T,KO,,100,68.165
2025-10-31,9:34:42.045177582,T,KO,,100,68.17
2025-10-31,9:34:45.658965922,T,KO,F I,50,68.16
2025-10-31,9:34:45.660409250,T,KO,F I,1,68.16
2025-10-31,9:34:45.660409250,T,KO,F I,7,68.16
2025-10-31,9:34:45.684249996,T,KO,I,44,68.15
2025-10-31,9:34:49.626005251,T,KO,F,100,68.17
2025-10-31,9:34:50.893328770,T,KO,I,3,68.16
2025-10-31,9:34:51.057498750,T,KO,I,50,68.16
2025-10-31,9:34:51.142298101,T,KO,I,1,68.16
2025-10-31,9:34:51.142298101,T,KO,I,2,68.16
2025-10-31,9:34:51.142300729,T,KO,I,50,68.16
2025-10-31,9:34:51.979218092,T,KO,F I,50,68.16
2025-10-31,9:34:55.570906700,T,KO,F I,50,68.17
2025-10-31,9:34:55.570909678,T,KO,F I,2,68.17
2025-10-31,9:34:55.570918704,T,KO,F I,52,68.17
2025-10-31,9:34:55.579140810,T,KO,,100,68.16
2025-10-31,9:34:55.579144070,T,KO,I,42,68.16
2025-10-31,9:34:55.579149214,T,KO,,100,68.16
2025-10-31,9:34:55.579149214,T,KO,I,39,68.16
2025-10-31,9:34:55.579152436,T,KO,I,50,68.16
2025-10-31,9:34:55.579152436,T,KO,I,2,68.16
2025-10-31,9:34:55.579155304,T,KO,I,25,68.16
2025-10-31,9:34:58.626003151,T,KO,,100,68.145
2025-10-31,9:34:58.626156440,T,KO,F I,42,68.15
2025-10-31,9:34:58.626378962,T,KO,,100,68.15
2025-10-31,9:35:03.077508522,T,KO,,100,68.13
2025-10-31,9:35:03.431442485,T,KO,I,50,68.11
2025-10-31,9:35:03.431445452,T,KO,,100,68.11
2025-10-31,9:35:03.434892034,T,KO,F I,42,68.12
2025-10-31,9:35:03.434892034,T,KO,F,100,68.12
2025-10-31,9:35:03.434895883,T,KO,F I,41,68.12
2025-10-31,9:35:03.434895883,T,KO,F I,61,68.12
2025-10-31,9:35:03.434897681,T,KO,F I,50,68.12
2025-10-31,9:35:03.434901287,T,KO,F,100,68.12
2025-10-31,9:35:03.434901287,T,KO,F I,35,68.12
2025-10-31,9:35:03.435129804,T,KO,,100,68.11
2025-10-31,9:35:03.435129804,T,KO,,100,68.11
2025-10-31,9:35:03.435132236,T,KO,I,53,68.11
2025-10-31,9:35:03.435135258,T,KO,I,50,68.11
2025-10-31,9:35:03.435135258,T,KO,,100,68.11
2025-10-31,9:35:04.393145160,T,KO,F,100,68.11
2025-10-31,9:35:04.393145160,T,KO,F I,25,68.11
2025-10-31,9:35:04.393148576,T,KO,F,100,68.11
2025-10-31,9:35:04.393163118,T,KO,I,1,68.11
2025-10-31,9:35:04.393166067,T,KO,F I,99,68.11
2025-10-31,9:35:07.596602900,T,KO,F,100,68.13
2025-10-31,9:35:07.596605910,T,KO,F I,50,68.13
2025-10-31,9:35:08.878682516,T,KO,I,51,68.12
2025-10-31,9:35:08.878700562,T,KO,F I,2,68.12
2025-10-31,9:35:08.878712601,T,KO,F I,2,68.12
2025-10-31,9:35:08.878718667,T,KO,I,34,68.12
2025-10-31,9:35:09.949407087,T,KO,F I,89,68.11
2025-10-31,9:35:09.949421766,T,KO,F I,11,68.11
2025-10-31,9:35:09.949508941,T,KO,I,50,68.11
2025-10-31,9:35:10.809040113,T,KO,F I,4,68.105
2025-10-31,9:35:10.809046115,T,KO,I,96,68.105
2025-10-31,9:35:10.809058137,T,KO,F I,12,68.11
2025-10-31,9:35:10.809061259,T,KO,F I,1,68.11
2025-10-31,9:35:10.910856689,T,KO,I,37,68.1
2025-10-31,9:35:10.963996177,T,KO,I,37,68.11
2025-10-31,9:35:11.127904608,T,KO,I,50,68.12
2025-10-31,9:35:11.174109675,T,KO,,100,68.12
2025-10-31,9:35:13.306873406,T,KO,F I,23,68.13
2025-10-31,9:35:13.456455643,T,KO,F I,48,68.125
2025-10-31,9:35:15.778625553,T,KO,F I,50,68.14
2025-10-31,9:35:16.479074824,T,KO,F,100,68.16
2025-10-31,9:35:16.479077812,T,KO,F I,50,68.16
2025-10-31,9:35:16.561026039,T,KO,,100,68.165
2025-10-31,9:35:17.069477008,T,KO,,100,68.165
2025-10-31,9:35:20.182374206,T,KO,F,100,68.18
2025-10-31,9:35:20.182816263,T,KO,F,100,68.19
2025-10-31,9:35:20.182816263,T,KO,F I,2,68.19
2025-10-31,9:35:20.724027356,T,KO,I,3,68.21
2025-10-31,9:35:27.061140794,T,KO,,100,68.205
2025-10-31,9:35:27.492903189,T,KO,,100,68.21
2025-10-31,9:35:28.113277705,T,KO,,100,68.215
2025-10-31,9:35:30.080148398,T,KO,F I,2,68.25
2025-10-31,9:35:30.081306160,T,KO,I,35,68.26
2025-10-31,9:35:32.423596933,T,KO,F,100,68.255
2025-10-31,9:35:32.423599925,T,KO,F I,32,68.26
2025-10-31,9:35:32.584589385,T,KO,F I,46,68.25
2025-10-31,9:35:32.584589385,T,KO,F I,54,68.25
2025-10-31,9:35:32.584591361,T,KO,F I,7,68.25
2025-10-31,9:35:32.584657543,T,KO,F I,7,68.25
2025-10-31,9:35:33.801138849,T,KO,F I,30,68.24
2025-10-31,9:35:35.223078566,T,KO,F I,1,68.22
2025-10-31,9:35:35.223081608,T,KO,F I,77,68.22
2025-10-31,9:35:36.355359599,T,KO,F I,29,68.21
2025-10-31,9:35:36.355359599,T,KO,F,135,68.21
2025-10-31,9:35:39.778090434,T,KO,F I,7,68.22
2025-10-31,9:35:39.778246891,T,KO,I,50,68.22
2025-10-31,9:35:40.881514516,T,KO,F,100,68.23
2025-10-31,9:35:40.881517554,T,KO,F I,70,68.23
2025-10-31,9:35:43.039619625,T,KO,F,100,68.24
2025-10-31,9:35:43.039634698,T,KO,I,1,68.24
2025-10-31,9:35:43.040112821,T,KO,,190,68.24
2025-10-31,9:35:47.239109901,T,KO,I,9,68.24
2025-10-31,9:35:47.241467543,T,KO,F,100,68.25
2025-10-31,9:35:47.241467543,T,KO,F,169,68.25
2025-10-31,9:35:47.241488556,T,KO,I,1,68.25
2025-10-31,9:35:51.377966634,T,KO,F I,68,68.26
2025-10-31,9:35:51.377966634,T,KO,F I,42,68.26
2025-10-31,9:35:51.377985075,T,KO,I,1,68.26
2025-10-31,9:35:51.377988125,T,KO,I,1,68.26
2025-10-31,9:35:51.377990751,T,KO,F I,56,68.26
2025-10-31,9:35:51.377994086,T,KO,F I,2,68.26
2025-10-31,9:35:53.223519618,T,KO,F,1000,68.25
2025-10-31,9:35:53.223522372,T,KO,F I,7,68.25
2025-10-31,9:35:53.223525398,T,KO,F I,2,68.25
2025-10-31,9:35:55.376079238,T,KO,F I,98,68.24
2025-10-31,9:35:55.376097297,T,KO,I,1,68.24
2025-10-31,9:35:55.376097297,T,KO,I,1,68.24
2025-10-31,9:35:55.376217585,T,KO,F I,2,68.24
2025-10-31,9:35:57.132905568,T,KO,I,54,68.25
2025-10-31,9:35:57.711282191,T,KO,F,203,68.25
2025-10-31,9:35:57.711294180,T,KO,F I,47,68.25
2025-10-31,9:35:57.711297165,T,KO,F,203,68.26
2025-10-31,9:35:57.711767222,T,KO,,100,68.25
2025-10-31,9:35:57.711772850,T,KO,,100,68.25
2025-10-31,9:35:57.711772850,T,KO,,100,68.25
2025-10-31,9:35:57.711775330,T,KO,I,47,68.25
2025-10-31,9:35:57.711779311,T,KO,I,37,68.25
2025-10-31,9:35:57.711779311,T,KO,I,63,68.25
2025-10-31,9:35:57.711793355,T,KO,I,1,68.25
2025-10-31,9:35:57.722336443,T,KO,I,58,68.24
2025-10-31,9:36:00.011367796,T,KO,F,100,68.245
2025-10-31,9:36:00.011370882,T,KO,F,100,68.25
2025-10-31,9:36:00.011370882,T,KO,F,150,68.25
2025-10-31,9:36:00.011376393,T,KO,F,100,68.25
2025-10-31,9:36:00.011376393,T,KO,F I,67,68.25
2025-10-31,9:36:00.011376393,T,KO,F I,66,68.25
2025-10-31,9:36:00.011380005,T,KO,F I,12,68.25
2025-10-31,9:36:00.011586974,T,KO,I,1,68.25
2025-10-31,9:36:01.653046575,T,KO,F,164,68.22
2025-10-31,9:36:03.341511028,T,KO,I,7,68.215
2025-10-31,9:36:03.915608410,T,KO,F I,60,68.215
2025-10-31,9:36:06.858086618,T,KO,F,131,68.2
2025-10-31,9:36:09.913138127,T,KO,F I,31,68.19
2025-10-31,9:36:09.913162359,T,KO,F I,16,68.19
2025-10-31,9:36:12.354536135,T,KO,F I,50,68.17
2025-10-31,9:36:12.354620128,T,KO,I,7,68.17
2025-10-31,9:36:12.354623093,T,KO,I,32,68.17
2025-10-31,9:36:14.580690050,T,KO,I,30,68.16
2025-10-31,9:36:17.030486948,T,KO,F,100,68.16
2025-10-31,9:36:20.001602503,T,KO,I,46,68.15
2025-10-31,9:36:20.002062557,T,KO,I,12,68.15
2025-10-31,9:36:20.578857347,T,KO,F I,2,68.15
2025-10-31,9:36:23.988621598,T,KO,,100,68.16
2025-10-31,9:36:24.922751486,T,KO,F I,34,68.15
2025-10-31,9:36:27.423862638,T,KO,F,100,68.15
2025-10-31,9:36:29.025826101,T,KO,I,46,68.14
2025-10-31,9:36:29.025829115,T,KO,,100,68.14
2025-10-31,9:36:29.025847799,T,KO,I,1,68.14
2025-10-31,9:36:30.351166720,T,KO,I,50,68.14
2025-10-31,9:36:30.351239033,T,KO,F I,1,68.14
2025-10-31,9:36:30.351259929,T,KO,,100,68.14
2025-10-31,9:36:30.351289982,T,KO,F I,41,68.14
2025-10-31,9:36:30.351289982,T,KO,F I,1,68.14
2025-10-31,9:36:30.351485835,T,KO,F I,99,68.14
2025-10-31,9:36:30.351485835,T,KO,F I,50,68.14
2025-10-31,9:36:30.502294628,T,KO,,100,68.135
2025-10-31,9:36:30.953195188,T,KO,F I,36,68.13
2025-10-31,9:36:35.698731181,T,KO,,100,68.11
2025-10-31,9:36:37.178168021,T,KO,F I,42,68.1
2025-10-31,9:36:37.178170863,T,KO,F,100,68.1
2025-10-31,9:36:41.302328503,T,KO,F,100,68.1
2025-10-31,9:36:46.936036670,T,KO,F I,7,68.09
2025-10-31,9:36:50.413035042,T,KO,I,2,68.08
2025-10-31,9:36:50.413053059,T,KO,I,2,68.08
2025-10-31,9:36:52.634113081,T,KO,I,1,68.07
2025-10-31,9:36:53.180006309,T,KO,I,25,68.07
2025-10-31,9:36:53.180487424,T,KO,I,20,68.07
2025-10-31,9:36:53.180541578,T,KO,I,10,68.07
2025-10-31,9:36:53.180694972,T,KO,F I,80,68.07
2025-10-31,9:36:58.322353211,T,KO,F I,47,68.05
2025-10-31,9:37:00.280939101,T,KO,I,1,68.045
2025-10-31,9:37:05.691915791,T,KO,F I,1,68.04
2025-10-31,9:37:09.639138192,T,KO,F I,55,68.04
2025-10-31,9:37:09.639147190,T,KO,F,190,68.04
2025-10-31,9:37:18.314254302,T,KO,F I,50,68.04
2025-10-31,9:37:18.315309776,T,KO,F,100,68.06
2025-10-31,9:37:18.315309776,T,KO,F I,11,68.06
2025-10-31,9:37:18.322256467,T,KO,F,250,68.075
2025-10-31,9:37:18.322256467,T,KO,F,250,68.08
2025-10-31,9:37:18.322259265,T,KO,I,50,68.08
2025-10-31,9:37:18.322262456,T,KO,,100,68.08
2025-10-31,9:37:18.322740462,T,KO,I,2,68.09
2025-10-31,9:37:18.322743502,T,KO,,300,68.09
2025-10-31,9:37:18.328469220,T,KO,I,41,68.09
2025-10-31,9:37:18.328493191,T,KO,I,41,68.08
2025-10-31,9:37:18.328496184,T,KO,I,2,68.08
2025-10-31,9:37:18.328496184,T,KO,I,40,68.08
2025-10-31,9:37:18.328499210,T,KO,I,33,68.08
2025-10-31,9:37:18.329518570,T,KO,F I,41,68.08
2025-10-31,9:37:18.329521629,T,KO,F I,46,68.08
2025-10-31,9:37:18.329591483,T,KO,I,1,68.08
2025-10-31,9:37:18.329594062,T,KO,I,53,68.08
2025-10-31,9:37:18.329596927,T,KO,I,41,68.08
2025-10-31,9:37:18.329599785,T,KO,I,6,68.08
2025-10-31,9:37:18.329599785,T,KO,I,1,68.08
2025-10-31,9:37:18.329888501,T,KO,,100,68.08
2025-10-31,9:37:18.354784736,T,KO,I,7,68.08
2025-10-31,9:37:18.441980488,T,KO,I,93,68.08
2025-10-31,9:37:18.441980488,T,KO,,100,68.08
2025-10-31,9:37:18.442209021,T,KO,F,300,68.09
2025-10-31,9:37:18.442215371,T,KO,F,100,68.09
2025-10-31,9:37:18.442215371,T,KO,F I,50,68.09
2025-10-31,9:37:18.442218239,T,KO,F,100,68.09
2025-10-31,9:37:18.443174316,T,KO,F,300,68.1
2025-10-31,9:37:22.224855428,T,KO,F,100,68.1
2025-10-31,9:37:24.784284329,T,KO,F I,50,68.09
2025-10-31,9:37:24.784287305,T,KO,F I,2,68.09
2025-10-31,9:37:28.125909381,T,KO,F I,62,68.09
2025-10-31,9:37:28.125909381,T,KO,F I,38,68.09
2025-10-31,9:37:31.662702108,T,KO,F,100,68.1
2025-10-31,9:37:31.662705446,T,KO,F I,10,68.1
2025-10-31,9:37:31.662753404,T,KO,F,100,68.1
2025-10-31,9:37:31.662753404,T,KO,F I,10,68.1
2025-10-31,9:37:31.662816388,T,KO,F I,19,68.1
2025-10-31,9:37:31.667931561,T,KO,I,1,68.1
2025-10-31,9:37:31.668067274,T,KO,F I,13,68.1
2025-10-31,9:37:31.668069900,T,KO,F I,17,68.1
2025-10-31,9:37:31.668073664,T,KO,F,199,68.1
2025-10-31,9:37:31.933972233,T,KO,,100,68.095
2025-10-31,9:37:31.933975171,T,KO,I,13,68.1
2025-10-31,9:37:33.357659021,T,KO,I,8,68.11
2025-10-31,9:37:34.143821567,T,KO,F,100,68.14
2025-10-31,9:37:34.143824572,T,KO,F,100,68.14
2025-10-31,9:37:34.144621463,T,KO,F I,70,68.14
2025-10-31,9:37:39.712626018,T,KO,F I,11,68.14
2025-10-31,9:37:41.967351629,T,KO,F I,5,68.14
2025-10-31,9:37:41.967354470,T,KO,F I,6,68.14
2025-10-31,9:37:41.967405481,T,KO,F,100,68.15
2025-10-31,9:37:41.967408344,T,KO,F I,50,68.15
2025-10-31,9:37:47.696064668,T,KO,F I,58,68.15
2025-10-31,9:37:47.696088731,T,KO,F I,42,68.15
2025-10-31,9:37:47.696091751,T,KO,F,100,68.15
2025-10-31,9:37:47.919126953,T,KO,,100,68.155
2025-10-31,9:37:52.722497409,T,KO,F,159,68.15
2025-10-31,9:37:52.722497409,T,KO,F I,15,68.15
2025-10-31,9:37:56.349427072,T,KO,F,100,68.14
2025-10-31,9:37:56.349427072,T,KO,F,100,68.14
2025-10-31,9:37:59.224120809,T,KO,F I,3,68.15
2025-10-31,9:37:59.224123806,T,KO,F I,97,68.15
2025-10-31,9:37:59.224126784,T,KO,F I,10,68.15
2025-10-31,9:37:59.224144871,T,KO,I,1,68.15
2025-10-31,9:37:59.231181602,T,KO,F I,38,68.15
2025-10-31,9:37:59.231184627,T,KO,F I,56,68.15
2025-10-31,9:38:04.600247562,T,KO,F I,38,68.11
2025-10-31,9:38:04.600247562,T,KO,F,100,68.11
2025-10-31,9:38:04.600250561,T,KO,F I,50,68.11
2025-10-31,9:38:04.600340696,T,KO,F,100,68.11
2025-10-31,9:38:04.600584315,T,KO,F,100,68.11
2025-10-31,9:38:08.011313909,T,KO,F I,2,68.11
2025-10-31,9:38:12.003222767,T,KO,I,27,68.11
2025-10-31,9:38:14.967054782,T,KO,,250,68.1
2025-10-31,9:38:14.967054782,T,KO,I,10,68.1
2025-10-31,9:38:17.949170477,T,KO,I,10,68.08
2025-10-31,9:38:21.570326227,T,KO,F I,1,68.07
2025-10-31,9:38:31.450764112,T,KO,I,1,68.04
2025-10-31,9:38:35.132300671,T,KO,F I,49,68.04
2025-10-31,9:38:35.132304042,T,KO,F I,26,68.04
2025-10-31,9:38:35.132318695,T,KO,F I,31,68.04
2025-10-31,9:38:38.119733015,T,KO,F I,78,68.06
2025-10-31,9:38:38.119742347,T,KO,F I,22,68.06
2025-10-31,9:38:38.119742347,T,KO,F I,50,68.06
2025-10-31,9:38:38.131412798,T,KO,I,43,68.065
2025-10-31,9:38:38.133713311,T,KO,F I,43,68.06
2025-10-31,9:38:38.133716274,T,KO,F I,57,68.06
2025-10-31,9:38:38.479732814,T,KO,I,10,68.05
2025-10-31,9:38:38.479735676,T,KO,I,50,68.05
2025-10-31,9:38:38.479735676,T,KO,I,40,68.05
2025-10-31,9:38:46.598914445,T,KO,F,190,68.04
2025-10-31,9:38:46.598917290,T,KO,F,100,68.04
2025-10-31,9:38:57.987077090,T,KO,F I,2,68.04
2025-10-31,9:38:57.987648476,T,KO,I,36,68.04
2025-10-31,9:38:57.987931148,T,KO,I,41,68.04
2025-10-31,9:38:57.987934088,T,KO,I,57,68.04
2025-10-31,9:38:57.987952158,T,KO,F I,33,68.04
2025-10-31,9:38:57.987955578,T,KO,I,10,68.04
2025-10-31,9:38:57.987955578,T,KO,I,43,68.04
2025-10-31,9:38:57.987958215,T,KO,I,47,68.04
2025-10-31,9:38:57.987961201,T,KO,I,1,68.04
2025-10-31,9:38:57.987973197,T,KO,I,86,68.04
2025-10-31,9:38:57.988794419,T,KO,F I,11,68.04
2025-10-31,9:38:57.988797236,T,KO,F I,38,68.04
2025-10-31,9:38:57.988800231,T,KO,F I,41,68.04
2025-10-31,9:38:58.063119179,T,KO,I,11,68.04
2025-10-31,9:38:58.063122656,T,KO,I,1,68.04
2025-10-31,9:38:58.063125371,T,KO,,100,68.04
2025-10-31,9:38:58.063125371,T,KO,I,38,68.04
2025-10-31,9:38:58.063128216,T,KO,I,38,68.04
2025-10-31,9:39:02.463154070,T,KO,F I,38,68.04
2025-10-31,9:39:02.463169116,T,KO,F I,6,68.04
2025-10-31,9:39:02.463806582,T,KO,I,32,68.04
2025-10-31,9:39:02.603432093,T,KO,,100,68.04
2025-10-31,9:39:02.603435229,T,KO,I,38,68.04
2025-10-31,9:39:02.604189985,T,KO,F I,38,68.04
2025-10-31,9:39:02.608995367,T,KO,I,36,68.04
2025-10-31,9:39:02.608995367,T,KO,,100,68.04
2025-10-31,9:39:02.662411673,T,KO,I,3,68.045
2025-10-31,9:39:02.932815624,T,KO,F I,2,68.05
2025-10-31,9:39:02.932956985,T,KO,F I,44,68.06
2025-10-31,9:39:02.932956985,T,KO,F I,4,68.06
2025-10-31,9:39:02.934830455,T,KO,I,5,68.06
2025-10-31,9:39:02.935359693,T,KO,I,2,68.06
2025-10-31,9:39:02.952915521,T,KO,F I,36,68.06
2025-10-31,9:39:02.952933594,T,KO,F I,4,68.06
2025-10-31,9:39:03.435730492,T,KO,F I,34,68.05
2025-10-31,9:39:03.435730492,T,KO,F I,36,68.05
2025-10-31,9:39:04.393132832,T,KO,F I,50,68.04
2025-10-31,9:39:04.623189696,T,KO,,100,68.04
2025-10-31,9:39:04.623210800,T,KO,I,1,68.04
2025-10-31,9:39:06.371075847,T,KO,F I,50,68.05
2025-10-31,9:39:06.371818544,T,KO,I,37,68.05
2025-10-31,9:39:06.371818544,T,KO,I,63,68.05
2025-10-31,9:39:06.371836575,T,KO,I,1,68.05
2025-10-31,9:39:07.378192562,T,KO,F I,37,68.05
2025-10-31,9:39:07.378240671,T,KO,I,37,68.05
2025-10-31,9:39:07.378279718,T,KO,F,100,68.05
2025-10-31,9:39:11.112369578,T,KO,F I,26,68.04
2025-10-31,9:39:11.112396602,T,KO,F I,11,68.04
2025-10-31,9:39:11.113163388,T,KO,I,11,68.04
2025-10-31,9:39:11.113166502,T,KO,,100,68.04
2025-10-31,9:39:11.113169409,T,KO,,100,68.04
2025-10-31,9:39:11.113181511,T,KO,I,1,68.04
2025-10-31,9:39:12.140106391,T,KO,I,5,68.05
2025-10-31,9:39:12.140109458,T,KO,,100,68.05
2025-10-31,9:39:14.006594932,T,KO,I,3,68.05
2025-10-31,9:39:15.290692365,T,KO,I,25,68.05
2025-10-31,9:39:15.426679193,T,KO,I,54,68.05
2025-10-31,9:39:18.133901165,T,KO,F I,9,68.06
2025-10-31,9:39:18.134523648,T,KO,I,91,68.06
2025-10-31,9:39:18.134526640,T,KO,,100,68.06
2025-10-31,9:39:20.369637321,T,KO,F I,44,68.07
2025-10-31,9:39:20.369637321,T,KO,F I,4,68.07
2025-10-31,9:39:20.369639280,T,KO,I,18,68.07
2025-10-31,9:39:20.369642584,T,KO,I,26,68.07
2025-10-31,9:39:20.369645315,T,KO,F I,44,68.07
2025-10-31,9:39:20.369648215,T,KO,F I,30,68.07
2025-10-31,9:39:24.063038946,T,KO,,100,68.08
2025-10-31,9:39:28.402858505,T,KO,F I,50,68.08
2025-10-31,9:39:37.974027595,T,KO,,190,68.07
2025-10-31,9:39:42.155330489,T,KO,,100,68.075
2025-10-31,9:39:42.155333606,T,KO,,100,68.08
2025-10-31,9:39:42.155337069,T,KO,,100,68.08
2025-10-31,9:39:42.155337069,T,KO,I,29,68.08
2025-10-31,9:39:42.155339554,T,KO,I,1,68.08
2025-10-31,9:39:42.155345539,T,KO,I,1,68.08
2025-10-31,9:39:42.155351606,T,KO,I,1,68.08
2025-10-31,9:39:42.155381570,T,KO,I,1,68.08
2025-10-31,9:39:42.155384575,T,KO,I,97,68.08
2025-10-31,9:39:42.155396738,T,KO,I,1,68.08
2025-10-31,9:39:42.655024773,T,KO,I,2,68.08
2025-10-31,9:39:46.341919918,T,KO,F I,50,68.08
2025-10-31,9:39:46.341935052,T,KO,F I,33,68.08
2025-10-31,9:39:46.963247823,T,KO,F,100,68.09
2025-10-31,9:39:46.963250813,T,KO,F,341,68.09
2025-10-31,9:39:46.964727285,T,KO,F I,11,68.1
2025-10-31,9:39:46.964730361,T,KO,F,100,68.1
2025-10-31,9:39:51.996049649,T,KO,F,100,68.12
2025-10-31,9:39:51.996052719,T,KO,F,100,68.12
2025-10-31,9:39:53.673129137,T,KO,F,100,68.13
2025-10-31,9:39:53.673129137,T,KO,F,100,68.13
2025-10-31,9:39:53.673865829,T,KO,,100,68.13
2025-10-31,9:40:00.548530657,T,KO,F I,2,68.13
2025-10-31,9:40:04.028506086,T,KO,,200,68.12
2025-10-31,9:40:04.041860869,T,KO,I,48,68.12
2025-10-31,9:40:04.330088357,T,KO,,100,68.115
2025-10-31,9:40:05.441493474,T,KO,,200,68.11
2025-10-31,9:40:05.442113023,T,KO,I,50,68.11
2025-10-31,9:40:06.806597865,T,KO,F,100,68.12
2025-10-31,9:40:06.806600981,T,KO,F I,11,68.12
2025-10-31,9:40:06.806600981,T,KO,F I,48,68.12
2025-10-31,9:40:06.826174486,T,KO,I,2,68.12
2025-10-31,9:40:06.826282767,T,KO,,100,68.12
2025-10-31,9:40:06.827137296,T,KO,I,47,68.12
2025-10-31,9:40:06.827137296,T,KO,I,5,68.12
2025-10-31,9:40:06.827179913,T,KO,F,100,68.13
2025-10-31,9:40:06.827179913,T,KO,F,103,68.13
2025-10-31,9:40:06.827185014,T,KO,F,100,68.13
2025-10-31,9:40:06.827185014,T,KO,F I,50,68.13
2025-10-31,9:40:06.827188806,T,KO,F,100,68.13
2025-10-31,9:40:06.879242412,T,KO,F I,8,68.13
2025-10-31,9:40:06.879242412,T,KO,F I,39,68.13
2025-10-31,9:40:06.879247897,T,KO,F,100,68.13
2025-10-31,9:40:06.879247897,T,KO,F I,47,68.13
2025-10-31,9:40:06.879250960,T,KO,F I,2,68.13
2025-10-31,9:40:07.439181502,T,KO,F I,59,68.13
2025-10-31,9:40:07.439197101,T,KO,F I,6,68.13
2025-10-31,9:40:07.439636202,T,KO,F,100,68.14
2025-10-31,9:40:07.439636202,T,KO,F I,50,68.14
2025-10-31,9:40:07.439638681,T,KO,F I,59,68.14
2025-10-31,9:40:07.440080710,T,KO,F I,99,68.14
2025-10-31,9:40:07.440104657,T,KO,F I,1,68.14
2025-10-31,9:40:07.440113780,T,KO,I,29,68.14
2025-10-31,9:40:07.475219387,T,KO,I,26,68.14
2025-10-31,9:40:12.909778201,T,KO,I,1,68.16
2025-10-31,9:40:12.909781143,T,KO,I,11,68.16
2025-10-31,9:40:20.815791453,T,KO,F,100,68.17
2025-10-31,9:40:20.815791453,T,KO,F I,2,68.17
2025-10-31,9:40:30.564389226,T,KO,,100,68.14
2025-10-31,9:40:30.625022644,T,KO,,100,68.14
2025-10-31,9:40:31.642378863,T,KO,,100,68.14
2025-10-31,9:40:31.753276917,T,KO,I,70,68.14
2025-10-31,9:40:32.361686035,T,KO,I,1,68.14
2025-10-31,9:40:34.192290103,T,KO,F,100,68.14
2025-10-31,9:40:34.468491898,T,KO,I,22,68.14
2025-10-31,9:40:34.468491898,T,KO,I,78,68.14
2025-10-31,9:40:36.160883750,T,KO,F I,1,68.15
2025-10-31,9:40:36.161494204,T,KO,F I,99,68.15
2025-10-31,9:40:36.165851651,T,KO,I,50,68.15
2025-10-31,9:40:42.560525223,T,KO,F I,6,68.14
2025-10-31,9:40:48.246338453,T,KO,F I,50,68.15
2025-10-31,9:40:48.246338453,T,KO,F I,19,68.15
2025-10-31,9:40:48.246666272,T,KO,I,81,68.15
2025-10-31,9:40:48.770059793,T,KO,I,3,68.155
2025-10-31,9:40:49.831329574,T,KO,I,2,68.155
2025-10-31,9:40:50.691895177,T,KO,F I,1,68.15
2025-10-31,9:40:51.420187795,T,KO,I,1,68.15
2025-10-31,9:40:54.702947624,T,KO,I,4,68.14
2025-10-31,9:40:54.702950545,T,KO,I,11,68.14
2025-10-31,9:40:54.703236231,T,KO,F I,1,68.14
2025-10-31,9:40:54.703260261,T,KO,F I,45,68.14
2025-10-31,9:40:59.157932256,T,KO,F I,1,68.14
2025-10-31,9:40:59.157932256,T,KO,F I,44,68.14
2025-10-31,9:40:59.157935220,T,KO,F I,1,68.14
2025-10-31,9:40:59.157959399,T,KO,F I,45,68.14
2025-10-31,9:40:59.157981049,T,KO,F I,9,68.14
2025-10-31,9:40:59.172005710,T,KO,I,10,68.13
2025-10-31,9:40:59.172005710,T,KO,I,3,68.13
2025-10-31,9:40:59.172008773,T,KO,I,87,68.13
2025-10-31,9:40:59.843847882,T,KO,I,17,68.13
2025-10-31,9:41:01.637578179,T,KO,I,90,68.12
2025-10-31,9:41:07.339918701,T,KO,F,100,68.13
2025-10-31,9:41:07.339921710,T,KO,F,100,68.13
2025-10-31,9:41:07.734293011,T,KO,,100,68.145
2025-10-31,9:41:07.768661871,T,KO,,100,68.145
2025-10-31,9:41:08.340109934,T,KO,F I,49,68.145
2025-10-31,9:41:08.341508301,T,KO,,100,68.15
2025-10-31,9:41:08.341526576,T,KO,I,1,68.15
2025-10-31,9:41:08.341632170,T,KO,I,99,68.15
2025-10-31,9:41:08.341634794,T,KO,,100,68.15
2025-10-31,9:41:08.341634794,T,KO,I,15,68.15
2025-10-31,9:41:08.346686651,T,KO,,100,68.16
2025-10-31,9:41:09.937493576,T,KO,F,100,68.15
2025-10-31,9:41:13.429154792,T,KO,,100,68.15
2025-10-31,9:41:13.429217938,T,KO,F,100,68.15
2025-10-31,9:41:13.497937630,T,KO,,100,68.15
2025-10-31,9:41:20.253927909,T,KO,F,100,68.14
2025-10-31,9:41:23.429840257,T,KO,F I,5,68.15
2025-10-31,9:41:25.369667376,T,KO,,100,68.15
2025-10-31,9:41:26.987244066,T,KO,I,1,68.15
2025-10-31,9:41:35.193342117,T,KO,F I,1,68.14
2025-10-31,9:41:41.073790849,T,KO,F I,15,68.13
2025-10-31,9:41:44.478912041,T,KO,F I,2,68.11
2025-10-31,9:41:46.695331993,T,KO,I,44,68.12
2025-10-31,9:41:49.036976345,T,KO,,100,68.12
2025-10-31,9:41:50.944344251,T,KO,,100,68.12
2025-10-31,9:41:52.727546345,T,KO,F,810,68.11
2025-10-31,9:41:52.728211482,T,KO,,100,68.11
2025-10-31,9:41:52.728214459,T,KO,I,50,68.11
2025-10-31,9:41:52.728217341,T,KO,,100,68.11
2025-10-31,9:41:52.728217341,T,KO,,190,68.11
2025-10-31,9:41:52.728268078,T,KO,,100,68.11
2025-10-31,9:41:52.728286186,T,KO,F,102,68.11
2025-10-31,9:41:52.728295328,T,KO,F,168,68.11
2025-10-31,9:41:52.728295328,T,KO,F,100,68.11
2025-10-31,9:41:56.423150411,T,KO,,100,68.105
2025-10-31,9:41:59.972549669,T,KO,F,100,68.1
2025-10-31,9:42:01.287885023,T,KO,F I,88,68.09
2025-10-31,9:42:01.287906171,T,KO,I,1,68.09
2025-10-31,9:42:01.287906171,T,KO,I,14,68.09
2025-10-31,9:42:01.287909073,T,KO,I,88,68.09
2025-10-31,9:42:01.287912141,T,KO,I,62,68.09
2025-10-31,9:42:02.263947155,T,KO,F I,2,68.09
2025-10-31,9:42:02.263947155,T,KO,F,100,68.09
2025-10-31,9:42:02.263949775,T,KO,F,100,68.09
2025-10-31,9:42:02.263962116,T,KO,F,100,68.09
2025-10-31,9:42:05.267873407,T,KO,F I,2,68.09
2025-10-31,9:42:05.348519604,T,KO,,100,68.095
2025-10-31,9:42:05.427060532,T,KO,,100,68.095
2025-10-31,9:42:08.576991008,T,KO,F,100,68.09
2025-10-31,9:42:17.563799429,T,KO,,100,68.09
2025-10-31,9:42:20.503700486,T,KO,F I,4,68.1
2025-10-31,9:42:20.503703521,T,KO,F,100,68.1
2025-10-31,9:42:24.138114911,T,KO,,100,68.11
2025-10-31,9:42:24.338259481,T,KO,F,100,68.12
2025-10-31,9:42:25.456244295,T,KO,I,50,68.11
2025-10-31,9:42:25.456247333,T,KO,I,2,68.11
2025-10-31,9:42:25.456250778,T,KO,I,7,68.11
2025-10-31,9:42:25.456250778,T,KO,I,62,68.11
2025-10-31,9:42:29.227514936,T,KO,F I,35,68.1
2025-10-31,9:42:29.227517584,T,KO,F,100,68.1
2025-10-31,9:42:29.227884486,T,KO,I,9,68.09
2025-10-31,9:42:29.227884486,T,KO,I,5,68.09
2025-10-31,9:42:32.061464401,T,KO,I,4,68.09
2025-10-31,9:42:38.470512193,T,KO,I,2,68.08
2025-10-31,9:42:38.470512193,T,KO,I,98,68.08
2025-10-31,9:42:38.470564046,T,KO,I,18,68.08
2025-10-31,9:42:55.507921385,T,KO,,100,68.085
2025-10-31,9:42:55.586285505,T,KO,I,2,68.08
2025-10-31,9:42:55.586287912,T,KO,,135,68.08
2025-10-31,9:42:55.586291035,T,KO,I,1,68.08
2025-10-31,9:42:55.586291035,T,KO,I,9,68.08
2025-10-31,9:42:55.587256214,T,KO,F I,7,68.07
2025-10-31,9:43:00.350249661,T,KO,F I,48,68.06
2025-10-31,9:43:00.350267500,T,KO,F I,12,68.06
2025-10-31,9:43:00.350267500,T,KO,F I,52,68.06
2025-10-31,9:43:00.350273560,T,KO,F I,49,68.06
2025-10-31,9:43:01.112553511,T,KO,I,10,68.05
2025-10-31,9:43:03.887045285,T,KO,F,100,68.05
2025-10-31,9:43:03.887063335,T,KO,F I,23,68.05
2025-10-31,9:43:03.887066314,T,KO,I,1,68.05
2025-10-31,9:43:03.889917193,T,KO,I,36,68.05
2025-10-31,9:43:03.972283339,T,KO,I,18,68.05
2025-10-31,9:43:06.767242310,T,KO,F I,36,68.05
2025-10-31,9:43:06.767263611,T,KO,F I,18,68.05
2025-10-31,9:43:08.175752100,T,KO,I,50,68.06
2025-10-31,9:43:08.308289711,T,KO,,100,68.06
2025-10-31,9:43:22.415414621,T,KO,F I,1,68.06
2025-10-31,9:43:22.415414621,T,KO,F I,1,68.06
2025-10-31,9:43:22.415420768,T,KO,F I,1,68.06
2025-10-31,9:43:22.415423556,T,KO,F I,15,68.06
2025-10-31,9:43:22.491119810,T,KO,,100,68.055
2025-10-31,9:43:28.479225025,T,KO,F I,1,68.05
2025-10-31,9:43:28.479225025,T,KO,F I,50,68.05
2025-10-31,9:43:28.479240021,T,KO,I,50,68.05
2025-10-31,9:43:28.479240021,T,KO,F I,23,68.05
2025-10-31,9:43:30.219509023,T,KO,F I,92,68.05
2025-10-31,9:43:30.219509023,T,KO,F I,8,68.05
2025-10-31,9:43:30.219518000,T,KO,F,100,68.05
2025-10-31,9:43:30.219520952,T,KO,F I,2,68.05
2025-10-31,9:43:30.219520952,T,KO,F I,35,68.05
2025-10-31,9:43:30.219527442,T,KO,I,1,68.05
2025-10-31,9:43:30.240910964,T,KO,I,25,68.055
2025-10-31,9:43:30.420540721,T,KO,I,52,68.055
2025-10-31,9:43:33.006492956,T,KO,I,5,68.045
2025-10-31,9:43:35.020915742,T,KO,F,100,68.04
2025-10-31,9:43:35.025465540,T,KO,F,100,68.05
2025-10-31,9:43:35.025468764,T,KO,F,100,68.05
2025-10-31,9:43:35.025468764,T,KO,F I,1,68.05
2025-10-31,9:43:35.025486633,T,KO,I,1,68.05
2025-10-31,9:43:35.025519673,T,KO,F I,48,68.05
2025-10-31,9:43:35.025805437,T,KO,F I,52,68.05
2025-10-31,9:43:36.119744946,T,KO,F,100,68.06
2025-10-31,9:43:40.227436628,T,KO,F I,2,68.07
2025-10-31,9:43:40.227436628,T,KO,F,100,68.07
2025-10-31,9:43:40.227453706,T,KO,F I,18,68.07
2025-10-31,9:43:40.227456686,T,KO,I,1,68.07
2025-10-31,9:43:40.227480814,T,KO,F,181,68.07
2025-10-31,9:43:42.864668663,T,KO,F I,80,68.08
2025-10-31,9:43:42.864671646,T,KO,F,100,68.08
2025-10-31,9:43:43.005876040,T,KO,I,1,68.085
2025-10-31,9:43:43.005903105,T,KO,,250,68.085
2025-10-31,9:43:44.241820071,T,KO,F,100,68.08
2025-10-31,9:43:44.241820071,T,KO,F I,2,68.08
2025-10-31,9:43:44.242439386,T,KO,I,2,68.08
2025-10-31,9:43:44.242439386,T,KO,I,51,68.08
2025-10-31,9:43:44.242442244,T,KO,,100,68.08
2025-10-31,9:43:51.325563553,T,KO,F I,25,68.09
2025-10-31,9:43:51.325567015,T,KO,F,100,68.09
2025-10-31,9:43:51.325569704,T,KO,F,153,68.09
2025-10-31,9:43:51.325569704,T,KO,F,100,68.09
2025-10-31,9:43:51.325572640,T,KO,F,100,68.09
2025-10-31,9:43:51.515201294,T,KO,I,2,68.1
2025-10-31,9:43:51.515204804,T,KO,,100,68.1
2025-10-31,9:43:51.515207592,T,KO,,100,68.1
2025-10-31,9:43:51.515207592,T,KO,,100,68.1
2025-10-31,9:43:51.517971886,T,KO,F,100,68.11
2025-10-31,9:43:51.517973884,T,KO,F,100,68.11
2025-10-31,9:43:51.517976837,T,KO,F,100,68.11
2025-10-31,9:43:54.227640548,T,KO,F,117,68.12
2025-10-31,9:43:54.227658655,T,KO,I,1,68.12
2025-10-31,9:43:54.227679653,T,KO,,497,68.12
2025-10-31,9:43:54.227787911,T,KO,F,100,68.12
2025-10-31,9:43:54.911210709,T,KO,F,100,68.125
2025-10-31,9:43:54.911213648,T,KO,F I,2,68.13
2025-10-31,9:44:01.274787418,T,KO,F I,51,68.12
2025-10-31,9:44:01.274787418,T,KO,F I,88,68.12
2025-10-31,9:44:01.274805280,T,KO,F I,10,68.12
2025-10-31,9:44:01.274808267,T,KO,F I,95,68.12
2025-10-31,9:44:01.392902577,T,KO,F,100,68.11
2025-10-31,9:44:05.965293389,T,KO,F I,18,68.14
2025-10-31,9:44:06.128575732,T,KO,,250,68.145
2025-10-31,9:44:10.138172687,T,KO,,100,68.14
2025-10-31,9:44:10.138187692,T,KO,I,1,68.14
2025-10-31,9:44:10.138214782,T,KO,I,55,68.14
2025-10-31,9:44:10.443324435,T,KO,F,100,68.14
2025-10-31,9:44:14.256123569,T,KO,,127,68.13
2025-10-31,9:44:14.256123569,T,KO,I,57,68.13
2025-10-31,9:44:16.601394418,T,KO,F I,2,68.12
2025-10-31,9:44:16.601397363,T,KO,F,190,68.12
2025-10-31,9:44:16.601400373,T,KO,F I,8,68.12
2025-10-31,9:44:16.601448480,T,KO,F,100,68.12
2025-10-31,9:44:16.601458422,T,KO,F I,54,68.12
2025-10-31,9:44:16.601463531,T,KO,F I,13,68.12
2025-10-31,9:44:16.601463531,T,KO,F I,55,68.12
2025-10-31,9:44:18.860633278,T,KO,I,1,68.13
2025-10-31,9:44:24.354021226,T,KO,I,54,68.13
2025-10-31,9:44:27.792085892,T,KO,,100,68.125
2025-10-31,9:44:29.766266918,T,KO,,321,68.12
2025-10-31,9:44:29.766266918,T,KO,F,100,68.12
2025-10-31,9:44:31.930485675,T,KO,I,1,68.125
2025-10-31,9:44:37.308693274,T,KO,I,48,68.12
2025-10-31,9:44:43.935360483,T,KO,I,81,68.12
2025-10-31,9:44:45.324254635,T,KO,F I,81,68.13
2025-10-31,9:44:45.356536350,T,KO,F,100,68.14
2025-10-31,9:44:48.976609631,T,KO,F,615,68.15
2025-10-31,9:44:51.162762479,T,KO,F I,70,68.15
2025-10-31,9:44:58.473540986,T,KO,F I,12,68.15
2025-10-31,9:44:58.569526619,T,KO,,100,68.16
2025-10-31,9:44:58.570720373,T,KO,F I,26,68.17
2025-10-31,9:44:58.570765573,T,KO,I,54,68.17
2025-10-31,9:45:01.778947682,T,KO,F I,3,68.18
2025-10-31,9:45:06.540915561,T,KO,F,136,68.19
2025-10-31,9:45:06.540931103,T,KO,I,1,68.19
2025-10-31,9:45:06.540931103,T,KO,I,1,68.19
2025-10-31,9:45:06.540948562,T,KO,I,6,68.19
2025-10-31,9:45:06.540996660,T,KO,I,47,68.19
2025-10-31,9:45:06.541153068,T,KO,I,47,68.19
2025-10-31,9:45:07.432752646,T,KO,,100,68.19
2025-10-31,9:45:09.847233362,T,KO,F,140,68.2
2025-10-31,9:45:10.363024806,T,KO,I,2,68.21
2025-10-31,9:45:10.363307701,T,KO,I,98,68.21
2025-10-31,9:45:10.363361681,T,KO,I,2,68.21
2025-10-31,9:45:12.085762052,T,KO,,100,68.205
2025-10-31,9:45:13.697225111,T,KO,,100,68.21
2025-10-31,9:45:13.697225111,T,KO,I,98,68.21
2025-10-31,9:45:13.697228283,T,KO,I,2,68.21
2025-10-31,9:45:13.697228283,T,KO,I,41,68.21
2025-10-31,9:45:13.698136295,T,KO,I,50,68.21
2025-10-31,9:45:13.698139243,T,KO,I,50,68.21
2025-10-31,9:45:13.698154770,T,KO,I,1,68.21
2025-10-31,9:45:14.277472065,T,KO,I,25,68.22
2025-10-31,9:45:14.290042082,T,KO,I,28,68.22
2025-10-31,9:45:14.290045099,T,KO,I,22,68.22
2025-10-31,9:45:14.302539822,T,KO,I,28,68.22
2025-10-31,9:45:14.953876130,T,KO,I,25,68.22
2025-10-31,9:45:16.280278361,T,KO,F I,7,68.19
2025-10-31,9:45:16.280296339,T,KO,F I,7,68.19
2025-10-31,9:45:16.280329387,T,KO,I,49,68.19
2025-10-31,9:45:16.280621323,T,KO,,100,68.19
2025-10-31,9:45:16.280621323,T,KO,I,1,68.19
2025-10-31,9:45:16.614004157,T,KO,I,26,68.19
2025-10-31,9:45:16.614064335,T,KO,I,23,68.19
2025-10-31,9:45:16.614067281,T,KO,I,7,68.19
2025-10-31,9:45:16.614301903,T,KO,F I,49,68.19
2025-10-31,9:45:16.614304862,T,KO,F,100,68.19
2025-10-31,9:45:16.614307860,T,KO,F I,2,68.19
2025-10-31,9:45:16.631638318,T,KO,F,104,68.2
2025-10-31,9:45:16.631641173,T,KO,F I,25,68.2
2025-10-31,9:45:16.631644149,T,KO,F,100,68.2
2025-10-31,9:45:16.631644149,T,KO,F,100,68.2
2025-10-31,9:45:16.956162059,T,KO,,100,68.21
2025-10-31,9:45:17.132902077,T,KO,I,35,68.215
2025-10-31,9:45:17.447691791,T,KO,I,2,68.21
2025-10-31,9:45:17.447694812,T,KO,I,8,68.21
2025-10-31,9:45:18.000877597,T,KO,F,100,68.22
2025-10-31,9:45:18.000877597,T,KO,F I,25,68.22
2025-10-31,9:45:18.000880624,T,KO,F,100,68.22
2025-10-31,9:45:18.000880624,T,KO,F I,2,68.22
2025-10-31,9:45:18.001822310,T,KO,I,49,68.22
2025-10-31,9:45:18.001824558,T,KO,I,41,68.22
2025-10-31,9:45:18.001827607,T,KO,I,10,68.22
2025-10-31,9:45:18.001842672,T,KO,I,1,68.22
2025-10-31,9:45:20.444410243,T,KO,F I,49,68.21
2025-10-31,9:45:20.444440329,T,KO,F I,49,68.21
2025-10-31,9:45:20.444440329,T,KO,F I,49,68.21
2025-10-31,9:45:20.857218434,T,KO,F I,49,68.21
2025-10-31,9:45:20.949893236,T,KO,F,100,68.22
2025-10-31,9:45:20.949908228,T,KO,I,1,68.22
2025-10-31,9:45:22.059969122,T,KO,F I,99,68.22
2025-10-31,9:45:22.059972171,T,KO,F,160,68.22
2025-10-31,9:45:28.619335969,T,KO,F I,50,68.2
2025-10-31,9:45:32.007135803,T,KO,F I,53,68.2
2025-10-31,9:45:32.553119189,T,KO,F I,46,68.21
2025-10-31,9:45:36.984540055,T,KO,F,108,68.21
2025-10-31,9:45:36.984563877,T,KO,F I,24,68.21
2025-10-31,9:45:36.984563877,T,KO,I,1,68.21
2025-10-31,9:45:36.984566959,T,KO,F I,10,68.21
2025-10-31,9:45:38.297199274,T,KO,F I,21,68.22
2025-10-31,9:45:38.297978130,T,KO,F I,2,68.22
2025-10-31,9:45:38.297978130,T,KO,F I,1,68.22
2025-10-31,9:45:38.541065057,T,KO,,400,68.22
2025-10-31,9:45:38.541188325,T,KO,I,2,68.22
2025-10-31,9:45:38.541191438,T,KO,I,50,68.22
2025-10-31,9:45:38.541546327,T,KO,F I,58,68.22
2025-10-31,9:45:38.541549274,T,KO,F I,2,68.22
2025-10-31,9:45:39.259440098,T,KO,I,57,68.22
2025-10-31,9:45:39.260631887,T,KO,F I,43,68.22
2025-10-31,9:45:39.260631887,T,KO,F I,1,68.22
2025-10-31,9:45:39.260634168,T,KO,F I,57,68.22
2025-10-31,9:45:39.260634168,T,KO,F I,1,68.22
2025-10-31,9:45:39.993671797,T,KO,F I,50,68.22
2025-10-31,9:45:39.993671797,T,KO,F I,14,68.22
2025-10-31,9:45:39.993674879,T,KO,F,100,68.22
2025-10-31,9:45:39.993689882,T,KO,F I,23,68.22
2025-10-31,9:45:39.993972543,T,KO,I,25,68.22
2025-10-31,9:45:39.994246580,T,KO,,100,68.22
2025-10-31,9:45:39.994246580,T,KO,,100,68.22
2025-10-31,9:45:39.994252544,T,KO,I,59,68.22
2025-10-31,9:45:40.194382360,T,KO,I,2,68.22
2025-10-31,9:45:40.194382360,T,KO,I,59,68.22
2025-10-31,9:45:40.615718419,T,KO,I,18,68.23
2025-10-31,9:45:42.321865051,T,KO,I,25,68.22
2025-10-31,9:45:44.742949639,T,KO,F I,14,68.21
2025-10-31,9:45:44.742958521,T,KO,I,6,68.21
2025-10-31,9:45:44.787420646,T,KO,I,57,68.21
2025-10-31,9:45:44.787423319,T,KO,,100,68.21
2025-10-31,9:45:44.787425478,T,KO,,100,68.21
2025-10-31,9:45:45.021840040,T,KO,F,100,68.22
2025-10-31,9:45:45.021842730,T,KO,F,100,68.22
2025-10-31,9:45:45.021846209,T,KO,F,127,68.22
2025-10-31,9:45:49.014587471,T,KO,I,57,68.22
2025-10-31,9:45:50.467179232,T,KO,F,100,68.2
2025-10-31,9:45:50.467200368,T,KO,I,1,68.2
2025-10-31,9:45:50.467206266,T,KO,F,106,68.2
2025-10-31,9:45:50.882219144,T,KO,,100,68.2
2025-10-31,9:45:55.425541826,T,KO,F I,50,68.21
2025-10-31,9:45:55.585080752,T,KO,,100,68.21
2025-10-31,9:45:55.585104854,T,KO,F,100,68.21
2025-10-31,9:45:55.588578746,T,KO,F I,25,68.2
2025-10-31,9:45:55.588582549,T,KO,F I,29,68.2
2025-10-31,9:45:55.588587308,T,KO,F,100,68.2
2025-10-31,9:45:55.588587308,T,KO,F I,14,68.2
2025-10-31,9:45:55.588590275,T,KO,F I,63,68.2
2025-10-31,9:45:56.108029274,T,KO,F I,10,68.2
2025-10-31,9:45:56.108029274,T,KO,F,397,68.19
2025-10-31,9:45:56.108032960,T,KO,F I,15,68.19
2025-10-31,9:45:56.108047493,T,KO,I,1,68.19
2025-10-31,9:46:01.712342447,T,KO,I,5,68.21
2025-10-31,9:46:02.864166860,T,KO,F I,50,68.21
2025-10-31,9:46:04.328477672,T,KO,F I,95,68.2
2025-10-31,9:46:04.328483490,T,KO,F,100,68.2
2025-10-31,9:46:07.603875774,T,KO,I,29,68.18
2025-10-31,9:46:07.721494911,T,KO,,100,68.18
2025-10-31,9:46:07.721515925,T,KO,I,1,68.18
2025-10-31,9:46:07.721624075,T,KO,F I,50,68.18
2025-10-31,9:46:07.722000054,T,KO,F I,50,68.18
2025-10-31,9:46:09.670015684,T,KO,F I,1,68.18
2025-10-31,9:46:09.670033823,T,KO,F I,1,68.18
2025-10-31,9:46:09.670057788,T,KO,,100,68.18
2025-10-31,9:46:09.670638202,T,KO,F I,57,68.18
2025-10-31,9:46:09.670638202,T,KO,F I,4,68.18
2025-10-31,9:46:10.386336822,T,KO,F I,57,68.18
2025-10-31,9:46:11.470488070,T,KO,I,6,68.185
2025-10-31,9:46:11.470488070,T,KO,I,94,68.185
2025-10-31,9:46:11.477645057,T,KO,,100,68.185
2025-10-31,9:46:12.210893448,T,KO,F,250,68.18
2025-10-31,9:46:12.655794170,T,KO,I,50,68.18
2025-10-31,9:46:12.655863270,T,KO,F I,2,68.18
2025-10-31,9:46:12.655947494,T,KO,I,56,68.18
2025-10-31,9:46:12.655950788,T,KO,,100,68.18
2025-10-31,9:46:13.753670012,T,KO,F I,2,68.19
2025-10-31,9:46:13.753670012,T,KO,F I,56,68.19
2025-10-31,9:46:14.556227458,T,KO,F I,95,68.18
2025-10-31,9:46:20.788466118,T,KO,F,100,68.18
2025-10-31,9:46:20.789618252,T,KO,F I,53,68.18
2025-10-31,9:46:21.855539933,T,KO,I,4,68.17
2025-10-31,9:46:21.855539933,T,KO,I,26,68.17
2025-10-31,9:46:21.914636484,T,KO,F I,24,68.17
2025-10-31,9:46:22.056487304,T,KO,I,29,68.17
2025-10-31,9:46:22.056839128,T,KO,F I,52,68.17
2025-10-31,9:46:22.056842120,T,KO,F I,2,68.17
2025-10-31,9:46:23.310621342,T,KO,I,31,68.17
2025-10-31,9:46:24.510467118,T,KO,F I,21,68.17
2025-10-31,9:46:29.394579774,T,KO,,100,68.17
2025-10-31,9:46:29.394594827,T,KO,I,1,68.17
2025-10-31,9:46:29.403544194,T,KO,F I,50,68.17
2025-10-31,9:46:29.403656004,T,KO,I,50,68.17
2025-10-31,9:46:29.403782371,T,KO,F I,50,68.17
2025-10-31,9:46:29.403782371,T,KO,F I,2,68.17
2025-10-31,9:46:29.403785051,T,KO,F I,50,68.17
2025-10-31,9:46:29.404362267,T,KO,I,50,68.17
2025-10-31,9:46:29.404362267,T,KO,I,50,68.17
2025-10-31,9:46:29.404365147,T,KO,,100,68.17
2025-10-31,9:46:29.406879121,T,KO,I,50,68.17
2025-10-31,9:46:32.322031340,T,KO,F,100,68.16
2025-10-31,9:46:32.322034357,T,KO,F I,1,68.16
2025-10-31,9:46:32.322049382,T,KO,I,1,68.16
2025-10-31,9:46:32.322416244,T,KO,F I,21,68.16
2025-10-31,9:46:32.337933232,T,KO,,100,68.155
2025-10-31,9:46:35.716113165,T,KO,F I,8,68.15
2025-10-31,9:46:35.716624427,T,KO,I,25,68.15
2025-10-31,9:46:35.716946201,T,KO,F,100,68.15
2025-10-31,9:46:37.998038258,T,KO,F,100,68.15
2025-10-31,9:46:38.883954292,T,KO,I,50,68.13
2025-10-31,9:46:38.883954292,T,KO,I,25,68.13
2025-10-31,9:46:38.897426360,T,KO,F I,48,68.125
2025-10-31,9:46:39.974964716,T,KO,F,100,68.13
2025-10-31,9:46:39.974964716,T,KO,F I,25,68.13
2025-10-31,9:46:50.334783350,T,KO,I,32,68.12
2025-10-31,9:46:51.069661743,T,KO,,100,68.125
2025-10-31,9:46:51.069875184,T,KO,,100,68.12
2025-10-31,9:46:51.069899261,T,KO,I,1,68.12
2025-10-31,9:46:51.249459991,T,KO,,100,68.125
2025-10-31,9:46:51.250732036,T,KO,I,31,68.13
2025-10-31,9:46:57.597360002,T,KO,,100,68.12
2025-10-31,9:46:59.391381991,T,KO,I,1,68.11
2025-10-31,9:47:03.295908582,T,KO,I,69,68.09
2025-10-31,9:47:03.296248449,T,KO,I,25,68.09
2025-10-31,9:47:03.296305592,T,KO,I,25,68.09
2025-10-31,9:47:03.555071845,T,KO,,100,68.09
2025-10-31,9:47:04.206895306,T,KO,I,18,68.09
2025-10-31,9:47:08.032553651,T,KO,,200,68.1
2025-10-31,9:47:09.929898262,T,KO,I,10,68.12
2025-10-31,9:47:10.055297022,T,KO,I,25,68.11
2025-10-31,9:47:10.055299862,T,KO,I,2,68.11
2025-10-31,9:47:10.055314929,T,KO,F I,6,68.11
2025-10-31,9:47:10.055624692,T,KO,I,25,68.11
2025-10-31,9:47:13.910106317,T,KO,F,100,68.1
2025-10-31,9:47:13.910106317,T,KO,F I,45,68.1
2025-10-31,9:47:15.169099792,T,KO,I,7,68.11
2025-10-31,9:47:15.169120713,T,KO,I,7,68.11
2025-10-31,9:47:15.169123737,T,KO,I,1,68.11
2025-10-31,9:47:19.676186662,T,KO,I,19,68.1
2025-10-31,9:47:19.680020748,T,KO,F I,51,68.1
2025-10-31,9:47:19.680020748,T,KO,F I,2,68.1
2025-10-31,9:47:19.680024012,T,KO,F I,2,68.1
2025-10-31,9:47:24.251111836,T,KO,F,100,68.09
2025-10-31,9:47:26.145434650,T,KO,,200,68.09
2025-10-31,9:47:26.355917977,T,KO,I,51,68.1
2025-10-31,9:47:26.355921205,T,KO,F I,51,68.1
2025-10-31,9:47:26.355936393,T,KO,F I,49,68.1
2025-10-31,9:47:32.730774390,T,KO,F I,26,68.08
2025-10-31,9:47:32.730801519,T,KO,F I,16,68.08
2025-10-31,9:47:32.730810445,T,KO,I,11,68.08
2025-10-31,9:47:33.229656599,T,KO,I,3,68.08
2025-10-31,9:47:41.553878902,T,KO,,100,68.08
2025-10-31,9:47:41.634786529,T,KO,,100,68.09
2025-10-31,9:47:41.634804581,T,KO,I,1,68.09
2025-10-31,9:47:41.634924889,T,KO,I,99,68.09
2025-10-31,9:47:46.866440296,T,KO,F I,1,68.09
2025-10-31,9:47:46.866464239,T,KO,F I,1,68.09
2025-10-31,9:47:55.118989692,T,KO,,190,68.08
2025-10-31,9:47:55.577972919,T,KO,I,60,68.08
2025-10-31,9:47:55.577975860,T,KO,,100,68.08
2025-10-31,9:47:55.748518147,T,KO,,100,68.08
2025-10-31,9:48:01.972760694,T,KO,F I,70,68.07
2025-10-31,9:48:13.468297327,T,KO,,100,68.065
2025-10-31,9:48:13.468309280,T,KO,F I,1,68.07
2025-10-31,9:48:13.468324441,T,KO,F I,99,68.07
2025-10-31,9:48:13.468324441,T,KO,F,100,68.07
2025-10-31,9:48:13.628912803,T,KO,,100,68.075
2025-10-31,9:48:14.388816701,T,KO,,100,68.1
2025-10-31,9:48:14.388852777,T,KO,F,250,68.1
2025-10-31,9:48:15.889059921,T,KO,F I,50,68.11
2025-10-31,9:48:18.874101596,T,KO,F,100,68.11
2025-10-31,9:48:19.843346131,T,KO,F I,50,68.12
2025-10-31,9:48:21.566239641,T,KO,I,74,68.14
2025-10-31,9:48:21.566260656,T,KO,F I,26,68.14
2025-10-31,9:48:22.605289445,T,KO,F I,50,68.16
2025-10-31,9:48:22.605293006,T,KO,F I,2,68.16
2025-10-31,9:48:22.605581097,T,KO,I,25,68.16
2025-10-31,9:48:22.605584045,T,KO,I,25,68.16
2025-10-31,9:48:25.639182456,T,KO,I,25,68.17
2025-10-31,9:48:38.854740679,T,KO,I,25,68.19
2025-10-31,9:48:39.065175945,T,KO,,100,68.185
2025-10-31,9:48:39.065202938,T,KO,,100,68.185
2025-10-31,9:48:42.568153138,T,KO,I,25,68.19
2025-10-31,9:48:42.568859755,T,KO,F,100,68.18
2025-10-31,9:48:42.577021212,T,KO,F,200,68.17
2025-10-31,9:48:42.594977058,T,KO,,100,68.165
2025-10-31,9:48:44.371223621,T,KO,F I,25,68.16
2025-10-31,9:48:44.371226667,T,KO,F I,2,68.16
2025-10-31,9:48:44.371229635,T,KO,F,100,68.16
2025-10-31,9:48:44.479905867,T,KO,F I,9,68.16
2025-10-31,9:48:44.479950629,T,KO,F,250,68.16
2025-10-31,9:48:44.480488836,T,KO,I,46,68.16
2025-10-31,9:48:44.480512907,T,KO,I,2,68.16
2025-10-31,9:48:48.842636516,T,KO,F I,46,68.15
2025-10-31,9:48:53.032771337,T,KO,I,2,68.15
2025-10-31,9:48:53.032771337,T,KO,I,50,68.15
2025-10-31,9:48:53.032774272,T,KO,I,48,68.15
2025-10-31,9:48:53.032786351,T,KO,I,51,68.15
2025-10-31,9:48:53.787048876,T,KO,I,4,68.14
2025-10-31,9:48:53.787704388,T,KO,I,46,68.14
2025-10-31,9:48:53.787875820,T,KO,F I,43,68.14
2025-10-31,9:48:55.730752291,T,KO,F I,15,68.16
2025-10-31,9:48:55.730857509,T,KO,I,85,68.16
2025-10-31,9:48:55.927024172,T,KO,F I,43,68.16
2025-10-31,9:48:55.927026688,T,KO,F I,2,68.16
2025-10-31,9:48:55.927029658,T,KO,F I,37,68.16
2025-10-31,9:48:59.720044931,T,KO,I,1,68.17
2025-10-31,9:48:59.720068752,T,KO,I,1,68.17
2025-10-31,9:48:59.928615495,T,KO,I,1,68.17
2025-10-31,9:48:59.928639549,T,KO,I,17,68.17
2025-10-31,9:49:00.110437884,T,KO,F I,17,68.17
2025-10-31,9:49:00.311457335,T,KO,F I,2,68.17
2025-10-31,9:49:03.007194913,T,KO,I,8,68.18
2025-10-31,9:49:05.602415074,T,KO,F I,69,68.17
2025-10-31,9:49:12.742368722,T,KO,F I,31,68.17
2025-10-31,9:49:13.076840376,T,KO,,100,68.17
2025-10-31,9:49:13.114429966,T,KO,,100,68.17
2025-10-31,9:49:13.137915811,T,KO,,100,68.165
2025-10-31,9:49:13.988034571,T,KO,,100,68.17
2025-10-31,9:49:13.988037579,T,KO,,150,68.17
2025-10-31,9:49:14.300683267,T,KO,,100,68.17
2025-10-31,9:49:14.300713373,T,KO,F,250,68.17
2025-10-31,9:49:17.068704038,T,KO,,100,68.17
2025-10-31,9:49:17.068707032,T,KO,I,90,68.17
2025-10-31,9:49:17.069332506,T,KO,F I,10,68.17
2025-10-31,9:49:21.869758950,T,KO,I,31,68.16
2025-10-31,9:49:23.278746785,T,KO,I,1,68.19
2025-10-31,9:49:26.443072479,T,KO,F I,50,68.22
2025-10-31,9:49:26.451008402,T,KO,I,19,68.22
2025-10-31,9:49:29.086476551,T,KO,I,38,68.22
2025-10-31,9:49:30.797783374,T,KO,F I,13,68.21
2025-10-31,9:49:30.797783374,T,KO,F I,3,68.21
2025-10-31,9:49:30.797792402,T,KO,F,187,68.21
2025-10-31,9:49:32.277436572,T,KO,,100,68.21
2025-10-31,9:49:32.996100268,T,KO,,100,68.21
2025-10-31,9:49:34.279229357,T,KO,,100,68.215
2025-10-31,9:49:34.279689538,T,KO,F I,12,68.21
2025-10-31,9:49:34.279692424,T,KO,F I,97,68.21
2025-10-31,9:49:34.280125478,T,KO,I,25,68.21
2025-10-31,9:49:37.347163583,T,KO,F I,50,68.21
2025-10-31,9:49:37.347163583,T,KO,F I,25,68.21
2025-10-31,9:49:40.899740875,T,KO,,100,68.21
2025-10-31,9:49:41.419035787,T,KO,F I,25,68.22
2025-10-31,9:49:44.720741273,T,KO,F I,25,68.24
2025-10-31,9:49:44.720744490,T,KO,F,100,68.24
2025-10-31,9:49:44.720744490,T,KO,F I,2,68.24
2025-10-31,9:49:44.720761730,T,KO,I,90,68.24
2025-10-31,9:49:44.721296972,T,KO,,100,68.24
2025-10-31,9:49:44.721318030,T,KO,I,1,68.24
2025-10-31,9:49:50.224223706,T,KO,F I,1,68.25
2025-10-31,9:49:50.224223706,T,KO,F I,50,68.25
2025-10-31,9:49:50.526599826,T,KO,I,72,68.25
2025-10-31,9:49:56.598854434,T,KO,I,22,68.26
2025-10-31,9:49:56.600631671,T,KO,,100,68.255
2025-10-31,9:49:56.600938353,T,KO,F I,46,68.25
2025-10-31,9:49:57.268071299,T,KO,F I,15,68.24
2025-10-31,9:49:57.268074311,T,KO,F,200,68.24
2025-10-31,9:50:00.976296619,T,KO,F,100,68.23
2025-10-31,9:50:00.976296619,T,KO,F I,96,68.23
2025-10-31,9:50:00.976300172,T,KO,F I,18,68.23
2025-10-31,9:50:00.976302382,T,KO,F I,66,68.23
2025-10-31,9:50:00.976302382,T,KO,F I,50,68.23
2025-10-31,9:50:00.976305918,T,KO,F I,60,68.23
2025-10-31,9:50:00.976317488,T,KO,I,12,68.23
2025-10-31,9:50:00.976819722,T,KO,I,25,68.23
2025-10-31,9:50:00.976901125,T,KO,F I,46,68.23
2025-10-31,9:50:00.976901125,T,KO,F I,50,68.23
2025-10-31,9:50:01.225764541,T,KO,F I,17,68.22
2025-10-31,9:50:01.510329941,T,KO,F I,14,68.21
2025-10-31,9:50:01.510398632,T,KO,F,250,68.21
2025-10-31,9:50:01.511011983,T,KO,F I,8,68.21
2025-10-31,9:50:01.511090752,T,KO,I,24,68.21
2025-10-31,9:50:01.511120167,T,KO,I,14,68.21
2025-10-31,9:50:01.511123178,T,KO,I,57,68.21
2025-10-31,9:50:01.511577311,T,KO,F I,25,68.21
2025-10-31,9:50:01.511577311,T,KO,F I,25,68.21
2025-10-31,9:50:01.511965207,T,KO,F I,21,68.21
2025-10-31,9:50:01.556414112,T,KO,F I,10,68.21
2025-10-31,9:50:01.556435581,T,KO,F I,36,68.21
2025-10-31,9:50:01.556438141,T,KO,F I,2,68.21
2025-10-31,9:50:01.556438141,T,KO,F I,14,68.21
2025-10-31,9:50:01.556441307,T,KO,F I,7,68.21
2025-10-31,9:50:01.556441307,T,KO,F I,14,68.21
2025-10-31,9:50:01.556444142,T,KO,F I,11,68.21
2025-10-31,9:50:01.556456201,T,KO,I,1,68.21
2025-10-31,9:50:01.556496157,T,KO,I,46,68.21
2025-10-31,9:50:01.556496157,T,KO,I,2,68.21
2025-10-31,9:50:01.556496157,T,KO,I,3,68.21
2025-10-31,9:50:01.556501352,T,KO,I,36,68.21
2025-10-31,9:50:01.556501352,T,KO,I,7,68.21
2025-10-31,9:50:02.887747943,T,KO,I,10,68.21
2025-10-31,9:50:02.887751061,T,KO,I,36,68.21
2025-10-31,9:50:04.005287641,T,KO,I,5,68.215
2025-10-31,9:50:04.084075380,T,KO,I,13,68.22
2025-10-31,9:50:04.084096449,T,KO,I,1,68.22
2025-10-31,9:50:05.696530818,T,KO,F I,1,68.22
2025-10-31,9:50:05.696536829,T,KO,F I,10,68.22
2025-10-31,9:50:05.696966928,T,KO,I,2,68.22
2025-10-31,9:50:05.696969846,T,KO,I,44,68.22
2025-10-31,9:50:05.696972939,T,KO,I,4,68.22
2025-10-31,9:50:05.697039009,T,KO,F I,2,68.22
2025-10-31,9:50:05.697054046,T,KO,F I,2,68.22
2025-10-31,9:50:05.697054046,T,KO,F I,42,68.22
2025-10-31,9:50:06.949224578,T,KO,,100,68.22
2025-10-31,9:50:06.973311890,T,KO,,100,68.22
2025-10-31,9:50:07.171219195,T,KO,F I,50,68.22
2025-10-31,9:50:07.627916934,T,KO,I,36,68.21
2025-10-31,9:50:09.135212537,T,KO,I,25,68.2
2025-10-31,9:50:13.912173544,T,KO,F I,50,68.2
2025-10-31,9:50:13.912224623,T,KO,I,44,68.2
2025-10-31,9:50:13.912224623,T,KO,I,32,68.2
2025-10-31,9:50:13.912242661,T,KO,F I,20,68.2
2025-10-31,9:50:13.912245644,T,KO,F I,9,68.2
2025-10-31,9:50:15.664071168,T,KO,F I,44,68.19
2025-10-31,9:50:15.664074151,T,KO,F I,10,68.19
2025-10-31,9:50:15.670533509,T,KO,I,10,68.18
2025-10-31,9:50:15.670533509,T,KO,I,40,68.18
2025-10-31,9:50:15.672418923,T,KO,F I,43,68.18
2025-10-31,9:50:20.182067819,T,KO,I,21,68.21
2025-10-31,9:50:20.400216457,T,KO,F,150,68.22
2025-10-31,9:50:25.707425430,T,KO,F I,25,68.23
2025-10-31,9:50:25.707482113,T,KO,F I,41,68.23
2025-10-31,9:50:25.707485107,T,KO,F,100,68.23
2025-10-31,9:50:25.707503152,T,KO,I,1,68.23
2025-10-31,9:50:26.044094828,T,KO,F I,51,68.23
2025-10-31,9:50:31.982073634,T,KO,I,33,68.24
2025-10-31,9:50:33.479983321,T,KO,,100,68.24
2025-10-31,9:50:35.802351817,T,KO,I,10,68.24
2025-10-31,9:50:35.895967631,T,KO,,100,68.25
2025-10-31,9:50:35.896551088,T,KO,I,41,68.25
2025-10-31,9:50:35.896554062,T,KO,I,2,68.25
2025-10-31,9:50:36.497556454,T,KO,F I,41,68.25
2025-10-31,9:50:46.901009854,T,KO,F I,53,68.25
2025-10-31,9:50:46.901012288,T,KO,F I,10,68.25
2025-10-31,9:50:56.922816638,T,KO,F I,2,68.25
2025-10-31,9:50:58.751983291,T,KO,F,100,68.24
2025-10-31,9:50:59.276570706,T,KO,F I,16,68.25
2025-10-31,9:50:59.277623270,T,KO,F I,50,68.255
2025-10-31,9:50:59.344379386,T,KO,,100,68.26
2025-10-31,9:50:59.344379386,T,KO,,100,68.26
2025-10-31,9:51:02.890515626,T,KO,I,67,68.26
2025-10-31,9:51:02.890515626,T,KO,I,50,68.26
2025-10-31,9:51:02.890530929,T,KO,I,1,68.26
2025-10-31,9:51:02.890566730,T,KO,I,56,68.26
2025-10-31,9:51:02.890569382,T,KO,,100,68.26
2025-10-31,9:51:02.890572459,T,KO,,100,68.26
2025-10-31,9:51:02.890590719,T,KO,I,1,68.26
2025-10-31,9:51:02.890590719,T,KO,I,1,68.26
2025-10-31,9:51:04.766635763,T,KO,I,1,68.26
2025-10-31,9:51:04.766640136,T,KO,I,56,68.26
2025-10-31,9:51:04.766644817,T,KO,,100,68.26
2025-10-31,9:51:04.766647722,T,KO,I,50,68.26
2025-10-31,9:51:09.226284612,T,KO,F,400,68.27
2025-10-31,9:51:09.226287879,T,KO,F,100,68.27
2025-10-31,9:51:09.226302575,T,KO,F,158,68.27
2025-10-31,9:51:09.226308637,T,KO,I,1,68.27
2025-10-31,9:51:09.226314662,T,KO,F I,41,68.27
2025-10-31,9:51:09.226314662,T,KO,F,100,68.27
2025-10-31,9:51:09.226317666,T,KO,F,100,68.27
2025-10-31,9:51:09.227102570,T,KO,F,100,68.28
2025-10-31,9:51:12.391563461,T,KO,F I,50,68.3
2025-10-31,9:51:12.942093756,T,KO,I,14,68.29
2025-10-31,9:51:12.964118415,T,KO,F I,57,68.29
2025-10-31,9:51:12.964118415,T,KO,F,100,68.29
2025-10-31,9:51:15.564465601,T,KO,F I,57,68.32
2025-10-31,9:51:16.021322752,T,KO,F I,12,68.32
2025-10-31,9:51:16.021325764,T,KO,F,100,68.32
2025-10-31,9:51:16.833843035,T,KO,F I,2,68.32
2025-10-31,9:51:16.833848959,T,KO,F I,48,68.32
2025-10-31,9:51:16.833851938,T,KO,F I,12,68.32
2025-10-31,9:51:16.833909084,T,KO,I,55,68.32
2025-10-31,9:51:16.834110554,T,KO,F I,50,68.32
2025-10-31,9:51:16.834116637,T,KO,F I,55,68.32
2025-10-31,9:51:18.555563692,T,KO,,100,68.315
2025-10-31,9:51:21.875825807,T,KO,F I,10,68.31
2025-10-31,9:51:21.875828766,T,KO,F I,39,68.31
2025-10-31,9:51:22.058357559,T,KO,,100,68.31
2025-10-31,9:51:23.737686284,T,KO,F I,40,68.3
2025-10-31,9:51:28.409126470,T,KO,I,50,68.3
2025-10-31,9:51:31.103610190,T,KO,I,1,68.29
2025-10-31,9:51:31.103634271,T,KO,I,1,68.29
2025-10-31,9:51:39.491127078,T,KO,F I,96,68.29
2025-10-31,9:51:39.491130132,T,KO,F I,25,68.29
2025-10-31,9:51:41.116672872,T,KO,F I,10,68.28
2025-10-31,9:51:41.938873088,T,KO,F I,57,68.27
2025-10-31,9:51:46.152863824,T,KO,,100,68.255
2025-10-31,9:51:46.189012908,T,KO,F,100,68.26
2025-10-31,9:51:46.189036904,T,KO,I,1,68.26
2025-10-31,9:51:47.010097762,T,KO,I,9,68.27
2025-10-31,9:51:52.728526527,T,KO,,100,68.29
2025-10-31,9:51:54.733290445,T,KO,,100,68.3
2025-10-31,9:51:54.734327858,T,KO,,100,68.3
2025-10-31,9:51:54.734345984,T,KO,F I,50,68.3
2025-10-31,9:51:54.734361000,T,KO,F,100,68.3
2025-10-31,9:51:54.734364771,T,KO,F,100,68.3
2025-10-31,9:51:54.822921902,T,KO,I,23,68.295
2025-10-31,9:51:55.917748454,T,KO,I,12,68.3
2025-10-31,9:51:55.917748454,T,KO,,100,68.3
2025-10-31,9:51:55.917874937,T,KO,F,100,68.3
2025-10-31,9:51:55.917874937,T,KO,F I,49,68.3
2025-10-31,9:51:55.917899558,T,KO,I,1,68.3
2025-10-31,9:51:55.917901927,T,KO,F I,49,68.3
2025-10-31,9:51:55.918572428,T,KO,,100,68.3
2025-10-31,9:51:55.918575826,T,KO,I,49,68.3
2025-10-31,9:51:55.918578613,T,KO,I,49,68.3
2025-10-31,9:51:55.918578613,T,KO,,100,68.3
2025-10-31,9:51:55.918581409,T,KO,I,25,68.3
2025-10-31,9:51:55.921555484,T,KO,F I,49,68.3
2025-10-31,9:51:55.996957215,T,KO,F,100,68.3
2025-10-31,9:51:55.996957215,T,KO,F I,49,68.3
2025-10-31,9:51:55.997275906,T,KO,F I,50,68.3
2025-10-31,9:51:55.997552498,T,KO,I,49,68.3
2025-10-31,9:51:56.938168845,T,KO,F I,1,68.3
2025-10-31,9:51:57.770755986,T,KO,F I,50,68.3
2025-10-31,9:51:58.797052274,T,KO,F,100,68.3
2025-10-31,9:52:02.769059617,T,KO,F I,1,68.32
2025-10-31,9:52:06.010512997,T,KO,I,66,68.32
2025-10-31,9:52:06.010531040,T,KO,F I,13,68.32
2025-10-31,9:52:06.010537367,T,KO,I,35,68.32
2025-10-31,9:52:06.010537367,T,KO,I,65,68.32
2025-10-31,9:52:06.058639629,T,KO,I,10,68.31
2025-10-31,9:52:06.139081232,T,KO,F I,50,68.3
2025-10-31,9:52:06.276637997,T,KO,F,100,68.3
2025-10-31,9:52:06.276640900,T,KO,F I,48,68.3
2025-10-31,9:52:07.734919241,T,KO,F I,48,68.3
2025-10-31,9:52:07.743673032,T,KO,,100,68.295
2025-10-31,9:52:07.751879575,T,KO,,100,68.295
2025-10-31,9:52:07.785421519,T,KO,,250,68.295
2025-10-31,9:52:09.348484335,T,KO,F I,50,68.29
2025-10-31,9:52:14.888239854,T,KO,F I,29,68.28
2025-10-31,9:52:14.888279026,T,KO,I,1,68.28
2025-10-31,9:52:20.796883744,T,KO,I,10,68.28
2025-10-31,9:52:20.797686963,T,KO,I,46,68.28
2025-10-31,9:52:20.797686963,T,KO,,100,68.28
2025-10-31,9:52:20.797689618,T,KO,I,12,68.28
2025-10-31,9:52:20.881995667,T,KO,I,45,68.28
2025-10-31,9:52:20.881995667,T,KO,I,35,68.28
2025-10-31,9:52:22.041894252,T,KO,,100,68.275
2025-10-31,9:52:28.292368182,T,KO,F I,26,68.27
2025-10-31,9:52:28.292383217,T,KO,F I,40,68.27
2025-10-31,9:52:28.292389453,T,KO,F I,3,68.27
2025-10-31,9:52:28.292389453,T,KO,F I,41,68.27
2025-10-31,9:52:28.292392483,T,KO,F I,25,68.27
2025-10-31,9:52:28.292392483,T,KO,F I,19,68.27
2025-10-31,9:52:28.292398433,T,KO,F I,17,68.27
2025-10-31,9:52:28.645318830,T,KO,F I,41,68.26
2025-10-31,9:52:29.109856397,T,KO,I,2,68.25
2025-10-31,9:52:32.598720964,T,KO,F I,32,68.24
2025-10-31,9:52:32.598723991,T,KO,F I,2,68.24
2025-10-31,9:52:32.598723991,T,KO,F I,25,68.24
2025-10-31,9:52:35.918165077,T,KO,F I,4,68.25
2025-10-31,9:52:35.918171152,T,KO,F,100,68.25
2025-10-31,9:52:40.534153224,T,KO,F I,49,68.25
2025-10-31,9:52:40.534165333,T,KO,F,255,68.25
2025-10-31,9:52:41.117311119,T,KO,I,1,68.26
2025-10-31,9:52:41.397714030,T,KO,F I,99,68.26
2025-10-31,9:52:41.397738036,T,KO,I,1,68.26
2025-10-31,9:52:41.398014838,T,KO,F I,25,68.26
2025-10-31,9:52:41.398041820,T,KO,F I,25,68.26
2025-10-31,9:52:41.398047755,T,KO,F I,41,68.26
2025-10-31,9:52:41.976114579,T,KO,F I,41,68.26
2025-10-31,9:52:41.976517561,T,KO,F I,25,68.26
2025-10-31,9:52:44.395010248,T,KO,F I,25,68.27
2025-10-31,9:52:44.395010248,T,KO,F I,30,68.27
2025-10-31,9:52:44.395013282,T,KO,F I,55,68.27
2025-10-31,9:52:44.403162290,T,KO,I,40,68.27
2025-10-31,9:52:44.403165633,T,KO,I,12,68.27
2025-10-31,9:52:44.403165633,T,KO,I,25,68.27
2025-10-31,9:52:44.403168259,T,KO,I,16,68.27
2025-10-31,9:52:45.451609454,T,KO,F I,12,68.27
2025-10-31,9:52:45.451612386,T,KO,F I,40,68.27
2025-10-31,9:52:45.711575572,T,KO,F I,25,68.28
2025-10-31,9:52:46.302921998,T,KO,I,13,68.28
2025-10-31,9:52:46.303075706,T,KO,I,87,68.275
2025-10-31,9:52:46.303075706,T,KO,I,13,68.28
2025-10-31,9:52:49.626961116,T,KO,F I,23,68.27
2025-10-31,9:52:49.626985106,T,KO,F I,15,68.27
2025-10-31,9:52:52.960454580,T,KO,,100,68.27
2025-10-31,9:52:55.591282593,T,KO,F I,50,68.27
2025-10-31,9:52:55.591333884,T,KO,I,31,68.27
2025-10-31,9:52:55.600201781,T,KO,I,18,68.27
2025-10-31,9:52:58.237221488,T,KO,F I,50,68.27
2025-10-31,9:52:58.237224568,T,KO,F I,18,68.27
2025-10-31,9:53:05.015587945,T,KO,F I,56,68.28
2025-10-31,9:53:05.015597240,T,KO,F I,44,68.28
2025-10-31,9:53:05.015597240,T,KO,F I,28,68.28
2025-10-31,9:53:05.015612027,T,KO,I,1,68.28
2025-10-31,9:53:05.015849548,T,KO,I,99,68.28
2025-10-31,9:53:05.015849548,T,KO,I,1,68.28
2025-10-31,9:53:05.015870750,T,KO,I,1,68.28
2025-10-31,9:53:05.015870750,T,KO,I,1,68.28
2025-10-31,9:53:05.016015159,T,KO,F I,50,68.28
2025-10-31,9:53:05.016177328,T,KO,I,47,68.28
2025-10-31,9:53:05.016180407,T,KO,,100,68.28
2025-10-31,9:53:05.016183397,T,KO,,672,68.28
2025-10-31,9:53:05.016234749,T,KO,F I,47,68.28
2025-10-31,9:53:05.016246529,T,KO,F I,47,68.28
2025-10-31,9:53:05.016249523,T,KO,F I,53,68.28
2025-10-31,9:53:05.016249523,T,KO,F I,12,68.28
2025-10-31,9:53:05.016373008,T,KO,,100,68.28
2025-10-31,9:53:05.016373008,T,KO,I,12,68.28
2025-10-31,9:53:05.016375890,T,KO,I,47,68.28
2025-10-31,9:53:05.016378839,T,KO,I,41,68.28
2025-10-31,9:53:06.411744269,T,KO,I,41,68.27
2025-10-31,9:53:06.411747239,T,KO,I,93,68.27
2025-10-31,9:53:06.411765627,T,KO,I,1,68.27
2025-10-31,9:53:06.411765627,T,KO,I,6,68.27
2025-10-31,9:53:06.411768306,T,KO,I,6,68.27
2025-10-31,9:53:06.444170592,T,KO,F I,47,68.27
2025-10-31,9:53:06.444173526,T,KO,F I,13,68.27
2025-10-31,9:53:06.446528439,T,KO,F I,60,68.27
2025-10-31,9:53:06.446528439,T,KO,F I,47,68.27
2025-10-31,9:53:06.446531063,T,KO,F I,47,68.27
2025-10-31,9:53:06.446534769,T,KO,F I,50,68.27
2025-10-31,9:53:06.446757358,T,KO,I,47,68.27
2025-10-31,9:53:06.446760219,T,KO,,100,68.27
2025-10-31,9:53:06.446763081,T,KO,,100,68.27
2025-10-31,9:53:06.446763081,T,KO,I,12,68.27
2025-10-31,9:53:06.446765632,T,KO,I,47,68.27
2025-10-31,9:53:06.447953511,T,KO,I,47,68.27
2025-10-31,9:53:06.447956476,T,KO,I,3,68.27
2025-10-31,9:53:06.457898292,T,KO,F I,97,68.27
2025-10-31,9:53:06.457898292,T,KO,F I,17,68.27
2025-10-31,9:53:06.458746179,T,KO,I,83,68.27
2025-10-31,9:53:09.942766336,T,KO,,100,68.265
2025-10-31,9:53:10.426164641,T,KO,,100,68.265
2025-10-31,9:53:10.428182364,T,KO,,100,68.265
2025-10-31,9:53:11.776052792,T,KO,,100,68.265
2025-10-31,9:53:13.285729380,T,KO,I,58,68.27
2025-10-31,9:53:13.285732380,T,KO,,200,68.27
2025-10-31,9:53:13.285735531,T,KO,I,1,68.27
2025-10-31,9:53:13.285735531,T,KO,I,1,68.27
2025-10-31,9:53:13.285738487,T,KO,I,1,68.27
2025-10-31,9:53:13.285750454,T,KO,I,1,68.27
2025-10-31,9:53:15.858119330,T,KO,,153,68.26
2025-10-31,9:53:15.858134298,T,KO,F,168,68.26
2025-10-31,9:53:15.858137335,T,KO,F I,70,68.26
2025-10-31,9:53:16.095622464,T,KO,F I,2,68.25
2025-10-31,9:53:16.127134042,T,KO,F I,50,68.25
2025-10-31,9:53:16.127134042,T,KO,F I,39,68.25
2025-10-31,9:53:16.127137063,T,KO,F I,25,68.25
2025-10-31,9:53:16.141258645,T,KO,I,25,68.25
2025-10-31,9:53:19.422487820,T,KO,I,50,68.25
2025-10-31,9:53:19.469134894,T,KO,,100,68.245
2025-10-31,9:53:26.946101930,T,KO,,100,68.24
2025-10-31,9:53:26.946104913,T,KO,I,22,68.24
2025-10-31,9:53:26.946104913,T,KO,I,1,68.24
2025-10-31,9:53:26.946107261,T,KO,I,11,68.24
2025-10-31,9:53:29.120303604,T,KO,I,30,68.23
2025-10-31,9:53:30.797590514,T,KO,F I,3,68.23
2025-10-31,9:53:39.284452153,T,KO,F,100,68.24
2025-10-31,9:53:40.773806496,T,KO,I,50,68.24
2025-10-31,9:53:40.773806496,T,KO,I,17,68.24
2025-10-31,9:53:41.580874775,T,KO,F I,10,68.23
2025-10-31,9:53:41.580877779,T,KO,F I,69,68.23
2025-10-31,9:53:41.580880769,T,KO,F I,2,68.23
2025-10-31,9:53:46.495426065,T,KO,,190,68.22
2025-10-31,9:53:48.796275098,T,KO,I,54,68.2
2025-10-31,9:53:48.834189432,T,KO,,100,68.18
2025-10-31,9:53:48.834189432,T,KO,I,43,68.18
2025-10-31,9:53:48.834342755,T,KO,F,100,68.18
2025-10-31,9:53:48.834345769,T,KO,F I,44,68.18
2025-10-31,9:53:48.834348769,T,KO,F I,50,68.18
2025-10-31,9:53:48.834722049,T,KO,I,50,68.19
2025-10-31,9:53:48.834725201,T,KO,I,25,68.19
2025-10-31,9:53:48.834733700,T,KO,,100,68.19
2025-10-31,9:53:48.834736745,T,KO,,100,68.19
2025-10-31,9:53:48.834745793,T,KO,I,1,68.19
2025-10-31,9:53:48.834875090,T,KO,I,35,68.19
2025-10-31,9:53:48.834938163,T,KO,I,36,68.19
2025-10-31,9:53:48.835660482,T,KO,I,8,68.19
2025-10-31,9:53:48.835660482,T,KO,,100,68.19
2025-10-31,9:53:48.835663520,T,KO,I,8,68.19
2025-10-31,9:53:48.835665923,T,KO,,100,68.19
2025-10-31,9:53:48.836252354,T,KO,I,44,68.19
2025-10-31,9:53:48.836252354,T,KO,I,12,68.19
2025-10-31,9:53:48.836255339,T,KO,I,8,68.19
2025-10-31,9:53:48.836255339,T,KO,,100,68.19
2025-10-31,9:53:48.836432790,T,KO,F I,50,68.19
2025-10-31,9:53:48.843380455,T,KO,F I,25,68.19
2025-10-31,9:53:48.843386031,T,KO,F I,44,68.19
2025-10-31,9:53:48.843386031,T,KO,F,100,68.19
2025-10-31,9:53:48.843386031,T,KO,F I,24,68.19
2025-10-31,9:53:48.843388418,T,KO,F I,44,68.19
2025-10-31,9:53:48.843391379,T,KO,F,100,68.19
2025-10-31,9:53:48.843391379,T,KO,F I,35,68.19
2025-10-31,9:53:48.843400878,T,KO,I,1,68.19
2025-10-31,9:53:48.845797031,T,KO,I,50,68.19
2025-10-31,9:53:48.846861633,T,KO,F,250,68.185
2025-10-31,9:53:48.846861633,T,KO,F I,95,68.18
2025-10-31,9:53:48.846882680,T,KO,I,5,68.18
2025-10-31,9:53:48.846885729,T,KO,I,44,68.18
2025-10-31,9:53:48.846885729,T,KO,I,99,68.18
2025-10-31,9:53:48.848112631,T,KO,F I,44,68.19
2025-10-31,9:53:48.848112631,T,KO,F I,39,68.19
