DATE,TIME_M,EX,SYM_ROOT,TR_SCOND,SIZE,PRICE
2025-11-07,9:30:01.070177159,T,KO,TI,50,69.8
2025-11-07,9:30:01.070216311,T,KO,TI,37,69.8
2025-11-07,9:30:01.070940992,T,KO,T,100,69.84
2025-11-07,9:30:01.070940992,T,KO,T,100,69.84
2025-11-07,9:30:01.103307139,T,KO,FT,100,69.83
2025-11-07,9:30:01.103818354,T,KO,T,100,69.83
2025-11-07,9:30:01.104107044,T,KO,TI,1,69.83
2025-11-07,9:30:01.328056407,T,KO,TI,90,69.83
2025-11-07,9:30:01.328059363,T,KO,T,100,69.82
2025-11-07,9:30:01.328062361,T,KO,TI,10,69.82
2025-11-07,9:30:01.452240168,T,KO,T,200,69.84
2025-11-07,9:30:01.452351402,T,KO,TI,1,69.84
2025-11-07,9:30:01.452420582,T,KO,TI,14,69.83
2025-11-07,9:30:01.452498749,T,KO,TI,36,69.83
2025-11-07,9:30:01.453067165,T,KO,FT,100,69.82
2025-11-07,9:30:01.455518303,T,KO,FT,100,69.82
2025-11-07,9:30:01.455518303,T,KO,FT,100,69.83
2025-11-07,9:30:01.455524031,T,KO,FT,100,69.83
2025-11-07,9:30:01.455524031,T,KO,FTI,84,69.84
2025-11-07,9:30:01.489219285,T,KO,I,50,69.83
2025-11-07,9:30:01.489219285,T,KO,I,5,69.83
2025-11-07,9:30:01.489225236,T,KO,Q,50,69.83
2025-11-07,9:30:01.519074337,T,KO,F,100,69.82
2025-11-07,9:30:01.519543482,T,KO,I,50,69.82
2025-11-07,9:30:01.519546539,T,KO,,200,69.82
2025-11-07,9:30:01.520824558,T,KO,,100,69.83
2025-11-07,9:30:01.520827619,T,KO,,124,69.83
2025-11-07,9:30:01.520827619,T,KO,I,15,69.83
2025-11-07,9:30:01.520830573,T,KO,,100,69.83
2025-11-07,9:30:01.909993448,T,KO,,100,69.81
2025-11-07,9:30:01.909993448,T,KO,I,50,69.81
2025-11-07,9:30:01.963698297,T,KO,I,2,69.79
2025-11-07,9:30:01.963701270,T,KO,,200,69.79
2025-11-07,9:30:01.963704355,T,KO,,100,69.79
2025-11-07,9:30:01.963975003,T,KO,F I,14,69.78
2025-11-07,9:30:01.964173988,T,KO,F,100,69.78
2025-11-07,9:30:01.976012614,T,KO,I,8,69.79
2025-11-07,9:30:01.976042779,T,KO,I,1,69.79
2025-11-07,9:30:02.208634633,T,KO,F,100,69.79
2025-11-07,9:30:02.208637691,T,KO,F I,25,69.79
2025-11-07,9:30:02.208980536,T,KO,F I,50,69.79
2025-11-07,9:30:02.209101122,T,KO,I,10,69.8
2025-11-07,9:30:02.209101122,T,KO,I,40,69.79
2025-11-07,9:30:02.209160921,T,KO,I,10,69.79
2025-11-07,9:30:02.209443540,T,KO,,100,69.79
2025-11-07,9:30:02.211825292,T,KO,I,50,69.79
2025-11-07,9:30:02.211825292,T,KO,I,50,69.79
2025-11-07,9:30:02.211864362,T,KO,F I,50,69.79
2025-11-07,9:30:02.262550050,T,KO,F,100,69.8
2025-11-07,9:30:02.262550050,T,KO,F I,25,69.8
2025-11-07,9:30:02.276304798,T,KO,I,50,69.8
2025-11-07,9:30:02.400696076,T,KO,F I,62,69.8
2025-11-07,9:30:02.463266071,T,KO,I,50,69.79
2025-11-07,9:30:03.008461504,T,KO,F I,13,69.79
2025-11-07,9:30:03.021458535,T,KO,F I,87,69.79
2025-11-07,9:30:03.021458535,T,KO,F I,86,69.79
2025-11-07,9:30:03.021497889,T,KO,I,25,69.8
2025-11-07,9:30:03.021603331,T,KO,,100,69.79
2025-11-07,9:30:03.021605808,T,KO,I,50,69.79
2025-11-07,9:30:03.021605808,T,KO,,200,69.79
2025-11-07,9:30:03.021816382,T,KO,I,50,69.79
2025-11-07,9:30:03.021891519,T,KO,I,14,69.78
2025-11-07,9:30:03.022120134,T,KO,I,25,69.78
2025-11-07,9:30:03.022351631,T,KO,F,200,69.77
2025-11-07,9:30:03.022426748,T,KO,F,100,69.78
2025-11-07,9:30:03.022874903,T,KO,F,200,69.76
2025-11-07,9:30:03.023152074,T,KO,F I,50,69.76
2025-11-07,9:30:03.023154695,T,KO,F I,50,69.76
2025-11-07,9:30:03.023377042,T,KO,,100,69.76
2025-11-07,9:30:03.023404506,T,KO,,100,69.76
2025-11-07,9:30:03.023521398,T,KO,F I,84,69.76
2025-11-07,9:30:03.023725949,T,KO,F,202,69.75
2025-11-07,9:30:03.023752992,T,KO,,266,69.75
2025-11-07,9:30:03.023774004,T,KO,,100,69.76
2025-11-07,9:30:03.024871592,T,KO,,100,69.74
2025-11-07,9:30:03.029433485,T,KO,F,100,69.74
2025-11-07,9:30:03.029460580,T,KO,I,25,69.75
2025-11-07,9:30:03.029460580,T,KO,I,62,69.75
2025-11-07,9:30:03.030013903,T,KO,F,100,69.76
2025-11-07,9:30:03.159640633,T,KO,I,6,69.79
2025-11-07,9:30:03.353653656,T,KO,,143,69.77
2025-11-07,9:30:03.353653656,T,KO,I,25,69.77
2025-11-07,9:30:03.353656692,T,KO,,100,69.77
2025-11-07,9:30:03.354718152,T,KO,F I,16,69.78
2025-11-07,9:30:03.355722621,T,KO,F I,9,69.78
2025-11-07,9:30:03.355725638,T,KO,F I,25,69.78
2025-11-07,9:30:03.409869528,T,KO,I,75,69.78
2025-11-07,9:30:03.409869528,T,KO,I,25,69.78
2025-11-07,9:30:03.409923789,T,KO,I,75,69.78
2025-11-07,9:30:03.409923789,T,KO,I,25,69.78
2025-11-07,9:30:03.900485014,T,KO,I,1,69.77
2025-11-07,9:30:03.961458207,T,KO,I,49,69.77
2025-11-07,9:30:03.976380073,T,KO,I,50,69.76
2025-11-07,9:30:03.986435760,T,KO,F I,18,69.76
2025-11-07,9:30:03.986520490,T,KO,I,25,69.76
2025-11-07,9:30:03.986520490,T,KO,I,3,69.76
2025-11-07,9:30:03.986523074,T,KO,,282,69.76
2025-11-07,9:30:03.986525962,T,KO,,310,69.76
2025-11-07,9:30:03.986525962,T,KO,,310,69.76
2025-11-07,9:30:03.989608339,T,KO,F,100,69.77
2025-11-07,9:30:03.989611269,T,KO,F I,25,69.77
2025-11-07,9:30:03.989611269,T,KO,F,100,69.77
2025-11-07,9:30:04.029612543,T,KO,I,25,69.76
2025-11-07,9:30:04.029615594,T,KO,,200,69.76
2025-11-07,9:30:04.029991452,T,KO,,200,69.75
2025-11-07,9:30:04.029991452,T,KO,I,25,69.75
2025-11-07,9:30:04.030322283,T,KO,I,25,69.75
2025-11-07,9:30:05.772416537,T,KO,I,1,69.73
2025-11-07,9:30:06.535318433,T,KO,I,50,69.69
2025-11-07,9:30:06.535697388,T,KO,,1000,69.7
2025-11-07,9:30:06.940313902,T,KO,F I,25,69.71
2025-11-07,9:30:06.940320021,T,KO,F,100,69.71
2025-11-07,9:30:06.940320021,T,KO,F,100,69.71
2025-11-07,9:30:06.940331952,T,KO,I,1,69.71
2025-11-07,9:30:06.940344053,T,KO,I,1,69.71
2025-11-07,9:30:06.940638690,T,KO,,198,69.71
2025-11-07,9:30:06.940641702,T,KO,I,25,69.71
2025-11-07,9:30:06.940873325,T,KO,,4289,69.71
2025-11-07,9:30:06.965355158,T,KO,,100,69.73
2025-11-07,9:30:06.965355158,T,KO,I,42,69.73
2025-11-07,9:30:06.965372677,T,KO,F,158,69.73
2025-11-07,9:30:06.965375661,T,KO,F I,25,69.73
2025-11-07,9:30:08.520328061,T,KO,,100,69.685
2025-11-07,9:30:08.538328866,T,KO,,500,69.705
2025-11-07,9:30:08.538328866,T,KO,,100,69.705
2025-11-07,9:30:10.035234411,T,KO,,100,69.7
2025-11-07,9:30:10.035234411,T,KO,,100,69.71
2025-11-07,9:30:10.275966457,T,KO,F,200,69.68
2025-11-07,9:30:10.276273187,T,KO,,100,69.67
2025-11-07,9:30:10.276312200,T,KO,F,100,69.67
2025-11-07,9:30:10.277217414,T,KO,,200,69.67
2025-11-07,9:30:10.277217414,T,KO,I,25,69.67
2025-11-07,9:30:10.277379803,T,KO,F,200,69.67
2025-11-07,9:30:10.277545159,T,KO,F,200,69.67
2025-11-07,9:30:10.277557229,T,KO,F,300,69.67
2025-11-07,9:30:10.277635437,T,KO,,225,69.67
2025-11-07,9:30:10.277794733,T,KO,F,225,69.68
2025-11-07,9:30:10.283995575,T,KO,F,200,69.69
2025-11-07,9:30:10.283998571,T,KO,F I,25,69.69
2025-11-07,9:30:10.284479754,T,KO,F I,25,69.7
2025-11-07,9:30:10.284482670,T,KO,F,200,69.7
2025-11-07,9:30:10.284554887,T,KO,F,225,69.7
2025-11-07,9:30:10.886892539,T,KO,F,200,69.68
2025-11-07,9:30:10.968500856,T,KO,F,100,69.65
2025-11-07,9:30:10.968503899,T,KO,F,100,69.64
2025-11-07,9:30:10.968512933,T,KO,F I,25,69.64
2025-11-07,9:30:10.968519408,T,KO,I,1,69.64
2025-11-07,9:30:10.968521888,T,KO,I,74,69.64
2025-11-07,9:30:10.968521888,T,KO,I,25,69.64
2025-11-07,9:30:11.206147854,T,KO,,100,69.59
2025-11-07,9:30:11.206153879,T,KO,,100,69.58
2025-11-07,9:30:11.206153879,T,KO,,200,69.58
2025-11-07,9:30:11.206156837,T,KO,I,25,69.58
2025-11-07,9:30:11.206301238,T,KO,,100,69.59
2025-11-07,9:30:11.206397481,T,KO,F,100,69.59
2025-11-07,9:30:11.206433490,T,KO,F I,15,69.59
2025-11-07,9:30:11.206436601,T,KO,,100,69.58
2025-11-07,9:30:11.206523786,T,KO,F,100,69.6
2025-11-07,9:30:11.206527298,T,KO,F I,23,69.6
2025-11-07,9:30:11.206538773,T,KO,F I,2,69.6
2025-11-07,9:30:11.206674055,T,KO,F,225,69.61
2025-11-07,9:30:11.207176584,T,KO,,200,69.61
2025-11-07,9:30:11.207176584,T,KO,I,25,69.61
2025-11-07,9:30:11.207498070,T,KO,,100,69.61
2025-11-07,9:30:11.207627361,T,KO,F,100,69.62
2025-11-07,9:30:11.207768677,T,KO,F I,79,69.63
2025-11-07,9:30:11.207910532,T,KO,F I,25,69.63
2025-11-07,9:30:11.207961180,T,KO,F,100,69.63
2025-11-07,9:30:11.207964193,T,KO,F I,25,69.62
2025-11-07,9:30:11.208117542,T,KO,F I,64,69.63
2025-11-07,9:30:11.208337087,T,KO,F I,25,69.63
2025-11-07,9:30:11.208385178,T,KO,I,25,69.63
2025-11-07,9:30:11.230373587,T,KO,F,100,69.63
2025-11-07,9:30:11.236869143,T,KO,F I,25,69.63
2025-11-07,9:30:11.237112566,T,KO,,100,69.62
2025-11-07,9:30:11.237112566,T,KO,,100,69.62
2025-11-07,9:30:11.611862146,T,KO,F,100,69.63
2025-11-07,9:30:11.611880143,T,KO,F,2173,69.63
2025-11-07,9:30:11.868342992,T,KO,F,100,69.63
2025-11-07,9:30:11.935983107,T,KO,F,100,69.62
2025-11-07,9:30:11.935986373,T,KO,F,100,69.61
2025-11-07,9:30:11.935989102,T,KO,,100,69.61
2025-11-07,9:30:11.936259760,T,KO,F,100,69.62
2025-11-07,9:30:11.936274838,T,KO,F,100,69.62
2025-11-07,9:30:11.936274838,T,KO,F,200,69.62
2025-11-07,9:30:11.936331977,T,KO,F,100,69.62
2025-11-07,9:30:11.936431225,T,KO,,200,69.62
2025-11-07,9:30:11.936503403,T,KO,I,24,69.62
2025-11-07,9:30:11.936984451,T,KO,F I,76,69.62
2025-11-07,9:30:11.948916893,T,KO,F,100,69.615
2025-11-07,9:30:11.948934929,T,KO,F,100,69.61
2025-11-07,9:30:11.970911354,T,KO,F,300,69.61
2025-11-07,9:30:11.971010605,T,KO,,200,69.61
2025-11-07,9:30:11.971010605,T,KO,,100,69.6
2025-11-07,9:30:11.971085777,T,KO,F,100,69.6
2025-11-07,9:30:11.971206015,T,KO,F,200,69.61
2025-11-07,9:30:11.971693147,T,KO,F,100,69.62
2025-11-07,9:30:11.971940242,T,KO,,100,69.62
2025-11-07,9:30:11.972490112,T,KO,,100,69.62
2025-11-07,9:30:11.980426026,T,KO,I,25,69.63
2025-11-07,9:30:11.980428933,T,KO,,100,69.63
2025-11-07,9:30:11.980428933,T,KO,,200,69.63
2025-11-07,9:30:11.982777613,T,KO,I,5,69.63
2025-11-07,9:30:12.048532576,T,KO,F,100,69.62
2025-11-07,9:30:12.048535451,T,KO,F,100,69.6
2025-11-07,9:30:12.048544175,T,KO,F I,25,69.6
2025-11-07,9:30:12.048571420,T,KO,I,75,69.6
2025-11-07,9:30:12.048571420,T,KO,I,25,69.6
2025-11-07,9:30:12.048781742,T,KO,I,15,69.61
2025-11-07,9:30:12.078137643,T,KO,,112,69.63
2025-11-07,9:30:12.078155713,T,KO,I,1,69.63
2025-11-07,9:30:12.916197666,T,KO,,100,69.62
2025-11-07,9:30:12.938014911,T,KO,,200,69.61
2025-11-07,9:30:12.938014911,T,KO,I,25,69.61
2025-11-07,9:30:12.938017644,T,KO,,561,69.61
2025-11-07,9:30:12.938098833,T,KO,I,25,69.61
2025-11-07,9:30:12.938225158,T,KO,,100,69.61
2025-11-07,9:30:12.938363433,T,KO,,100,69.62
2025-11-07,9:30:12.938616053,T,KO,,100,69.61
2025-11-07,9:30:12.938634156,T,KO,I,1,69.61
2025-11-07,9:30:12.938649785,T,KO,I,99,69.61
2025-11-07,9:30:12.938652149,T,KO,,200,69.61
2025-11-07,9:30:12.947556375,T,KO,F,200,69.59
2025-11-07,9:30:12.947568426,T,KO,F I,25,69.59
2025-11-07,9:30:12.947713480,T,KO,,200,69.6
2025-11-07,9:30:12.947716676,T,KO,I,18,69.6
2025-11-07,9:30:12.947716676,T,KO,,100,69.6
2025-11-07,9:30:12.947718991,T,KO,I,25,69.6
2025-11-07,9:30:12.947721800,T,KO,,200,69.6
2025-11-07,9:30:12.947963103,T,KO,,100,69.6
2025-11-07,9:30:12.948025858,T,KO,F,100,69.6
2025-11-07,9:30:12.948025858,T,KO,F I,3,69.6
2025-11-07,9:30:12.959483573,T,KO,F,200,69.605
2025-11-07,9:30:12.959485843,T,KO,F,200,69.6
2025-11-07,9:30:12.959488772,T,KO,F,200,69.6
2025-11-07,9:30:12.959497881,T,KO,F I,24,69.6
2025-11-07,9:30:12.961025464,T,KO,I,80,69.6
2025-11-07,9:30:12.961028434,T,KO,,100,69.6
2025-11-07,9:30:12.961028434,T,KO,I,20,69.6
2025-11-07,9:30:12.961091567,T,KO,F,100,69.6
2025-11-07,9:30:12.961380761,T,KO,,100,69.6
2025-11-07,9:30:12.994501178,T,KO,F,100,69.595
2025-11-07,9:30:12.994504446,T,KO,F,100,69.58
2025-11-07,9:30:12.994504446,T,KO,F I,25,69.58
2025-11-07,9:30:12.994537922,T,KO,,200,69.59
2025-11-07,9:30:12.994537922,T,KO,I,75,69.58
2025-11-07,9:30:12.994540246,T,KO,I,25,69.58
2025-11-07,9:30:12.994609403,T,KO,F,100,69.6
2025-11-07,9:30:12.994615418,T,KO,F I,23,69.6
2025-11-07,9:30:12.994615418,T,KO,F I,77,69.6
2025-11-07,9:30:12.994624423,T,KO,F I,23,69.6
2025-11-07,9:30:12.994627468,T,KO,F I,23,69.6
2025-11-07,9:30:12.994639935,T,KO,I,77,69.6
2025-11-07,9:30:12.994643248,T,KO,I,25,69.6
2025-11-07,9:30:12.994657546,T,KO,F,200,69.6
2025-11-07,9:30:12.994657546,T,KO,F,200,69.6
2025-11-07,9:30:12.995096623,T,KO,I,25,69.61
2025-11-07,9:30:12.995818345,T,KO,,225,69.61
2025-11-07,9:30:13.008285975,T,KO,F,100,69.61
2025-11-07,9:30:13.010315805,T,KO,,300,69.61
2025-11-07,9:30:13.010343064,T,KO,,225,69.61
2025-11-07,9:30:13.159165204,T,KO,I,25,69.62
2025-11-07,9:30:13.159165204,T,KO,,200,69.62
2025-11-07,9:30:13.159167370,T,KO,,100,69.62
2025-11-07,9:30:13.159170376,T,KO,,325,69.62
2025-11-07,9:30:13.159744761,T,KO,F,100,69.62
2025-11-07,9:30:13.161164128,T,KO,F,100,69.62
2025-11-07,9:30:13.181318114,T,KO,,100,69.63
2025-11-07,9:30:13.181339176,T,KO,F,183,69.63
2025-11-07,9:30:16.987396078,T,KO,,100,69.64
2025-11-07,9:30:17.045943157,T,KO,F I,25,69.62
2025-11-07,9:30:17.045945559,T,KO,F,175,69.62
2025-11-07,9:30:17.045958110,T,KO,F I,25,69.62
2025-11-07,9:30:17.045978617,T,KO,,200,69.62
2025-11-07,9:30:17.046628520,T,KO,,200,69.63
2025-11-07,9:30:17.046628520,T,KO,I,25,69.63
2025-11-07,9:30:17.046646562,T,KO,I,1,69.63
2025-11-07,9:30:17.052299654,T,KO,I,61,69.65
2025-11-07,9:30:17.052323688,T,KO,I,39,69.65
2025-11-07,9:30:17.052323688,T,KO,I,25,69.65
2025-11-07,9:30:17.052384295,T,KO,F,300,69.65
2025-11-07,9:30:17.052925126,T,KO,F,300,69.65
2025-11-07,9:30:17.081589470,T,KO,F,100,69.65
2025-11-07,9:30:17.081962273,T,KO,F,200,69.66
2025-11-07,9:30:17.081965296,T,KO,F,200,69.66
2025-11-07,9:30:17.082070582,T,KO,I,67,69.65
2025-11-07,9:30:17.082094673,T,KO,I,33,69.65
2025-11-07,9:30:17.082094673,T,KO,I,27,69.65
2025-11-07,9:30:17.082118705,T,KO,,173,69.65
2025-11-07,9:30:17.082122587,T,KO,I,25,69.65
2025-11-07,9:30:17.082142776,T,KO,I,28,69.65
2025-11-07,9:30:17.082326197,T,KO,I,25,69.65
2025-11-07,9:30:17.105430238,T,KO,F I,25,69.64
2025-11-07,9:30:17.105430238,T,KO,F,175,69.64
2025-11-07,9:30:17.105502341,T,KO,F I,27,69.65
2025-11-07,9:30:17.105505499,T,KO,F I,27,69.65
2025-11-07,9:30:17.105559548,T,KO,F I,25,69.65
2025-11-07,9:30:17.105622644,T,KO,,100,69.65
2025-11-07,9:30:17.105625729,T,KO,I,28,69.65
2025-11-07,9:30:17.105625729,T,KO,I,27,69.65
2025-11-07,9:30:17.105638286,T,KO,F I,75,69.64
2025-11-07,9:30:17.105836181,T,KO,F I,9,69.65
2025-11-07,9:30:17.105935469,T,KO,F I,6,69.64
2025-11-07,9:30:17.105983476,T,KO,F I,19,69.65
2025-11-07,9:30:17.129228837,T,KO,I,25,69.66
2025-11-07,9:30:17.238271660,T,KO,F I,27,69.65
2025-11-07,9:30:17.238274548,T,KO,F I,25,69.65
2025-11-07,9:30:17.238277583,T,KO,F,148,69.65
2025-11-07,9:30:17.238290075,T,KO,I,1,69.65
2025-11-07,9:30:17.238298673,T,KO,I,51,69.65
2025-11-07,9:30:17.238842985,T,KO,F I,52,69.65
2025-11-07,9:30:17.258314323,T,KO,F I,30,69.65
2025-11-07,9:30:17.268328185,T,KO,F I,25,69.64
2025-11-07,9:30:17.268328185,T,KO,F,175,69.64
2025-11-07,9:30:17.268355897,T,KO,I,1,69.64
2025-11-07,9:30:17.268400393,T,KO,F I,27,69.65
2025-11-07,9:30:17.268400393,T,KO,F I,25,69.65
2025-11-07,9:30:17.268770187,T,KO,F I,25,69.64
2025-11-07,9:30:17.278203697,T,KO,F,200,69.65
2025-11-07,9:30:17.278218711,T,KO,F I,27,69.64
2025-11-07,9:30:17.278221783,T,KO,F,100,69.64
2025-11-07,9:30:17.288987368,T,KO,F,100,69.64
2025-11-07,9:30:17.289020485,T,KO,I,25,69.64
2025-11-07,9:30:17.289059498,T,KO,F I,27,69.65
2025-11-07,9:30:17.289062554,T,KO,F I,25,69.65
2025-11-07,9:30:17.289330142,T,KO,F I,6,69.65
2025-11-07,9:30:17.289447472,T,KO,F I,25,69.64
2025-11-07,9:30:17.289462532,T,KO,F I,19,69.65
2025-11-07,9:30:17.290118046,T,KO,I,28,69.65
2025-11-07,9:30:17.290121179,T,KO,,100,69.65
2025-11-07,9:30:17.290124100,T,KO,I,27,69.65
2025-11-07,9:30:17.304041256,T,KO,F I,25,69.64
2025-11-07,9:30:17.304110402,T,KO,F I,1,69.64
2025-11-07,9:30:17.313685440,T,KO,F I,1,69.64
2025-11-07,9:30:17.313685440,T,KO,F I,2,69.64
2025-11-07,9:30:17.335775767,T,KO,I,25,69.64
2025-11-07,9:30:17.335778837,T,KO,,200,69.64
2025-11-07,9:30:17.335851020,T,KO,I,25,69.64
2025-11-07,9:30:17.336130759,T,KO,F I,1,69.64
2025-11-07,9:30:17.923176861,T,KO,I,1,69.64
2025-11-07,9:30:17.923176861,T,KO,I,2,69.64
2025-11-07,9:30:17.923213577,T,KO,I,25,69.63
2025-11-07,9:30:17.923215857,T,KO,,200,69.63
2025-11-07,9:30:17.961400894,T,KO,F,100,69.62
2025-11-07,9:30:17.961578256,T,KO,F I,3,69.62
2025-11-07,9:30:17.965861240,T,KO,F I,25,69.62
2025-11-07,9:30:17.965863865,T,KO,F I,25,69.62
2025-11-07,9:30:17.966407823,T,KO,I,25,69.63
2025-11-07,9:30:17.966410728,T,KO,,200,69.63
2025-11-07,9:30:18.006872777,T,KO,F I,25,69.62
2025-11-07,9:30:18.006875341,T,KO,F I,27,69.62
2025-11-07,9:30:18.006878546,T,KO,F,148,69.62
2025-11-07,9:30:18.006974357,T,KO,I,27,69.63
2025-11-07,9:30:18.007175939,T,KO,F I,17,69.63
2025-11-07,9:30:18.007178973,T,KO,F I,17,69.63
2025-11-07,9:30:18.007305128,T,KO,F I,73,69.63
2025-11-07,9:30:18.007305128,T,KO,F I,25,69.62
2025-11-07,9:30:18.007308246,T,KO,F I,25,69.62
2025-11-07,9:30:18.007308246,T,KO,F I,25,69.62
2025-11-07,9:30:18.008059944,T,KO,F I,8,69.63
2025-11-07,9:30:18.008087072,T,KO,F I,42,69.63
2025-11-07,9:30:18.024972230,T,KO,F I,11,69.64
2025-11-07,9:30:18.024978757,T,KO,F I,14,69.64
2025-11-07,9:30:18.024981350,T,KO,F,200,69.64
2025-11-07,9:30:18.025008320,T,KO,,214,69.64
2025-11-07,9:30:20.618526334,T,KO,,200,69.67
2025-11-07,9:30:20.618538301,T,KO,I,1,69.67
2025-11-07,9:30:20.618586516,T,KO,I,99,69.67
2025-11-07,9:30:20.618586516,T,KO,,200,69.67
2025-11-07,9:30:20.618589463,T,KO,,299,69.67
2025-11-07,9:30:20.618598442,T,KO,F,299,69.67
2025-11-07,9:30:20.618815563,T,KO,F,299,69.67
2025-11-07,9:30:20.618839081,T,KO,,100,69.67
2025-11-07,9:30:20.618881301,T,KO,,100,69.66
2025-11-07,9:30:20.618881301,T,KO,,100,69.66
2025-11-07,9:30:20.618884314,T,KO,I,25,69.66
2025-11-07,9:30:20.618887142,T,KO,,200,69.66
2025-11-07,9:30:20.618887142,T,KO,,100,69.66
2025-11-07,9:30:20.619152356,T,KO,,200,69.66
2025-11-07,9:30:20.619154915,T,KO,,100,69.66
2025-11-07,9:30:20.619154915,T,KO,I,25,69.66
2025-11-07,9:30:20.619332225,T,KO,F,100,69.66
2025-11-07,9:30:21.098565622,T,KO,F,200,69.64
2025-11-07,9:30:21.140422322,T,KO,F,350,69.63
2025-11-07,9:30:21.140428348,T,KO,F I,94,69.63
2025-11-07,9:30:21.140735055,T,KO,I,1,69.63
2025-11-07,9:30:21.140735055,T,KO,,100,69.63
2025-11-07,9:30:21.140738173,T,KO,,200,69.63
2025-11-07,9:30:21.151061732,T,KO,F I,25,69.62
2025-11-07,9:30:21.151061732,T,KO,F I,70,69.62
2025-11-07,9:30:21.151079961,T,KO,I,1,69.62
2025-11-07,9:30:21.159539058,T,KO,,100,69.63
2025-11-07,9:30:21.159539058,T,KO,I,25,69.63
2025-11-07,9:30:21.159848566,T,KO,,100,69.63
2025-11-07,9:30:21.341836008,T,KO,F I,37,69.62
2025-11-07,9:30:21.347886638,T,KO,I,92,69.62
2025-11-07,9:30:21.347889511,T,KO,I,25,69.62
2025-11-07,9:30:21.347889511,T,KO,,200,69.62
2025-11-07,9:30:21.347925489,T,KO,,131,69.62
2025-11-07,9:30:21.803832367,T,KO,,457,69.6
2025-11-07,9:30:22.476430088,T,KO,,100,69.6
2025-11-07,9:30:22.476432643,T,KO,I,25,69.6
2025-11-07,9:30:22.478044405,T,KO,F,100,69.61
2025-11-07,9:30:23.092482659,T,KO,I,25,69.6
2025-11-07,9:30:23.092584698,T,KO,I,55,69.61
2025-11-07,9:30:23.092588309,T,KO,I,45,69.61
2025-11-07,9:30:23.092774179,T,KO,F I,25,69.6
2025-11-07,9:30:23.092780271,T,KO,F I,75,69.6
2025-11-07,9:30:23.092786236,T,KO,F I,55,69.6
2025-11-07,9:30:23.092789240,T,KO,F,100,69.6
2025-11-07,9:30:23.117123241,T,KO,F I,4,69.58
2025-11-07,9:30:23.169017843,T,KO,F,200,69.58
2025-11-07,9:30:23.171140814,T,KO,F I,11,69.57
2025-11-07,9:30:23.207704910,T,KO,I,62,69.58
2025-11-07,9:30:23.207708215,T,KO,,100,69.58
2025-11-07,9:30:23.207948565,T,KO,F,300,69.58
2025-11-07,9:30:23.214263546,T,KO,I,2,69.58
2025-11-07,9:30:23.214543210,T,KO,,100,69.58
2025-11-07,9:30:23.214561220,T,KO,I,1,69.58
2025-11-07,9:30:23.214582285,T,KO,,100,69.58
2025-11-07,9:30:23.214627397,T,KO,I,3,69.58
2025-11-07,9:30:23.214723648,T,KO,I,97,69.58
2025-11-07,9:30:23.214723648,T,KO,I,2,69.58
2025-11-07,9:30:23.214840891,T,KO,I,1,69.58
2025-11-07,9:30:23.214840891,T,KO,I,99,69.58
2025-11-07,9:30:23.214852995,T,KO,I,1,69.58
2025-11-07,9:30:23.246617700,T,KO,I,4,69.58
2025-11-07,9:30:23.246653673,T,KO,,100,69.58
2025-11-07,9:30:23.260303225,T,KO,F I,81,69.57
2025-11-07,9:30:23.261100128,T,KO,F,100,69.58
2025-11-07,9:30:23.261103059,T,KO,F I,25,69.58
2025-11-07,9:30:23.261413542,T,KO,,100,69.58
2025-11-07,9:30:23.261976349,T,KO,F,100,69.59
2025-11-07,9:30:23.261976349,T,KO,F,100,69.59
2025-11-07,9:30:23.261978331,T,KO,I,1,69.59
2025-11-07,9:30:23.261978331,T,KO,F I,99,69.59
2025-11-07,9:30:23.261981492,T,KO,F I,1,69.59
2025-11-07,9:30:23.261981492,T,KO,F I,99,69.59
2025-11-07,9:30:23.261984289,T,KO,F I,1,69.59
2025-11-07,9:30:23.262002282,T,KO,,399,69.59
2025-11-07,9:30:23.262059381,T,KO,,225,69.59
2025-11-07,9:30:23.268804478,T,KO,F,131,69.58
2025-11-07,9:30:24.465868595,T,KO,,300,69.58
2025-11-07,9:30:24.465907624,T,KO,,100,69.58
2025-11-07,9:30:24.465910932,T,KO,I,19,69.57
2025-11-07,9:30:24.465913956,T,KO,,100,69.57
2025-11-07,9:30:24.465913956,T,KO,I,25,69.57
2025-11-07,9:30:24.465916599,T,KO,,200,69.57
2025-11-07,9:30:24.465919651,T,KO,,226,69.57
2025-11-07,9:30:24.478276100,T,KO,F,200,69.57
2025-11-07,9:30:24.478276100,T,KO,F,255,69.57
2025-11-07,9:30:24.478351250,T,KO,F I,2,69.57
2025-11-07,9:30:24.478597865,T,KO,,100,69.57
2025-11-07,9:30:24.479843602,T,KO,F I,2,69.57
2025-11-07,9:30:24.479843602,T,KO,F I,4,69.57
2025-11-07,9:30:24.479846052,T,KO,F,100,69.57
2025-11-07,9:30:24.479846052,T,KO,F I,25,69.57
2025-11-07,9:30:24.918371270,T,KO,F,145,69.56
2025-11-07,9:30:24.918386222,T,KO,I,1,69.56
2025-11-07,9:30:24.918419513,T,KO,,300,69.57
2025-11-07,9:30:24.918419513,T,KO,I,54,69.56
2025-11-07,9:30:24.918422749,T,KO,I,25,69.56
2025-11-07,9:30:24.918452550,T,KO,F I,55,69.57
2025-11-07,9:30:24.918759255,T,KO,F,100,69.57
2025-11-07,9:30:24.918768151,T,KO,F I,25,69.57
2025-11-07,9:30:24.918768151,T,KO,F,425,69.57
2025-11-07,9:30:24.919453792,T,KO,,100,69.58
2025-11-07,9:30:24.939502573,T,KO,F I,25,69.58
2025-11-07,9:30:24.939505614,T,KO,F I,55,69.58
2025-11-07,9:30:24.939508584,T,KO,F I,45,69.58
2025-11-07,9:30:24.939583746,T,KO,F I,7,69.59
2025-11-07,9:30:24.950217138,T,KO,F I,6,69.59
2025-11-07,9:30:24.960829321,T,KO,F I,1,69.59
2025-11-07,9:30:26.656946949,T,KO,,100,69.61
2025-11-07,9:30:26.658158768,T,KO,I,54,69.61
2025-11-07,9:30:26.658453483,T,KO,I,46,69.61
2025-11-07,9:30:26.669796538,T,KO,F I,7,69.59
2025-11-07,9:30:26.669796538,T,KO,F I,3,69.59
2025-11-07,9:30:26.669871739,T,KO,F I,55,69.6
2025-11-07,9:30:26.689565586,T,KO,F I,3,69.6
2025-11-07,9:30:26.689848434,T,KO,F I,7,69.61
2025-11-07,9:30:26.689893403,T,KO,,200,69.61
2025-11-07,9:30:26.697814308,T,KO,F I,11,69.61
2025-11-07,9:30:26.995784888,T,KO,I,7,69.62
2025-11-07,9:30:27.012129153,T,KO,F I,1,69.61
2025-11-07,9:30:27.711462481,T,KO,I,47,69.62
2025-11-07,9:30:27.711465575,T,KO,,100,69.62
2025-11-07,9:30:27.711465575,T,KO,,100,69.62
2025-11-07,9:30:27.731772771,T,KO,F I,28,69.62
2025-11-07,9:30:27.753839413,T,KO,F I,6,69.62
2025-11-07,9:30:27.768482001,T,KO,F I,19,69.62
2025-11-07,9:30:27.768484313,T,KO,F I,6,69.62
2025-11-07,9:30:27.787486510,T,KO,F I,2,69.62
2025-11-07,9:30:28.306161878,T,KO,F I,22,69.62
2025-11-07,9:30:28.306188954,T,KO,I,1,69.62
2025-11-07,9:30:28.316921408,T,KO,F I,1,69.62
2025-11-07,9:30:28.958688956,T,KO,F I,65,69.62
2025-11-07,9:30:28.958709973,T,KO,F,100,69.62
2025-11-07,9:30:28.958719051,T,KO,,570,69.62
2025-11-07,9:30:28.996774593,T,KO,F I,5,69.59
2025-11-07,9:30:29.678958340,T,KO,F I,10,69.6
2025-11-07,9:30:29.678997439,T,KO,I,90,69.6
2025-11-07,9:30:29.679001151,T,KO,I,25,69.59
2025-11-07,9:30:29.679001151,T,KO,,400,69.59
2025-11-07,9:30:29.679003685,T,KO,,200,69.59
2025-11-07,9:30:29.679340278,T,KO,F,100,69.6
2025-11-07,9:30:29.679499747,T,KO,F I,62,69.6
2025-11-07,9:30:29.679538711,T,KO,F I,38,69.6
2025-11-07,9:30:29.679538711,T,KO,F I,67,69.6
2025-11-07,9:30:29.679562785,T,KO,F I,33,69.6
2025-11-07,9:30:29.679562785,T,KO,F I,90,69.6
2025-11-07,9:30:29.679574848,T,KO,I,1,69.6
2025-11-07,9:30:29.690421696,T,KO,F I,9,69.6
2025-11-07,9:30:29.690737426,T,KO,F I,2,69.6
2025-11-07,9:30:29.691035177,T,KO,F I,25,69.61
2025-11-07,9:30:29.700477634,T,KO,I,25,69.61
2025-11-07,9:30:30.630689104,T,KO,F I,8,69.6
2025-11-07,9:30:30.630779264,T,KO,F I,62,69.61
2025-11-07,9:30:30.675477789,T,KO,F I,4,69.61
2025-11-07,9:30:30.891395022,T,KO,,100,69.62
2025-11-07,9:30:31.150852991,T,KO,F I,5,69.61
2025-11-07,9:30:32.426247565,T,KO,F I,22,69.61
2025-11-07,9:30:32.426266142,T,KO,F I,35,69.61
2025-11-07,9:30:33.275849082,T,KO,I,1,69.61
2025-11-07,9:30:34.274497535,T,KO,I,12,69.58
2025-11-07,9:30:34.275495842,T,KO,I,13,69.58
2025-11-07,9:30:34.297706964,T,KO,F I,7,69.57
2025-11-07,9:30:34.297728407,T,KO,F I,18,69.57
2025-11-07,9:30:34.297731088,T,KO,F,100,69.57
2025-11-07,9:30:34.297731088,T,KO,F,100,69.57
2025-11-07,9:30:35.098928999,T,KO,,200,69.565
2025-11-07,9:30:35.545149780,T,KO,F I,25,69.55
2025-11-07,9:30:35.545152854,T,KO,F I,14,69.55
2025-11-07,9:30:35.568037248,T,KO,F I,2,69.55
2025-11-07,9:30:36.060670570,T,KO,F,100,69.56
2025-11-07,9:30:36.060670570,T,KO,F,100,69.56
2025-11-07,9:30:36.064072015,T,KO,F I,3,69.56
2025-11-07,9:30:36.064072015,T,KO,F I,20,69.56
2025-11-07,9:30:36.073117251,T,KO,F,100,69.56
2025-11-07,9:30:36.073150273,T,KO,,100,69.57
2025-11-07,9:30:36.073153908,T,KO,I,25,69.57
2025-11-07,9:30:36.086459991,T,KO,F I,25,69.57
2025-11-07,9:30:36.098417604,T,KO,F I,12,69.56
2025-11-07,9:30:36.098443603,T,KO,I,1,69.56
2025-11-07,9:30:36.915582671,T,KO,F I,1,69.55
2025-11-07,9:30:36.915655021,T,KO,F I,74,69.56
2025-11-07,9:30:36.915681996,T,KO,,200,69.58
2025-11-07,9:30:36.915684998,T,KO,I,25,69.58
2025-11-07,9:30:36.929355518,T,KO,F I,63,69.57
2025-11-07,9:30:36.939922718,T,KO,F I,3,69.57
2025-11-07,9:30:37.030492348,T,KO,I,63,69.58
2025-11-07,9:30:37.030495398,T,KO,I,25,69.58
2025-11-07,9:30:37.030549581,T,KO,,150,69.58
2025-11-07,9:30:37.030564561,T,KO,I,1,69.58
2025-11-07,9:30:37.030570566,T,KO,I,2,69.58
2025-11-07,9:30:37.065868680,T,KO,,100,69.57
2025-11-07,9:30:37.077235726,T,KO,F I,6,69.57
2025-11-07,9:30:37.465036476,T,KO,,950,69.58
2025-11-07,9:30:37.465051307,T,KO,I,19,69.58
2025-11-07,9:30:37.465063491,T,KO,F I,78,69.58
2025-11-07,9:30:37.465063491,T,KO,F I,25,69.58
2025-11-07,9:30:37.465070795,T,KO,F,100,69.58
2025-11-07,9:30:37.465070795,T,KO,F I,19,69.58
2025-11-07,9:30:37.465070795,T,KO,F,204,69.58
2025-11-07,9:30:37.465075401,T,KO,,196,69.58
2025-11-07,9:30:37.465078443,T,KO,,203,69.58
2025-11-07,9:30:37.465078443,T,KO,,222,69.58
2025-11-07,9:30:37.465223604,T,KO,,100,69.58
2025-11-07,9:30:37.465223604,T,KO,,100,69.58
2025-11-07,9:30:37.465228777,T,KO,I,25,69.58
2025-11-07,9:30:37.465524202,T,KO,I,25,69.57
2025-11-07,9:30:37.465527533,T,KO,,100,69.57
2025-11-07,9:30:37.465527533,T,KO,,100,69.57
2025-11-07,9:30:37.465532475,T,KO,,100,69.57
2025-11-07,9:30:37.465532475,T,KO,,100,69.57
2025-11-07,9:30:37.468491571,T,KO,F,100,69.56
2025-11-07,9:30:37.468491571,T,KO,F,100,69.56
2025-11-07,9:30:37.473664636,T,KO,F I,8,69.56
2025-11-07,9:30:37.473664636,T,KO,F I,5,69.56
2025-11-07,9:30:37.473670175,T,KO,F,100,69.56
2025-11-07,9:30:37.474265232,T,KO,,300,69.57
2025-11-07,9:30:37.474538944,T,KO,F,100,69.57
2025-11-07,9:30:37.474854689,T,KO,F,100,69.56
2025-11-07,9:30:37.474854689,T,KO,F,100,69.56
2025-11-07,9:30:37.477076993,T,KO,,100,69.56
2025-11-07,9:30:37.495285550,T,KO,F I,25,69.56
2025-11-07,9:30:37.495285550,T,KO,F I,75,69.56
2025-11-07,9:30:37.495306399,T,KO,I,1,69.56
2025-11-07,9:30:37.495820592,T,KO,I,24,69.56
2025-11-07,9:30:37.507031345,T,KO,F I,25,69.55
2025-11-07,9:30:37.507034279,T,KO,F I,2,69.55
2025-11-07,9:30:37.531097955,T,KO,F I,25,69.53
2025-11-07,9:30:37.531097955,T,KO,F I,13,69.53
2025-11-07,9:30:37.531130710,T,KO,,187,69.53
2025-11-07,9:30:37.531130710,T,KO,,100,69.53
2025-11-07,9:30:37.570434327,T,KO,F I,3,69.51
2025-11-07,9:30:37.987885684,T,KO,F I,50,69.5
2025-11-07,9:30:37.998070857,T,KO,F,100,69.49
2025-11-07,9:30:37.998073868,T,KO,F,100,69.49
2025-11-07,9:30:38.020284781,T,KO,F I,33,69.48
2025-11-07,9:30:38.032343419,T,KO,F I,1,69.48
2025-11-07,9:30:38.322949609,T,KO,F I,10,69.48
2025-11-07,9:30:38.346907637,T,KO,F I,1,69.48
2025-11-07,9:30:38.978153126,T,KO,F,200,69.49
2025-11-07,9:30:39.100204678,T,KO,,100,69.5
2025-11-07,9:30:39.100204678,T,KO,I,21,69.5
2025-11-07,9:30:39.100264831,T,KO,,225,69.5
2025-11-07,9:30:39.100279922,T,KO,F,154,69.5
2025-11-07,9:30:39.101488843,T,KO,,190,69.5
2025-11-07,9:30:39.116088526,T,KO,F I,25,69.5
2025-11-07,9:30:39.131346958,T,KO,F I,3,69.5
2025-11-07,9:30:39.258549850,T,KO,,200,69.53
2025-11-07,9:30:39.258820549,T,KO,,100,69.52
2025-11-07,9:30:39.258859625,T,KO,F,200,69.525
2025-11-07,9:30:39.258964840,T,KO,,100,69.52
2025-11-07,9:30:39.258991910,T,KO,I,25,69.52
2025-11-07,9:30:39.259052034,T,KO,I,51,69.53
2025-11-07,9:30:39.259061150,T,KO,F I,25,69.53
2025-11-07,9:30:39.259211438,T,KO,I,25,69.52
2025-11-07,9:30:39.259215379,T,KO,,100,69.52
2025-11-07,9:30:39.259220886,T,KO,,100,69.52
2025-11-07,9:30:39.259220886,T,KO,I,12,69.52
2025-11-07,9:30:39.259229518,T,KO,F,100,69.53
2025-11-07,9:30:39.259253478,T,KO,F I,19,69.53
2025-11-07,9:30:39.259256581,T,KO,F I,32,69.54
2025-11-07,9:30:39.259272226,T,KO,F I,25,69.53
2025-11-07,9:30:39.259328726,T,KO,,100,69.53
2025-11-07,9:30:39.259422700,T,KO,,100,69.53
2025-11-07,9:30:39.259424985,T,KO,,100,69.53
2025-11-07,9:30:39.259512122,T,KO,I,12,69.53
2025-11-07,9:30:39.259515103,T,KO,I,15,69.53
2025-11-07,9:30:39.259629456,T,KO,,100,69.53
2025-11-07,9:30:39.260164704,T,KO,I,25,69.53
2025-11-07,9:30:41.207386543,T,KO,F I,22,69.53
2025-11-07,9:30:41.207407469,T,KO,F I,3,69.53
2025-11-07,9:30:41.207407469,T,KO,F,400,69.53
2025-11-07,9:30:41.207452527,T,KO,F I,74,69.53
2025-11-07,9:30:41.207642596,T,KO,F,100,69.54
2025-11-07,9:30:41.207645003,T,KO,F I,74,69.54
2025-11-07,9:30:41.207662964,T,KO,I,1,69.54
2025-11-07,9:30:41.207991391,T,KO,F,100,69.53
2025-11-07,9:30:41.208009449,T,KO,F,100,69.53
2025-11-07,9:30:41.208014877,T,KO,F,100,69.53
2025-11-07,9:30:41.208014877,T,KO,F,100,69.53
2025-11-07,9:30:41.208685436,T,KO,I,3,69.53
2025-11-07,9:30:41.208688432,T,KO,I,97,69.53
2025-11-07,9:30:41.216721442,T,KO,F,100,69.52
2025-11-07,9:30:41.216721442,T,KO,F I,62,69.52
2025-11-07,9:30:41.216741659,T,KO,I,1,69.52
2025-11-07,9:30:42.701982075,T,KO,F I,14,69.52
2025-11-07,9:30:42.896933318,T,KO,F I,2,69.52
2025-11-07,9:30:46.343760615,T,KO,I,44,69.52
2025-11-07,9:30:46.344795896,T,KO,,100,69.52
2025-11-07,9:30:46.344798160,T,KO,,100,69.52
2025-11-07,9:30:46.344801014,T,KO,,200,69.52
2025-11-07,9:30:46.344804319,T,KO,,100,69.52
2025-11-07,9:30:46.344804319,T,KO,I,25,69.52
2025-11-07,9:30:46.364546010,T,KO,F I,94,69.52
2025-11-07,9:30:46.375209582,T,KO,F I,5,69.51
2025-11-07,9:30:46.375260543,T,KO,F I,87,69.52
2025-11-07,9:30:46.386516470,T,KO,F I,5,69.52
2025-11-07,9:30:47.217227091,T,KO,I,95,69.52
2025-11-07,9:30:47.217227091,T,KO,I,87,69.52
2025-11-07,9:30:47.217232988,T,KO,,100,69.52
2025-11-07,9:30:47.217232988,T,KO,,150,69.52
2025-11-07,9:30:48.285449018,T,KO,F I,20,69.5
2025-11-07,9:30:50.133389242,T,KO,F I,25,69.53
2025-11-07,9:30:50.136953153,T,KO,F I,25,69.53
2025-11-07,9:30:50.136955677,T,KO,F I,39,69.53
2025-11-07,9:30:50.508445563,T,KO,F I,48,69.53
2025-11-07,9:30:50.516453606,T,KO,F I,2,69.52
2025-11-07,9:30:51.166436649,T,KO,,300,69.53
2025-11-07,9:30:51.166452218,T,KO,I,1,69.53
2025-11-07,9:30:51.166454726,T,KO,I,22,69.53
2025-11-07,9:30:51.166457847,T,KO,I,70,69.53
2025-11-07,9:30:51.166460625,T,KO,F I,23,69.53
2025-11-07,9:30:51.166464433,T,KO,F I,23,69.53
2025-11-07,9:30:51.166464433,T,KO,I,1,69.53
2025-11-07,9:30:51.166466809,T,KO,I,23,69.53
2025-11-07,9:30:51.166469749,T,KO,I,23,69.53
2025-11-07,9:30:53.643862953,T,KO,F I,10,69.5
2025-11-07,9:30:53.643887054,T,KO,I,2,69.5
2025-11-07,9:30:53.643923582,T,KO,F I,25,69.5
2025-11-07,9:30:53.643926876,T,KO,F,200,69.5
2025-11-07,9:30:53.643932487,T,KO,F,300,69.5
2025-11-07,9:30:53.643932487,T,KO,F,207,69.5
2025-11-07,9:30:53.681223991,T,KO,F I,1,69.47
2025-11-07,9:30:55.051106661,T,KO,F I,4,69.49
2025-11-07,9:30:55.051109823,T,KO,F,100,69.49
2025-11-07,9:30:55.051124612,T,KO,I,1,69.49
2025-11-07,9:30:55.052159141,T,KO,,100,69.5
2025-11-07,9:30:55.052459850,T,KO,,100,69.5
2025-11-07,9:30:55.241709596,T,KO,I,25,69.5
2025-11-07,9:30:55.242419207,T,KO,I,26,69.51
2025-11-07,9:30:55.242446289,T,KO,F I,74,69.51
2025-11-07,9:30:55.242683843,T,KO,I,25,69.5
2025-11-07,9:30:55.242687659,T,KO,,100,69.5
2025-11-07,9:30:55.254469018,T,KO,,100,69.49
2025-11-07,9:30:55.262895070,T,KO,F I,12,69.48
2025-11-07,9:30:55.262913429,T,KO,F I,13,69.48
2025-11-07,9:30:55.262928165,T,KO,F I,13,69.48
2025-11-07,9:30:55.263006408,T,KO,F,300,69.48
2025-11-07,9:30:55.271618820,T,KO,F I,17,69.47
2025-11-07,9:30:55.279202875,T,KO,F I,1,69.47
2025-11-07,9:30:59.780693124,T,KO,F,473,69.47
2025-11-07,9:30:59.780711582,T,KO,I,64,69.47
2025-11-07,9:30:59.780714400,T,KO,I,1,69.47
2025-11-07,9:30:59.780714400,T,KO,I,35,69.47
2025-11-07,9:30:59.780732160,T,KO,F,200,69.46
2025-11-07,9:30:59.780732160,T,KO,F I,25,69.46
2025-11-07,9:31:00.251626658,T,KO,F I,2,69.46
2025-11-07,9:31:00.251746937,T,KO,F,100,69.47
2025-11-07,9:31:00.251768628,T,KO,I,1,69.47
2025-11-07,9:31:00.251780007,T,KO,F,399,69.47
2025-11-07,9:31:00.273043702,T,KO,F I,4,69.48
2025-11-07,9:31:00.273046771,T,KO,F I,27,69.48
2025-11-07,9:31:00.275157697,T,KO,F I,58,69.48
2025-11-07,9:31:00.287595358,T,KO,F I,31,69.5
2025-11-07,9:31:00.287598388,T,KO,F I,25,69.5
2025-11-07,9:31:00.287698160,T,KO,F I,19,69.49
2025-11-07,9:31:00.287748731,T,KO,I,19,69.5
2025-11-07,9:31:00.287772777,T,KO,F,100,69.5
2025-11-07,9:31:00.288002327,T,KO,I,25,69.5
2025-11-07,9:31:00.288010391,T,KO,F I,75,69.5
2025-11-07,9:31:00.288849404,T,KO,F I,93,69.52
2025-11-07,9:31:00.288873453,T,KO,F I,25,69.52
2025-11-07,9:31:00.299515724,T,KO,F I,25,69.52
2025-11-07,9:31:00.312569787,T,KO,F I,7,69.52
2025-11-07,9:31:00.337336876,T,KO,F,400,69.53
2025-11-07,9:31:00.337340010,T,KO,F,200,69.53
2025-11-07,9:31:00.337342851,T,KO,F I,25,69.53
2025-11-07,9:31:00.351100596,T,KO,,100,69.53
2025-11-07,9:31:00.362374473,T,KO,I,90,69.52
2025-11-07,9:31:00.412885807,T,KO,F I,1,69.51
2025-11-07,9:31:00.423669485,T,KO,F I,1,69.51
2025-11-07,9:31:00.609097038,T,KO,,175,69.52
2025-11-07,9:31:00.609118078,T,KO,F I,25,69.52
2025-11-07,9:31:00.656781692,T,KO,F I,2,69.5
2025-11-07,9:31:00.656865862,T,KO,I,98,69.5
2025-11-07,9:31:02.174995518,T,KO,F I,2,69.5
2025-11-07,9:31:02.515030432,T,KO,F,100,69.49
2025-11-07,9:31:02.515258949,T,KO,I,10,69.49
2025-11-07,9:31:02.521502022,T,KO,F,100,69.48
2025-11-07,9:31:02.521505275,T,KO,F,100,69.485
2025-11-07,9:31:02.521508662,T,KO,F,100,69.49
2025-11-07,9:31:02.521508662,T,KO,F,125,69.49
2025-11-07,9:31:02.521511092,T,KO,F I,75,69.49
2025-11-07,9:31:02.521514001,T,KO,F I,25,69.49
2025-11-07,9:31:02.521604111,T,KO,I,25,69.49
2025-11-07,9:31:02.521676249,T,KO,,100,69.49
2025-11-07,9:31:02.522001417,T,KO,F I,4,69.49
2025-11-07,9:31:02.522160470,T,KO,,100,69.49
2025-11-07,9:31:02.522287614,T,KO,F,100,69.49
2025-11-07,9:31:02.522287614,T,KO,F I,25,69.49
2025-11-07,9:31:02.522294282,T,KO,F,100,69.49
2025-11-07,9:31:02.522294282,T,KO,F,200,69.49
2025-11-07,9:31:02.522298811,T,KO,F,100,69.49
2025-11-07,9:31:02.522298811,T,KO,F,100,69.49
2025-11-07,9:31:02.522298811,T,KO,F I,4,69.49
2025-11-07,9:31:02.523270114,T,KO,F I,96,69.49
2025-11-07,9:31:02.523273380,T,KO,F I,25,69.49
2025-11-07,9:31:02.523273380,T,KO,F,200,69.49
2025-11-07,9:31:02.524665449,T,KO,I,25,69.49
2025-11-07,9:31:02.524668445,T,KO,I,6,69.49
2025-11-07,9:31:02.525014250,T,KO,F I,25,69.49
2025-11-07,9:31:02.525185692,T,KO,,100,69.49
2025-11-07,9:31:02.525188597,T,KO,I,4,69.49
2025-11-07,9:31:02.534399618,T,KO,,190,69.48
2025-11-07,9:31:02.639112024,T,KO,F I,4,69.45
2025-11-07,9:31:02.639115001,T,KO,F I,25,69.45
2025-11-07,9:31:02.639115001,T,KO,F,196,69.45
2025-11-07,9:31:02.639130049,T,KO,F I,4,69.45
2025-11-07,9:31:02.639310435,T,KO,,100,69.45
2025-11-07,9:31:02.639340555,T,KO,F,100,69.45
2025-11-07,9:31:02.639433725,T,KO,I,25,69.46
2025-11-07,9:31:02.639947936,T,KO,I,4,69.46
2025-11-07,9:31:02.640071223,T,KO,F I,78,69.455
2025-11-07,9:31:02.640074341,T,KO,I,18,69.455
2025-11-07,9:31:02.640077247,T,KO,I,82,69.46
2025-11-07,9:31:02.640206562,T,KO,F,200,69.44
2025-11-07,9:31:02.640206562,T,KO,F I,25,69.44
2025-11-07,9:31:02.640690856,T,KO,,100,69.45
2025-11-07,9:31:02.640693835,T,KO,,100,69.45
2025-11-07,9:31:02.640693835,T,KO,I,25,69.45
2025-11-07,9:31:02.640979471,T,KO,,100,69.45
2025-11-07,9:31:02.640979471,T,KO,I,95,69.45
2025-11-07,9:31:02.650208403,T,KO,F,100,69.45
2025-11-07,9:31:02.650211458,T,KO,F I,66,69.45
2025-11-07,9:31:02.650229500,T,KO,F I,34,69.45
2025-11-07,9:31:02.658478090,T,KO,I,25,69.46
2025-11-07,9:31:02.658481220,T,KO,,200,69.46
2025-11-07,9:31:02.658484133,T,KO,,100,69.46
2025-11-07,9:31:02.659632857,T,KO,F I,26,69.45
2025-11-07,9:31:02.659663540,T,KO,I,1,69.45
2025-11-07,9:31:02.669243797,T,KO,F I,25,69.44
2025-11-07,9:31:02.669265127,T,KO,I,26,69.44
2025-11-07,9:31:02.669268505,T,KO,I,1,69.44
2025-11-07,9:31:02.679137320,T,KO,F I,3,69.44
2025-11-07,9:31:02.679263595,T,KO,,187,69.44
2025-11-07,9:31:02.694398648,T,KO,F I,43,69.43
2025-11-07,9:31:02.694458798,T,KO,F I,95,69.44
2025-11-07,9:31:02.694479872,T,KO,F I,62,69.44
2025-11-07,9:31:02.694483066,T,KO,F I,62,69.44
2025-11-07,9:31:02.694483066,T,KO,I,1,69.44
2025-11-07,9:31:02.704238114,T,KO,F I,23,69.44
2025-11-07,9:31:02.715511919,T,KO,F I,1,69.44
2025-11-07,9:31:03.472637297,T,KO,F,135,69.46
2025-11-07,9:31:03.472667227,T,KO,I,25,69.47
2025-11-07,9:31:03.472667227,T,KO,,200,69.47
2025-11-07,9:31:03.473367958,T,KO,F I,22,69.48
2025-11-07,9:31:03.475433815,T,KO,F I,25,69.5
2025-11-07,9:31:03.475433815,T,KO,F,200,69.5
2025-11-07,9:31:03.475596639,T,KO,F,200,69.49
2025-11-07,9:31:03.475596639,T,KO,F I,38,69.49
2025-11-07,9:31:03.475602972,T,KO,F I,33,69.49
2025-11-07,9:31:03.475602972,T,KO,F,200,69.49
2025-11-07,9:31:03.475605253,T,KO,F I,25,69.49
2025-11-07,9:31:03.475608827,T,KO,F I,33,69.48
2025-11-07,9:31:03.475608827,T,KO,F,100,69.48
2025-11-07,9:31:03.475614281,T,KO,F I,25,69.48
2025-11-07,9:31:03.475617614,T,KO,F,126,69.48
2025-11-07,9:31:03.475644390,T,KO,I,50,69.49
2025-11-07,9:31:03.475647840,T,KO,I,24,69.48
2025-11-07,9:31:03.496297503,T,KO,F,100,69.47
2025-11-07,9:31:03.505505484,T,KO,F I,6,69.45
2025-11-07,9:31:03.505553648,T,KO,F I,99,69.46
2025-11-07,9:31:03.505566287,T,KO,F,200,69.46
2025-11-07,9:31:03.505569623,T,KO,F I,1,69.46
2025-11-07,9:31:03.505571638,T,KO,F,200,69.46
2025-11-07,9:31:03.505574674,T,KO,F,100,69.46
2025-11-07,9:31:03.513967636,T,KO,F I,31,69.45
2025-11-07,9:31:03.521290025,T,KO,I,39,69.45
2025-11-07,9:31:03.521293956,T,KO,,200,69.45
2025-11-07,9:31:03.521293956,T,KO,I,1,69.45
2025-11-07,9:31:03.521296204,T,KO,I,25,69.45
2025-11-07,9:31:03.521790007,T,KO,,100,69.45
2025-11-07,9:31:03.521810304,T,KO,F,100,69.45
2025-11-07,9:31:03.521915552,T,KO,I,4,69.45
2025-11-07,9:31:03.521915552,T,KO,,123,69.45
2025-11-07,9:31:03.521921569,T,KO,,100,69.46
2025-11-07,9:31:03.521921569,T,KO,,100,69.46
2025-11-07,9:31:03.521924578,T,KO,I,25,69.46
2025-11-07,9:31:03.521927638,T,KO,,100,69.46
2025-11-07,9:31:03.521948660,T,KO,,100,69.46
2025-11-07,9:31:03.521990699,T,KO,,100,69.45
2025-11-07,9:31:03.521990699,T,KO,I,25,69.45
2025-11-07,9:31:03.522252316,T,KO,,100,69.45
2025-11-07,9:31:03.522255341,T,KO,I,25,69.45
2025-11-07,9:31:03.532873834,T,KO,F I,25,69.44
2025-11-07,9:31:03.532873834,T,KO,F I,96,69.44
2025-11-07,9:31:03.532894763,T,KO,I,1,69.44
2025-11-07,9:31:03.805028230,T,KO,F I,4,69.45
2025-11-07,9:31:03.805028230,T,KO,F,100,69.45
2025-11-07,9:31:03.805121083,T,KO,,100,69.46
2025-11-07,9:31:03.811655836,T,KO,F I,25,69.47
2025-11-07,9:31:03.811658681,T,KO,F,200,69.47
2025-11-07,9:31:03.811661620,T,KO,F,158,69.47
2025-11-07,9:31:03.814710868,T,KO,F I,4,69.46
2025-11-07,9:31:03.814710868,T,KO,F I,25,69.46
2025-11-07,9:31:03.814713967,T,KO,F I,56,69.46
2025-11-07,9:31:03.834425820,T,KO,F I,4,69.46
2025-11-07,9:31:03.834513039,T,KO,I,96,69.46
2025-11-07,9:31:03.845534346,T,KO,F I,10,69.46
2025-11-07,9:31:03.854363306,T,KO,F I,1,69.46
2025-11-07,9:31:04.929962172,T,KO,,200,69.45
2025-11-07,9:31:04.929962172,T,KO,I,30,69.46
2025-11-07,9:31:04.929983133,T,KO,F,170,69.46
2025-11-07,9:31:04.929986113,T,KO,F I,25,69.46
2025-11-07,9:31:04.929989261,T,KO,F I,1,69.46
2025-11-07,9:31:04.929989261,T,KO,F I,4,69.46
2025-11-07,9:31:04.929992231,T,KO,,107,69.46
2025-11-07,9:31:04.930004164,T,KO,I,1,69.46
2025-11-07,9:31:04.997656349,T,KO,F,100,69.45
2025-11-07,9:31:04.997677791,T,KO,I,80,69.45
2025-11-07,9:31:05.003018484,T,KO,F I,4,69.45
2025-11-07,9:31:05.003018484,T,KO,F I,8,69.45
2025-11-07,9:31:05.009294090,T,KO,F I,6,69.45
2025-11-07,9:31:05.022958649,T,KO,F I,81,69.44
2025-11-07,9:31:05.054151952,T,KO,F I,1,69.43
2025-11-07,9:31:05.054684191,T,KO,F I,98,69.44
2025-11-07,9:31:05.054687157,T,KO,F,500,69.45
2025-11-07,9:31:05.200992279,T,KO,F,200,69.47
2025-11-07,9:31:05.200992279,T,KO,F I,25,69.47
2025-11-07,9:31:06.064179447,T,KO,F,100,69.47
2025-11-07,9:31:06.064179447,T,KO,F I,51,69.47
2025-11-07,9:31:06.091890510,T,KO,F I,12,69.46
2025-11-07,9:31:06.091965835,T,KO,I,86,69.46
2025-11-07,9:31:06.091965835,T,KO,,200,69.46
2025-11-07,9:31:06.091983658,T,KO,I,1,69.46
2025-11-07,9:31:06.092052827,T,KO,,100,69.47
2025-11-07,9:31:06.092055965,T,KO,I,51,69.47
2025-11-07,9:31:06.092080837,T,KO,F I,49,69.47
2025-11-07,9:31:06.092080837,T,KO,F,100,69.47
2025-11-07,9:31:06.092084436,T,KO,F I,25,69.47
2025-11-07,9:31:06.092088903,T,KO,I,60,69.47
2025-11-07,9:31:06.092209192,T,KO,I,4,69.47
2025-11-07,9:31:06.092213623,T,KO,,100,69.47
2025-11-07,9:31:06.092213623,T,KO,,100,69.47
2025-11-07,9:31:06.092218308,T,KO,,200,69.47
2025-11-07,9:31:06.092218308,T,KO,,100,69.47
2025-11-07,9:31:06.092269358,T,KO,,200,69.46
2025-11-07,9:31:06.092269358,T,KO,I,25,69.46
2025-11-07,9:31:06.092924940,T,KO,I,8,69.46
2025-11-07,9:31:06.092924940,T,KO,I,66,69.46
2025-11-07,9:31:06.092946228,T,KO,F I,34,69.46
2025-11-07,9:31:06.092946228,T,KO,F I,16,69.46
2025-11-07,9:31:06.092949092,T,KO,F I,4,69.46
2025-11-07,9:31:06.093691769,T,KO,F,100,69.46
2025-11-07,9:31:06.093691769,T,KO,F I,16,69.46
2025-11-07,9:31:06.093695188,T,KO,F I,8,69.46
2025-11-07,9:31:06.093695188,T,KO,F I,4,69.46
2025-11-07,9:31:06.093698487,T,KO,F I,4,69.46
2025-11-07,9:31:06.093698487,T,KO,F,200,69.46
2025-11-07,9:31:06.093700767,T,KO,F I,68,69.46
2025-11-07,9:31:06.094269251,T,KO,,100,69.46
2025-11-07,9:31:06.094269251,T,KO,I,4,69.46
2025-11-07,9:31:06.094272187,T,KO,I,4,69.46
2025-11-07,9:31:06.095036006,T,KO,I,56,69.47
2025-11-07,9:31:06.095054295,T,KO,F I,44,69.47
2025-11-07,9:31:06.095054295,T,KO,F I,25,69.47
2025-11-07,9:31:06.096834297,T,KO,,100,69.47
2025-11-07,9:31:06.102241181,T,KO,,100,69.47
2025-11-07,9:31:06.102241181,T,KO,I,4,69.47
2025-11-07,9:31:06.102325934,T,KO,F,100,69.46
2025-11-07,9:31:06.102329147,T,KO,F I,25,69.46
2025-11-07,9:31:06.102329147,T,KO,F I,40,69.46
2025-11-07,9:31:06.102331313,T,KO,F I,60,69.46
2025-11-07,9:31:06.236117032,T,KO,I,4,69.47
2025-11-07,9:31:06.310821738,T,KO,F I,25,69.46
2025-11-07,9:31:06.311134311,T,KO,F I,25,69.46
2025-11-07,9:31:06.311142648,T,KO,F I,21,69.46
2025-11-07,9:31:06.370888999,T,KO,F I,6,69.45
2025-11-07,9:31:06.590769621,T,KO,I,19,69.45
2025-11-07,9:31:08.467834262,T,KO,I,25,69.46
2025-11-07,9:31:08.467840401,T,KO,I,25,69.46
2025-11-07,9:31:08.468137979,T,KO,,100,69.46
2025-11-07,9:31:08.468857171,T,KO,I,75,69.46
2025-11-07,9:31:08.468859903,T,KO,I,5,69.46
2025-11-07,9:31:08.468859903,T,KO,I,43,69.47
2025-11-07,9:31:08.469337974,T,KO,,200,69.47
2025-11-07,9:31:08.469341311,T,KO,I,58,69.47
2025-11-07,9:31:08.469359612,T,KO,I,17,69.47
2025-11-07,9:31:08.469359612,T,KO,I,12,69.47
2025-11-07,9:31:08.469362322,T,KO,I,1,69.47
2025-11-07,9:31:08.469407483,T,KO,,187,69.47
2025-11-07,9:31:08.469407483,T,KO,,200,69.47
2025-11-07,9:31:08.469410845,T,KO,,200,69.47
2025-11-07,9:31:08.469410845,T,KO,,200,69.47
2025-11-07,9:31:08.469412971,T,KO,,200,69.47
2025-11-07,9:31:08.469416564,T,KO,,100,69.47
2025-11-07,9:31:08.469416564,T,KO,,200,69.47
2025-11-07,9:31:08.471012775,T,KO,F I,25,69.48
2025-11-07,9:31:08.570441616,T,KO,F I,62,69.47
2025-11-07,9:31:08.570465637,T,KO,I,1,69.47
2025-11-07,9:31:11.643174923,T,KO,I,25,69.5
2025-11-07,9:31:11.643178577,T,KO,,147,69.5
2025-11-07,9:31:11.643180966,T,KO,I,53,69.5
2025-11-07,9:31:11.643704513,T,KO,F,133,69.51
2025-11-07,9:31:11.643707215,T,KO,F I,25,69.51
2025-11-07,9:31:11.643707215,T,KO,F,200,69.51
2025-11-07,9:31:11.643710184,T,KO,F,400,69.51
2025-11-07,9:31:11.646338465,T,KO,F I,25,69.52
2025-11-07,9:31:11.646816592,T,KO,I,25,69.53
2025-11-07,9:31:11.646819552,T,KO,,300,69.53
2025-11-07,9:31:11.646858684,T,KO,I,52,69.52
2025-11-07,9:31:11.646885698,T,KO,I,48,69.52
2025-11-07,9:31:11.646891802,T,KO,,200,69.52
2025-11-07,9:31:11.646903789,T,KO,I,1,69.52
2025-11-07,9:31:11.646913748,T,KO,I,99,69.52
2025-11-07,9:31:11.646915860,T,KO,,100,69.52
2025-11-07,9:31:11.713924426,T,KO,F I,92,69.5
2025-11-07,9:31:11.713939986,T,KO,I,1,69.5
2025-11-07,9:31:11.714054238,T,KO,I,98,69.49
2025-11-07,9:31:11.714116871,T,KO,I,25,69.48
2025-11-07,9:31:11.714119857,T,KO,,200,69.48
2025-11-07,9:31:11.714201659,T,KO,F,100,69.48
2025-11-07,9:31:11.714201659,T,KO,F,200,69.48
2025-11-07,9:31:11.714204804,T,KO,F,200,69.48
2025-11-07,9:31:11.714210303,T,KO,F I,83,69.48
2025-11-07,9:31:11.714243697,T,KO,F I,17,69.48
2025-11-07,9:31:11.714246691,T,KO,F I,83,69.48
2025-11-07,9:31:11.714252811,T,KO,F,100,69.48
2025-11-07,9:31:11.714252811,T,KO,F,100,69.48
2025-11-07,9:31:11.714255324,T,KO,I,93,69.48
2025-11-07,9:31:11.714273279,T,KO,I,1,69.48
2025-11-07,9:31:11.714295603,T,KO,F,100,69.49
2025-11-07,9:31:11.714297380,T,KO,F I,98,69.49
2025-11-07,9:31:11.714300279,T,KO,F I,25,69.49
2025-11-07,9:31:11.714300279,T,KO,F,190,69.49
2025-11-07,9:31:11.714309486,T,KO,F,443,69.49
2025-11-07,9:31:11.714315436,T,KO,F,1181,69.49
2025-11-07,9:31:11.714388129,T,KO,F,100,69.49
2025-11-07,9:31:11.714390531,T,KO,,200,69.49
2025-11-07,9:31:11.714462645,T,KO,,100,69.49
2025-11-07,9:31:11.714571082,T,KO,,200,69.48
2025-11-07,9:31:11.714573969,T,KO,I,25,69.48
2025-11-07,9:31:11.714576986,T,KO,,100,69.48
2025-11-07,9:31:11.744756858,T,KO,F I,16,69.48
2025-11-07,9:31:11.753086731,T,KO,F I,25,69.47
2025-11-07,9:31:11.790168494,T,KO,F,140,69.49
2025-11-07,9:31:11.809047177,T,KO,F I,25,69.49
2025-11-07,9:31:11.809049925,T,KO,F I,2,69.49
2025-11-07,9:31:11.850657091,T,KO,F I,25,69.48
2025-11-07,9:31:11.866847688,T,KO,F I,1,69.48
2025-11-07,9:31:11.866973883,T,KO,,109,69.48
2025-11-07,9:31:12.408789412,T,KO,I,25,69.51
2025-11-07,9:31:12.408792783,T,KO,,200,69.51
2025-11-07,9:31:12.423689956,T,KO,F I,25,69.5
2025-11-07,9:31:12.423689956,T,KO,F I,40,69.5
2025-11-07,9:31:12.423692867,T,KO,F I,46,69.5
2025-11-07,9:31:12.648863171,T,KO,F,100,69.53
2025-11-07,9:31:12.649196906,T,KO,F I,25,69.53
2025-11-07,9:31:12.649678125,T,KO,I,36,69.52
2025-11-07,9:31:12.797477145,T,KO,F,105,69.49
2025-11-07,9:31:12.797498118,T,KO,F,295,69.49
2025-11-07,9:31:13.166278471,T,KO,F I,36,69.5
2025-11-07,9:31:13.181993889,T,KO,F I,25,69.49
2025-11-07,9:31:13.181996939,T,KO,F I,1,69.49
2025-11-07,9:31:13.288053494,T,KO,F I,1,69.49
2025-11-07,9:31:14.003457404,T,KO,F,100,69.49
2025-11-07,9:31:14.026804977,T,KO,I,25,69.49
2025-11-07,9:31:15.141150981,T,KO,F I,50,69.48
2025-11-07,9:31:15.141208178,T,KO,F,150,69.48
2025-11-07,9:31:15.141256247,T,KO,F I,50,69.48
2025-11-07,9:31:15.156737149,T,KO,F,200,69.47
2025-11-07,9:31:17.196212487,T,KO,,100,69.48
2025-11-07,9:31:17.196215856,T,KO,I,90,69.48
2025-11-07,9:31:17.196234252,T,KO,I,10,69.48
2025-11-07,9:31:17.196234252,T,KO,I,10,69.48
2025-11-07,9:31:17.212965344,T,KO,I,25,69.47
2025-11-07,9:31:17.213022490,T,KO,,128,69.48
2025-11-07,9:31:17.223346157,T,KO,F I,7,69.47
2025-11-07,9:31:17.223376144,T,KO,I,1,69.47
2025-11-07,9:31:17.230391904,T,KO,F I,1,69.47
2025-11-07,9:31:17.798244228,T,KO,,100,69.49
2025-11-07,9:31:17.798249590,T,KO,I,25,69.49
2025-11-07,9:31:17.798249590,T,KO,,133,69.49
2025-11-07,9:31:17.798249590,T,KO,,200,69.49
2025-11-07,9:31:17.811983274,T,KO,F I,25,69.48
2025-11-07,9:31:17.811983274,T,KO,F I,72,69.48
2025-11-07,9:31:17.812001062,T,KO,I,1,69.48
2025-11-07,9:31:17.822078088,T,KO,F I,5,69.48
2025-11-07,9:31:19.430515885,T,KO,I,5,69.48
2025-11-07,9:31:20.155353227,T,KO,F I,11,69.49
2025-11-07,9:31:20.155500595,T,KO,I,18,69.5
2025-11-07,9:31:20.163132803,T,KO,F I,8,69.5
2025-11-07,9:31:20.194151670,T,KO,F I,4,69.5
2025-11-07,9:31:20.203726481,T,KO,F I,2,69.5
2025-11-07,9:31:21.213636818,T,KO,F I,25,69.52
2025-11-07,9:31:21.213642681,T,KO,F,100,69.52
2025-11-07,9:31:21.214278492,T,KO,F I,55,69.51
2025-11-07,9:31:21.214283559,T,KO,F,132,69.51
2025-11-07,9:31:21.214286306,T,KO,F,100,69.51
2025-11-07,9:31:21.214286306,T,KO,F,200,69.51
2025-11-07,9:31:21.214289556,T,KO,F I,25,69.51
2025-11-07,9:31:21.214641147,T,KO,F,100,69.5
2025-11-07,9:31:21.221302012,T,KO,F,309,69.5
2025-11-07,9:31:21.221320119,T,KO,I,1,69.5
2025-11-07,9:31:21.221347326,T,KO,F,1690,69.5
2025-11-07,9:31:21.221347326,T,KO,F,400,69.5
2025-11-07,9:31:21.221350296,T,KO,F,156,69.5
2025-11-07,9:31:21.221350296,T,KO,F,138,69.5
2025-11-07,9:31:21.224435816,T,KO,F,100,69.5
2025-11-07,9:31:21.224435816,T,KO,F,100,69.5
2025-11-07,9:31:21.231959308,T,KO,F,100,69.5
2025-11-07,9:31:21.231962536,T,KO,F I,25,69.49
2025-11-07,9:31:21.231962536,T,KO,F,100,69.49
2025-11-07,9:31:21.231965302,T,KO,F I,75,69.49
2025-11-07,9:31:21.231977427,T,KO,I,1,69.49
2025-11-07,9:31:21.232004415,T,KO,F I,44,69.49
2025-11-07,9:31:21.242273874,T,KO,F,100,69.48
2025-11-07,9:31:21.264947858,T,KO,I,6,69.48
2025-11-07,9:31:21.267555729,T,KO,F I,45,69.49
2025-11-07,9:31:21.267558433,T,KO,F I,25,69.49
2025-11-07,9:31:21.267561078,T,KO,F,100,69.49
2025-11-07,9:31:21.943057055,T,KO,F I,25,69.53
2025-11-07,9:31:21.943060103,T,KO,F,200,69.53
2025-11-07,9:31:21.943538059,T,KO,F,1200,69.53
2025-11-07,9:31:21.943589184,T,KO,I,5,69.54
2025-11-07,9:31:21.943589184,T,KO,I,25,69.54
2025-11-07,9:31:21.948659316,T,KO,F I,6,69.53
2025-11-07,9:31:21.948662228,T,KO,F,100,69.53
2025-11-07,9:31:21.949119410,T,KO,,121,69.53
2025-11-07,9:31:21.980324658,T,KO,F,100,69.52
2025-11-07,9:31:22.217782959,T,KO,F I,35,69.52
2025-11-07,9:31:22.217785222,T,KO,F I,79,69.52
2025-11-07,9:31:22.217812334,T,KO,I,1,69.52
2025-11-07,9:31:22.217827297,T,KO,,199,69.52
2025-11-07,9:31:22.217830317,T,KO,,200,69.52
2025-11-07,9:31:22.217830317,T,KO,I,34,69.52
2025-11-07,9:31:22.217884464,T,KO,F I,12,69.52
2025-11-07,9:31:22.217890510,T,KO,F,100,69.52
2025-11-07,9:31:22.217902537,T,KO,F I,6,69.52
2025-11-07,9:31:22.218233375,T,KO,F,100,69.51
2025-11-07,9:31:22.240357024,T,KO,F,100,69.5
2025-11-07,9:31:22.412959335,T,KO,F,200,69.5
2025-11-07,9:31:22.412974573,T,KO,I,1,69.5
2025-11-07,9:31:22.412978436,T,KO,,399,69.5
2025-11-07,9:31:22.412980243,T,KO,I,32,69.5
2025-11-07,9:31:22.412986906,T,KO,,1200,69.5
2025-11-07,9:31:22.412986906,T,KO,,554,69.5
2025-11-07,9:31:22.412989221,T,KO,F,2441,69.5
2025-11-07,9:31:22.412989221,T,KO,F,100,69.5
2025-11-07,9:31:22.413013708,T,KO,,290,69.5
2025-11-07,9:31:22.417788651,T,KO,,200,69.51
2025-11-07,9:31:22.417897248,T,KO,F,100,69.51
2025-11-07,9:31:22.417917886,T,KO,I,1,69.51
2025-11-07,9:31:22.417927619,T,KO,F,3580,69.51
2025-11-07,9:31:22.417927619,T,KO,F I,26,69.51
2025-11-07,9:31:22.417929942,T,KO,F I,1,69.51
2025-11-07,9:31:22.417932941,T,KO,F I,25,69.51
2025-11-07,9:31:22.417935994,T,KO,F I,99,69.51
2025-11-07,9:31:22.418525334,T,KO,I,9,69.51
2025-11-07,9:31:22.418525334,T,KO,I,35,69.51
2025-11-07,9:31:22.418988957,T,KO,,200,69.505
2025-11-07,9:31:22.418991453,T,KO,I,90,69.51
2025-11-07,9:31:22.423496201,T,KO,F I,25,69.5
2025-11-07,9:31:22.423499205,T,KO,F I,75,69.5
2025-11-07,9:31:22.423679637,T,KO,F I,25,69.5
2025-11-07,9:31:22.424509748,T,KO,I,6,69.5
2025-11-07,9:31:22.424509748,T,KO,I,31,69.5
2025-11-07,9:31:22.424590792,T,KO,F I,15,69.5
2025-11-07,9:31:22.424623940,T,KO,I,10,69.5
2025-11-07,9:31:22.424636305,T,KO,F I,10,69.5
2025-11-07,9:31:22.424668970,T,KO,,100,69.5
2025-11-07,9:31:22.425020837,T,KO,,100,69.51
2025-11-07,9:31:22.432887602,T,KO,F I,90,69.51
2025-11-07,9:31:22.444032113,T,KO,F I,4,69.51
2025-11-07,9:31:22.454647345,T,KO,F I,1,69.51
2025-11-07,9:31:22.454668845,T,KO,F I,5,69.51
2025-11-07,9:31:22.454671423,T,KO,F,100,69.51
2025-11-07,9:31:22.530106135,T,KO,F I,9,69.5
2025-11-07,9:31:22.530127138,T,KO,F I,16,69.5
2025-11-07,9:31:22.530127138,T,KO,F,200,69.5
2025-11-07,9:31:23.252651978,T,KO,,100,69.52
2025-11-07,9:31:23.256441054,T,KO,F I,20,69.5
2025-11-07,9:31:23.256768754,T,KO,F,132,69.51
2025-11-07,9:31:23.256789885,T,KO,,100,69.51
2025-11-07,9:31:23.265952657,T,KO,F I,13,69.51
2025-11-07,9:31:23.288554493,T,KO,F I,1,69.51
2025-11-07,9:31:23.409890563,T,KO,F I,25,69.52
2025-11-07,9:31:23.425338762,T,KO,F I,11,69.52
2025-11-07,9:31:23.425377337,T,KO,F,102,69.52
2025-11-07,9:31:23.426384827,T,KO,F,100,69.51
2025-11-07,9:31:23.426387959,T,KO,F I,25,69.51
2025-11-07,9:31:23.426387959,T,KO,F,100,69.51
2025-11-07,9:31:23.435731010,T,KO,I,68,69.5
2025-11-07,9:31:23.449705351,T,KO,I,7,69.5
2025-11-07,9:31:23.464290113,T,KO,I,1,69.5
2025-11-07,9:31:23.622944971,T,KO,F I,50,69.51
2025-11-07,9:31:23.622969006,T,KO,I,50,69.51
2025-11-07,9:31:23.638579363,T,KO,I,7,69.5
2025-11-07,9:31:23.650460526,T,KO,I,1,69.5
2025-11-07,9:31:24.474922419,T,KO,F I,17,69.5
2025-11-07,9:31:24.474925098,T,KO,F I,6,69.5
2025-11-07,9:31:24.474925098,T,KO,F I,29,69.5
2025-11-07,9:31:25.082468428,T,KO,,100,69.49
2025-11-07,9:31:25.082471033,T,KO,I,25,69.5
2025-11-07,9:31:25.082771770,T,KO,F I,50,69.5
2025-11-07,9:31:25.082853023,T,KO,,100,69.505
2025-11-07,9:31:25.082853023,T,KO,,125,69.51
2025-11-07,9:31:25.082858989,T,KO,I,1,69.51
2025-11-07,9:31:25.082858989,T,KO,I,21,69.51
2025-11-07,9:31:25.083788234,T,KO,,100,69.51
2025-11-07,9:31:25.136046711,T,KO,F I,31,69.51
2025-11-07,9:31:25.137859987,T,KO,F I,39,69.51
2025-11-07,9:31:25.137881154,T,KO,F I,5,69.51
2025-11-07,9:31:25.155421872,T,KO,F I,4,69.5
2025-11-07,9:31:25.291222264,T,KO,I,21,69.5
2025-11-07,9:31:25.291225313,T,KO,I,50,69.5
2025-11-07,9:31:25.291225313,T,KO,I,25,69.5
2025-11-07,9:31:25.291273355,T,KO,F,100,69.5
2025-11-07,9:31:25.291279406,T,KO,F I,6,69.5
2025-11-07,9:31:25.312419755,T,KO,F I,6,69.5
2025-11-07,9:31:25.312422790,T,KO,F I,25,69.5
2025-11-07,9:31:25.312422790,T,KO,F I,39,69.5
2025-11-07,9:31:25.322358393,T,KO,F I,4,69.5
2025-11-07,9:31:26.061368512,T,KO,F I,5,69.5
2025-11-07,9:31:26.099409142,T,KO,F,100,69.49
2025-11-07,9:31:26.099445198,T,KO,,200,69.49
2025-11-07,9:31:26.099448226,T,KO,I,25,69.5
2025-11-07,9:31:26.099490243,T,KO,,200,69.5
2025-11-07,9:31:26.099514583,T,KO,F I,25,69.5
2025-11-07,9:31:26.099535361,T,KO,F I,25,69.5
2025-11-07,9:31:26.099542040,T,KO,,111,69.5
2025-11-07,9:31:26.100019593,T,KO,,100,69.5
2025-11-07,9:31:26.112219773,T,KO,F,100,69.49
2025-11-07,9:31:26.112222997,T,KO,F I,25,69.49
2025-11-07,9:31:26.112273727,T,KO,F I,89,69.49
2025-11-07,9:31:26.112282737,T,KO,F I,11,69.49
2025-11-07,9:31:26.120910334,T,KO,F I,25,69.48
2025-11-07,9:31:26.120913344,T,KO,F I,10,69.48
2025-11-07,9:31:26.120935231,T,KO,F,190,69.48
2025-11-07,9:31:26.120935231,T,KO,F I,55,69.48
2025-11-07,9:31:26.120937343,T,KO,F I,10,69.48
2025-11-07,9:31:26.120946372,T,KO,F I,90,69.48
2025-11-07,9:31:26.121737312,T,KO,F I,25,69.47
2025-11-07,9:31:26.121740265,T,KO,F,100,69.47
2025-11-07,9:31:26.123234892,T,KO,,100,69.47
2025-11-07,9:31:26.128807079,T,KO,F I,55,69.48
2025-11-07,9:31:26.151893051,T,KO,F I,25,69.47
2025-11-07,9:31:26.151893051,T,KO,F I,38,69.47
2025-11-07,9:31:26.152184800,T,KO,,100,69.47
2025-11-07,9:31:26.152184800,T,KO,I,6,69.47
2025-11-07,9:31:26.161188277,T,KO,F I,6,69.47
2025-11-07,9:31:26.239049771,T,KO,F I,31,69.48
2025-11-07,9:31:26.239049771,T,KO,F I,25,69.48
2025-11-07,9:31:29.048776605,T,KO,I,55,69.5
2025-11-07,9:31:29.048800677,T,KO,F I,45,69.5
2025-11-07,9:31:29.049588507,T,KO,F,100,69.5
2025-11-07,9:31:29.049615927,T,KO,,100,69.5
2025-11-07,9:31:29.049654641,T,KO,F I,14,69.5
2025-11-07,9:31:29.049675689,T,KO,I,16,69.5
2025-11-07,9:31:29.056414768,T,KO,I,70,69.5
2025-11-07,9:31:29.056414768,T,KO,I,30,69.5
2025-11-07,9:31:29.056435806,T,KO,I,1,69.5
2025-11-07,9:31:29.788496338,T,KO,F I,14,69.48
2025-11-07,9:31:29.788524158,T,KO,I,1,69.48
2025-11-07,9:31:29.805886743,T,KO,F I,1,69.48
2025-11-07,9:31:29.806016077,T,KO,F I,6,69.48
2025-11-07,9:31:29.883883538,T,KO,F I,1,69.48
2025-11-07,9:31:30.157802959,T,KO,F,195,69.49
2025-11-07,9:31:31.376930516,T,KO,,300,69.5
2025-11-07,9:31:31.376930516,T,KO,,257,69.5
2025-11-07,9:31:31.376945998,T,KO,I,1,69.5
2025-11-07,9:31:31.376945998,T,KO,F I,42,69.5
2025-11-07,9:31:31.376993721,T,KO,I,98,69.51
2025-11-07,9:31:32.857551882,T,KO,,100,69.51
2025-11-07,9:31:32.857597030,T,KO,I,59,69.51
2025-11-07,9:31:32.857621085,T,KO,,100,69.51
2025-11-07,9:31:32.857807985,T,KO,I,12,69.51
2025-11-07,9:31:32.857882682,T,KO,F,195,69.51
2025-11-07,9:31:32.857900678,T,KO,I,7,69.51
2025-11-07,9:31:32.857900678,T,KO,I,5,69.51
2025-11-07,9:31:32.857909787,T,KO,I,1,69.51
2025-11-07,9:31:32.857975839,T,KO,I,94,69.51
2025-11-07,9:31:32.857979269,T,KO,,100,69.51
2025-11-07,9:31:32.857979269,T,KO,,100,69.51
2025-11-07,9:31:32.857982645,T,KO,,1100,69.51
2025-11-07,9:31:32.857982645,T,KO,,100,69.51
2025-11-07,9:31:32.857984875,T,KO,I,5,69.51
2025-11-07,9:31:32.858024039,T,KO,F,400,69.51
2025-11-07,9:31:32.858046753,T,KO,I,12,69.51
2025-11-07,9:31:32.858586310,T,KO,I,48,69.51
2025-11-07,9:31:32.858595475,T,KO,F,340,69.51
2025-11-07,9:31:32.858595475,T,KO,F,100,69.51
2025-11-07,9:31:32.858598341,T,KO,F I,48,69.51
2025-11-07,9:31:32.858613391,T,KO,I,80,69.51
2025-11-07,9:31:35.429337323,T,KO,F I,2,69.51
2025-11-07,9:31:35.429427747,T,KO,I,36,69.51
2025-11-07,9:31:35.429427747,T,KO,I,24,69.51
2025-11-07,9:31:35.789492872,T,KO,,1540,69.51
2025-11-07,9:31:38.132788352,T,KO,F I,1,69.5
2025-11-07,9:31:38.132788352,T,KO,F I,1,69.5
2025-11-07,9:31:38.133431674,T,KO,,100,69.5
2025-11-07,9:31:38.133434514,T,KO,I,25,69.5
2025-11-07,9:31:38.133437621,T,KO,,200,69.5
2025-11-07,9:31:38.785612883,T,KO,,100,69.52
2025-11-07,9:31:38.785994806,T,KO,,148,69.52
2025-11-07,9:31:39.731708320,T,KO,I,30,69.54
2025-11-07,9:31:39.731729293,T,KO,F I,70,69.54
2025-11-07,9:31:39.731978924,T,KO,,200,69.55
2025-11-07,9:31:39.731981862,T,KO,I,25,69.55
2025-11-07,9:31:39.731984831,T,KO,I,52,69.55
2025-11-07,9:31:39.732147273,T,KO,F,200,69.55
2025-11-07,9:31:39.732150189,T,KO,F I,75,69.55
2025-11-07,9:31:39.732180318,T,KO,I,60,69.55
2025-11-07,9:31:39.732180318,T,KO,I,1,69.55
2025-11-07,9:31:39.732189362,T,KO,F,264,69.55
2025-11-07,9:31:39.732189362,T,KO,F I,28,69.55
2025-11-07,9:31:39.732192304,T,KO,F I,37,69.55
2025-11-07,9:31:39.734324437,T,KO,F,100,69.54
2025-11-07,9:31:39.796590764,T,KO,F,200,69.54
2025-11-07,9:31:39.796594438,T,KO,F,263,69.54
2025-11-07,9:31:39.796608716,T,KO,I,1,69.54
2025-11-07,9:31:40.114463482,T,KO,,500,69.54
2025-11-07,9:31:40.114480824,T,KO,,371,69.54
2025-11-07,9:31:40.114486850,T,KO,,3318,69.54
2025-11-07,9:31:40.119126944,T,KO,,168,69.55
2025-11-07,9:31:40.119824496,T,KO,F,200,69.55
2025-11-07,9:31:40.119857570,T,KO,,100,69.55
2025-11-07,9:31:40.119872620,T,KO,I,26,69.55
2025-11-07,9:31:40.119890690,T,KO,I,8,69.55
2025-11-07,9:31:42.349141981,T,KO,,190,69.51
2025-11-07,9:31:42.349151035,T,KO,F I,10,69.51
2025-11-07,9:31:42.447223652,T,KO,,100,69.51
2025-11-07,9:31:42.447223652,T,KO,I,17,69.51
2025-11-07,9:31:42.447229653,T,KO,,183,69.51
2025-11-07,9:31:42.447241689,T,KO,I,1,69.51
2025-11-07,9:31:42.447250876,T,KO,I,1,69.51
2025-11-07,9:31:42.447260008,T,KO,I,81,69.51
2025-11-07,9:31:42.447260008,T,KO,I,2,69.51
2025-11-07,9:31:42.447262659,T,KO,F I,83,69.51
2025-11-07,9:31:43.623255559,T,KO,I,28,69.51
2025-11-07,9:31:43.623258541,T,KO,,130,69.51
2025-11-07,9:31:44.682077259,T,KO,,100,69.51
2025-11-07,9:31:47.772101854,T,KO,,200,69.52
2025-11-07,9:31:47.772105029,T,KO,,200,69.52
2025-11-07,9:31:49.015789115,T,KO,,100,69.5
2025-11-07,9:31:49.015791862,T,KO,I,1,69.5
2025-11-07,9:31:49.025099109,T,KO,F I,25,69.49
2025-11-07,9:31:49.053811411,T,KO,,100,69.48
2025-11-07,9:31:49.053814410,T,KO,I,12,69.48
2025-11-07,9:31:49.057086251,T,KO,,900,69.48
2025-11-07,9:31:49.057107298,T,KO,I,1,69.48
2025-11-07,9:31:49.057627867,T,KO,,100,69.48
2025-11-07,9:31:49.057627867,T,KO,I,12,69.48
2025-11-07,9:31:49.057630654,T,KO,,100,69.48
2025-11-07,9:31:50.557164351,T,KO,,100,69.49
2025-11-07,9:31:50.557167175,T,KO,I,90,69.49
2025-11-07,9:31:50.557191465,T,KO,I,1,69.49
2025-11-07,9:31:50.557194848,T,KO,I,46,69.49
2025-11-07,9:31:51.486530462,T,KO,F,200,69.47
2025-11-07,9:31:51.486533924,T,KO,F I,25,69.47
2025-11-07,9:31:51.486545816,T,KO,F I,25,69.47
2025-11-07,9:31:51.486548600,T,KO,I,1,69.47
2025-11-07,9:31:51.486560917,T,KO,F I,25,69.47
2025-11-07,9:31:51.486563517,T,KO,F,149,69.47
2025-11-07,9:31:51.486915266,T,KO,F I,25,69.46
2025-11-07,9:31:51.486915266,T,KO,F,200,69.46
2025-11-07,9:31:51.487023594,T,KO,F,200,69.46
2025-11-07,9:31:51.487318471,T,KO,F I,25,69.45
2025-11-07,9:31:51.487318471,T,KO,F I,2,69.45
2025-11-07,9:31:51.487321779,T,KO,F I,73,69.45
2025-11-07,9:31:51.487348397,T,KO,F I,31,69.45
2025-11-07,9:31:51.487378536,T,KO,F I,96,69.45
2025-11-07,9:31:51.487378536,T,KO,F I,22,69.45
2025-11-07,9:31:51.487384554,T,KO,F I,78,69.45
2025-11-07,9:31:51.487471666,T,KO,F I,65,69.45
2025-11-07,9:31:51.488295605,T,KO,F I,62,69.46
2025-11-07,9:31:51.488313595,T,KO,F I,38,69.46
2025-11-07,9:31:51.488322746,T,KO,F I,38,69.46
2025-11-07,9:31:51.488331690,T,KO,F I,38,69.46
2025-11-07,9:31:51.488340769,T,KO,F I,24,69.46
2025-11-07,9:31:51.488425095,T,KO,F,100,69.45
2025-11-07,9:31:51.488427936,T,KO,F,100,69.45
2025-11-07,9:31:52.393249984,T,KO,F I,8,69.46
2025-11-07,9:31:52.393253396,T,KO,F,100,69.46
2025-11-07,9:31:52.393256025,T,KO,F,100,69.46
2025-11-07,9:31:52.393595777,T,KO,,100,69.46
2025-11-07,9:31:52.393625902,T,KO,,100,69.46
2025-11-07,9:31:56.309744948,T,KO,,100,69.435
2025-11-07,9:31:56.310064137,T,KO,F,100,69.435
2025-11-07,9:31:56.310190563,T,KO,,100,69.43
2025-11-07,9:31:56.310211114,T,KO,I,1,69.43
2025-11-07,9:31:56.310635062,T,KO,,100,69.43
2025-11-07,9:31:56.310780091,T,KO,I,25,69.43
2025-11-07,9:31:56.310782398,T,KO,I,74,69.43
2025-11-07,9:31:56.313097938,T,KO,,200,69.42
2025-11-07,9:31:56.313101629,T,KO,I,25,69.41
2025-11-07,9:31:56.313104045,T,KO,,200,69.41
2025-11-07,9:31:56.313106937,T,KO,,100,69.41
2025-11-07,9:31:56.313182171,T,KO,,100,69.41
2025-11-07,9:31:56.318526038,T,KO,,100,69.41
2025-11-07,9:31:56.318528933,T,KO,,100,69.41
2025-11-07,9:31:56.318531944,T,KO,I,31,69.41
2025-11-07,9:31:56.351030544,T,KO,,125,69.415
2025-11-07,9:31:56.351042278,T,KO,I,75,69.415
2025-11-07,9:31:56.545677844,T,KO,,100,69.42
2025-11-07,9:31:56.546333395,T,KO,F I,26,69.43
2025-11-07,9:31:56.546336461,T,KO,F,300,69.43
2025-11-07,9:31:56.546826587,T,KO,,100,69.435
2025-11-07,9:31:56.546829652,T,KO,,100,69.44
2025-11-07,9:31:56.547094266,T,KO,,100,69.44
2025-11-07,9:31:56.695702156,T,KO,F I,80,69.44
2025-11-07,9:31:58.861773045,T,KO,I,80,69.43
2025-11-07,9:32:00.031595275,T,KO,F,200,69.43
2025-11-07,9:32:00.602589133,T,KO,F I,20,69.43
2025-11-07,9:32:02.442196485,T,KO,F,200,69.44
2025-11-07,9:32:02.442220530,T,KO,I,1,69.44
2025-11-07,9:32:02.442521258,T,KO,I,8,69.44
2025-11-07,9:32:02.442677579,T,KO,F,300,69.44
2025-11-07,9:32:02.442821972,T,KO,F I,91,69.44
2025-11-07,9:32:02.443239919,T,KO,I,25,69.46
2025-11-07,9:32:02.494948311,T,KO,,100,69.46
2025-11-07,9:32:02.494969138,T,KO,I,1,69.46
2025-11-07,9:32:04.232375579,T,KO,F I,25,69.47
2025-11-07,9:32:04.232378126,T,KO,F,200,69.47
2025-11-07,9:32:04.238458540,T,KO,I,25,69.46
2025-11-07,9:32:04.238461555,T,KO,,139,69.46
2025-11-07,9:32:04.238936741,T,KO,,100,69.45
2025-11-07,9:32:04.238936741,T,KO,I,25,69.45
2025-11-07,9:32:04.239156236,T,KO,I,1,69.45
2025-11-07,9:32:04.239805759,T,KO,,100,69.45
2025-11-07,9:32:04.242127713,T,KO,,100,69.45
2025-11-07,9:32:04.242265674,T,KO,F I,34,69.45
2025-11-07,9:32:04.245850183,T,KO,,100,69.45
2025-11-07,9:32:04.247546243,T,KO,I,25,69.45
2025-11-07,9:32:04.247570329,T,KO,F I,25,69.45
2025-11-07,9:32:04.247609409,T,KO,F I,75,69.45
2025-11-07,9:32:04.247645517,T,KO,I,1,69.45
2025-11-07,9:32:04.247952228,T,KO,I,25,69.45
2025-11-07,9:32:04.247952228,T,KO,,200,69.45
2025-11-07,9:32:04.531136661,T,KO,I,70,69.45
2025-11-07,9:32:04.531202733,T,KO,F I,30,69.45
2025-11-07,9:32:04.531223895,T,KO,F I,25,69.46
2025-11-07,9:32:04.531226866,T,KO,F,200,69.46
2025-11-07,9:32:11.426986489,T,KO,F,200,69.45
2025-11-07,9:32:11.426986489,T,KO,F,100,69.45
2025-11-07,9:32:11.427527802,T,KO,F,100,69.44
2025-11-07,9:32:11.452688708,T,KO,F I,25,69.45
2025-11-07,9:32:11.452691768,T,KO,F,100,69.45
2025-11-07,9:32:12.266021188,T,KO,F I,25,69.47
2025-11-07,9:32:12.852345278,T,KO,I,2,69.48
2025-11-07,9:32:12.852387400,T,KO,I,23,69.48
2025-11-07,9:32:12.852393335,T,KO,,300,69.48
2025-11-07,9:32:12.852393335,T,KO,I,80,69.48
2025-11-07,9:32:12.853788742,T,KO,,294,69.5
2025-11-07,9:32:12.854838200,T,KO,,100,69.5
2025-11-07,9:32:13.811873617,T,KO,F I,4,69.49
2025-11-07,9:32:13.811876539,T,KO,F I,2,69.49
2025-11-07,9:32:14.977007963,T,KO,F I,6,69.49
2025-11-07,9:32:14.977010485,T,KO,F I,20,69.49
2025-11-07,9:32:16.964206451,T,KO,F I,25,69.5
2025-11-07,9:32:18.475145959,T,KO,F I,54,69.49
2025-11-07,9:32:18.475163998,T,KO,F I,66,69.49
2025-11-07,9:32:18.475167713,T,KO,F,280,69.49
2025-11-07,9:32:18.475170095,T,KO,F I,70,69.49
2025-11-07,9:32:18.475176046,T,KO,F,330,69.49
2025-11-07,9:32:18.475462042,T,KO,F,100,69.48
2025-11-07,9:32:18.475462042,T,KO,F I,64,69.48
2025-11-07,9:32:19.300124793,T,KO,F,236,69.48
2025-11-07,9:32:21.417209703,T,KO,,200,69.5
2025-11-07,9:32:21.417218109,T,KO,,200,69.5
2025-11-07,9:32:21.417260677,T,KO,,400,69.5
2025-11-07,9:32:22.426538975,T,KO,F I,39,69.5
2025-11-07,9:32:22.426557018,T,KO,F I,61,69.5
2025-11-07,9:32:22.426560048,T,KO,F,100,69.5
2025-11-07,9:32:22.426581053,T,KO,I,1,69.5
2025-11-07,9:32:22.432625440,T,KO,F,200,69.51
2025-11-07,9:32:22.432629404,T,KO,F,100,69.51
2025-11-07,9:32:22.432629404,T,KO,F I,66,69.51
2025-11-07,9:32:22.432631630,T,KO,F I,25,69.51
2025-11-07,9:32:22.432631630,T,KO,F I,25,69.51
2025-11-07,9:32:23.116568790,T,KO,F,279,69.51
2025-11-07,9:32:23.116568790,T,KO,F,164,69.51
2025-11-07,9:32:23.116571391,T,KO,F I,25,69.51
2025-11-07,9:32:23.116592436,T,KO,F,468,69.51
2025-11-07,9:32:23.116616547,T,KO,F,300,69.51
2025-11-07,9:32:23.604525589,T,KO,F,100,69.52
2025-11-07,9:32:23.604546694,T,KO,F,179,69.53
2025-11-07,9:32:23.604562232,T,KO,I,1,69.53
2025-11-07,9:32:23.604564858,T,KO,I,1,69.53
2025-11-07,9:32:23.604585676,T,KO,I,19,69.53
2025-11-07,9:32:23.604585676,T,KO,I,13,69.53
2025-11-07,9:32:23.604612851,T,KO,I,6,69.53
2025-11-07,9:32:23.604616370,T,KO,I,35,69.53
2025-11-07,9:32:23.959361724,T,KO,F,190,69.54
2025-11-07,9:32:24.567042995,T,KO,I,82,69.53
2025-11-07,9:32:24.777974389,T,KO,F,200,69.54
2025-11-07,9:32:24.777977376,T,KO,F,100,69.54
2025-11-07,9:32:24.777980373,T,KO,F I,25,69.54
2025-11-07,9:32:24.778664147,T,KO,,100,69.54
2025-11-07,9:32:24.778664147,T,KO,I,9,69.54
2025-11-07,9:32:24.778665991,T,KO,I,50,69.54
2025-11-07,9:32:24.778978758,T,KO,I,25,69.53
2025-11-07,9:32:24.789789520,T,KO,I,8,69.53
2025-11-07,9:32:27.085679934,T,KO,F,100,69.54
2025-11-07,9:32:27.085703722,T,KO,I,1,69.54
2025-11-07,9:32:27.085707344,T,KO,I,32,69.54
2025-11-07,9:32:29.083075740,T,KO,F I,81,69.52
2025-11-07,9:32:29.083114870,T,KO,F,100,69.52
2025-11-07,9:32:31.513350006,T,KO,,200,69.505
2025-11-07,9:32:31.631008272,T,KO,I,3,69.5
2025-11-07,9:32:31.631011272,T,KO,I,3,69.5
2025-11-07,9:32:31.631471314,T,KO,F I,97,69.5
2025-11-07,9:32:31.631985518,T,KO,F I,49,69.5
2025-11-07,9:32:31.632190180,T,KO,F I,45,69.5
2025-11-07,9:32:31.632428232,T,KO,I,31,69.5
2025-11-07,9:32:31.632430667,T,KO,I,25,69.5
2025-11-07,9:32:31.632433609,T,KO,,100,69.5
2025-11-07,9:32:31.633164350,T,KO,I,13,69.51
2025-11-07,9:32:31.633594462,T,KO,F I,28,69.51
2025-11-07,9:32:31.741599566,T,KO,,300,69.51
2025-11-07,9:32:32.700214313,T,KO,F,300,69.53
2025-11-07,9:32:32.700391056,T,KO,I,1,69.53
2025-11-07,9:32:32.700397244,T,KO,F,198,69.53
2025-11-07,9:32:32.700418142,T,KO,I,1,69.53
2025-11-07,9:32:33.471992793,T,KO,F,300,69.55
2025-11-07,9:32:33.472242487,T,KO,,230,69.55
2025-11-07,9:32:33.472302527,T,KO,F,230,69.55
2025-11-07,9:32:35.784726647,T,KO,F I,25,69.57
2025-11-07,9:32:35.784729131,T,KO,F I,10,69.57
2025-11-07,9:32:35.784732016,T,KO,F,200,69.57
2025-11-07,9:32:35.784885426,T,KO,,225,69.57
2025-11-07,9:32:35.788076054,T,KO,F I,40,69.57
2025-11-07,9:32:38.015345931,T,KO,I,17,69.58
2025-11-07,9:32:38.015352385,T,KO,,183,69.58
2025-11-07,9:32:38.015352385,T,KO,,100,69.58
2025-11-07,9:32:38.015354828,T,KO,I,17,69.58
2025-11-07,9:32:38.015375760,T,KO,I,1,69.58
2025-11-07,9:32:38.015378779,T,KO,I,1,69.58
2025-11-07,9:32:38.015553278,T,KO,I,21,69.58
2025-11-07,9:32:38.015832884,T,KO,F,300,69.58
2025-11-07,9:32:38.017519851,T,KO,I,11,69.58
2025-11-07,9:32:38.022427617,T,KO,,149,69.58
2025-11-07,9:32:39.056996589,T,KO,F I,2,69.57
2025-11-07,9:32:39.106675363,T,KO,F,100,69.565
2025-11-07,9:32:39.106675363,T,KO,F,100,69.56
2025-11-07,9:32:39.106677931,T,KO,F,100,69.56
2025-11-07,9:32:39.106689868,T,KO,F I,2,69.56
2025-11-07,9:32:39.132241802,T,KO,I,25,69.55
2025-11-07,9:32:39.255433170,T,KO,I,25,69.54
2025-11-07,9:32:39.255604543,T,KO,F I,25,69.54
2025-11-07,9:32:39.255815025,T,KO,,200,69.54
2025-11-07,9:32:39.255815025,T,KO,I,25,69.54
2025-11-07,9:32:39.255819021,T,KO,F I,50,69.54
2025-11-07,9:32:39.255833119,T,KO,F I,25,69.535
2025-11-07,9:32:39.298904720,T,KO,I,25,69.54
2025-11-07,9:32:39.307345863,T,KO,,100,69.54
2025-11-07,9:32:39.307348810,T,KO,,100,69.54
2025-11-07,9:32:39.307348810,T,KO,I,87,69.53
2025-11-07,9:32:39.307367328,T,KO,I,1,69.53
2025-11-07,9:32:39.307372833,T,KO,F,190,69.54
2025-11-07,9:32:39.307754843,T,KO,I,62,69.55
2025-11-07,9:32:39.307754843,T,KO,I,25,69.55
2025-11-07,9:32:39.314145110,T,KO,,190,69.55
2025-11-07,9:32:39.314145110,T,KO,,100,69.55
2025-11-07,9:32:39.325500840,T,KO,I,25,69.54
2025-11-07,9:32:39.325506083,T,KO,,100,69.54
2025-11-07,9:32:39.382573483,T,KO,I,62,69.53
2025-11-07,9:32:39.382573483,T,KO,I,25,69.53
2025-11-07,9:32:39.382597082,T,KO,I,1,69.53
2025-11-07,9:32:39.696794360,T,KO,F,200,69.57
2025-11-07,9:32:39.696842378,T,KO,,1100,69.57
2025-11-07,9:32:39.736127942,T,KO,,125,69.57
2025-11-07,9:32:40.462965117,T,KO,F,300,69.58
2025-11-07,9:32:40.462983135,T,KO,F,150,69.58
2025-11-07,9:32:40.716980023,T,KO,,200,69.6
2025-11-07,9:32:40.716980023,T,KO,I,25,69.6
2025-11-07,9:32:40.717010175,T,KO,I,9,69.6
2025-11-07,9:32:40.722699809,T,KO,F I,9,69.6
2025-11-07,9:32:40.722699809,T,KO,F,400,69.6
2025-11-07,9:32:41.030236189,T,KO,F,100,69.61
2025-11-07,9:32:41.030275817,T,KO,,200,69.62
2025-11-07,9:32:41.030278661,T,KO,I,25,69.62
2025-11-07,9:32:41.030897722,T,KO,F I,10,69.62
2025-11-07,9:32:43.693192502,T,KO,F,100,69.64
2025-11-07,9:32:43.706120278,T,KO,I,25,69.63
2025-11-07,9:32:43.716044293,T,KO,I,25,69.62
2025-11-07,9:32:43.716537717,T,KO,F I,25,69.61
2025-11-07,9:32:43.716540157,T,KO,F,100,69.61
2025-11-07,9:32:43.716543811,T,KO,F,400,69.61
2025-11-07,9:32:43.722184575,T,KO,I,66,69.62
2025-11-07,9:32:43.722184575,T,KO,,100,69.62
2025-11-07,9:32:43.728571888,T,KO,F I,9,69.62
2025-11-07,9:32:43.728577908,T,KO,F I,66,69.62
2025-11-07,9:32:43.728577908,T,KO,F I,17,69.62
2025-11-07,9:32:43.728581094,T,KO,F I,58,69.62
2025-11-07,9:32:43.728592918,T,KO,I,1,69.62
2025-11-07,9:32:43.728596135,T,KO,F,841,69.62
2025-11-07,9:32:43.728598962,T,KO,F I,25,69.62
2025-11-07,9:32:43.728598962,T,KO,F,100,69.62
2025-11-07,9:32:43.728637849,T,KO,F I,66,69.62
2025-11-07,9:32:43.741169585,T,KO,F I,25,69.61
2025-11-07,9:32:43.741169585,T,KO,F I,44,69.61
2025-11-07,9:32:43.741189803,T,KO,F I,56,69.61
2025-11-07,9:32:43.753766617,T,KO,F I,9,69.6
2025-11-07,9:32:43.753790155,T,KO,F I,16,69.6
2025-11-07,9:32:43.753790155,T,KO,F,100,69.6
2025-11-07,9:32:43.753792801,T,KO,F,100,69.6
2025-11-07,9:32:43.764913636,T,KO,I,15,69.59
2025-11-07,9:32:43.764935187,T,KO,F I,10,69.59
2025-11-07,9:32:43.778647028,T,KO,I,7,69.58
2025-11-07,9:32:43.778671053,T,KO,F,300,69.59
2025-11-07,9:32:43.778674835,T,KO,F I,18,69.58
2025-11-07,9:32:43.778678070,T,KO,F I,17,69.58
2025-11-07,9:32:43.778678070,T,KO,F,100,69.58
2025-11-07,9:32:43.778680048,T,KO,I,1,69.58
2025-11-07,9:32:43.778719149,T,KO,F,190,69.59
2025-11-07,9:32:43.778737209,T,KO,I,1,69.59
2025-11-07,9:32:43.778746733,T,KO,I,25,69.59
2025-11-07,9:32:43.789097485,T,KO,,100,69.59
2025-11-07,9:32:43.789097485,T,KO,I,1,69.59
2025-11-07,9:32:43.789121187,T,KO,F,199,69.59
2025-11-07,9:32:43.789121187,T,KO,F,200,69.59
2025-11-07,9:32:43.789124076,T,KO,F I,13,69.59
2025-11-07,9:32:43.789127132,T,KO,F I,25,69.59
2025-11-07,9:32:43.789130416,T,KO,F I,1,69.59
2025-11-07,9:32:43.789130416,T,KO,F,164,69.59
2025-11-07,9:32:43.789132997,T,KO,F,300,69.59
2025-11-07,9:32:43.789132997,T,KO,F,200,69.59
2025-11-07,9:32:43.789148018,T,KO,,114,69.59
2025-11-07,9:32:43.789935897,T,KO,I,86,69.59
2025-11-07,9:32:43.789935897,T,KO,I,9,69.59
2025-11-07,9:32:43.802277335,T,KO,I,13,69.61
2025-11-07,9:32:43.813918022,T,KO,I,6,69.6
2025-11-07,9:32:43.813942101,T,KO,F I,7,69.6
2025-11-07,9:32:43.820603038,T,KO,I,24,69.59
2025-11-07,9:32:43.820623963,T,KO,F I,1,69.59
2025-11-07,9:32:43.830697976,T,KO,F I,12,69.58
2025-11-07,9:32:43.838943653,T,KO,I,1,69.58
2025-11-07,9:32:43.859253972,T,KO,I,7,69.58
2025-11-07,9:32:43.859533786,T,KO,,190,69.59
2025-11-07,9:32:43.868895019,T,KO,I,10,69.59
2025-11-07,9:32:44.795115974,T,KO,F,100,69.62
2025-11-07,9:32:44.795136974,T,KO,I,76,69.62
2025-11-07,9:32:44.807246779,T,KO,I,10,69.61
2025-11-07,9:32:44.818424413,T,KO,I,1,69.62
2025-11-07,9:32:44.818451539,T,KO,F,199,69.62
2025-11-07,9:32:44.829024685,T,KO,I,10,69.61
2025-11-07,9:32:45.529546088,T,KO,I,10,69.61
2025-11-07,9:32:45.550548075,T,KO,I,1,69.61
2025-11-07,9:32:45.990360607,T,KO,F,149,69.61
2025-11-07,9:32:46.011308440,T,KO,I,12,69.6
2025-11-07,9:32:46.024070859,T,KO,F I,1,69.605
2025-11-07,9:32:46.790190583,T,KO,F I,88,69.6
2025-11-07,9:32:46.790190583,T,KO,F I,50,69.6
2025-11-07,9:32:47.155473565,T,KO,F,200,69.595
2025-11-07,9:32:47.155476527,T,KO,F,100,69.59
2025-11-07,9:32:47.717265567,T,KO,I,80,69.59
2025-11-07,9:32:47.724311985,T,KO,F I,25,69.58
2025-11-07,9:32:47.735275446,T,KO,I,1,69.59
2025-11-07,9:32:47.745950852,T,KO,I,1,69.59
2025-11-07,9:32:50.336010570,T,KO,I,50,69.59
2025-11-07,9:32:50.336010570,T,KO,,100,69.59
2025-11-07,9:32:50.336013529,T,KO,,300,69.59
2025-11-07,9:32:50.336026240,T,KO,I,1,69.6
2025-11-07,9:32:50.336035146,T,KO,I,44,69.6
2025-11-07,9:32:50.336061747,T,KO,I,1,69.6
2025-11-07,9:32:50.336118866,T,KO,I,99,69.6
2025-11-07,9:32:50.336122553,T,KO,,100,69.6
2025-11-07,9:32:50.336122553,T,KO,I,64,69.6
2025-11-07,9:32:50.336124912,T,KO,,100,69.6
2025-11-07,9:32:50.336127919,T,KO,,100,69.6
2025-11-07,9:32:50.336140000,T,KO,I,1,69.6
2025-11-07,9:32:50.336160968,T,KO,F I,25,69.6
2025-11-07,9:32:50.336172920,T,KO,I,24,69.6
2025-11-07,9:32:50.338662899,T,KO,F,106,69.61
2025-11-07,9:32:50.338665913,T,KO,F,150,69.61
2025-11-07,9:32:50.338900463,T,KO,F,100,69.61
2025-11-07,9:32:50.338922376,T,KO,F,100,69.61
2025-11-07,9:32:50.338924566,T,KO,F I,62,69.61
2025-11-07,9:32:50.351217813,T,KO,F I,38,69.61
2025-11-07,9:32:50.351217813,T,KO,F I,81,69.61
2025-11-07,9:32:50.363014951,T,KO,F I,6,69.61
2025-11-07,9:32:51.542156217,T,KO,F I,25,69.62
2025-11-07,9:32:51.562731244,T,KO,I,5,69.61
2025-11-07,9:32:51.563029323,T,KO,F I,25,69.61
2025-11-07,9:32:51.563032021,T,KO,F,100,69.61
2025-11-07,9:32:51.574365979,T,KO,I,21,69.6
2025-11-07,9:32:53.512409677,T,KO,I,1,69.6
2025-11-07,9:32:53.982777928,T,KO,I,77,69.6
2025-11-07,9:32:53.990127453,T,KO,I,5,69.59
2025-11-07,9:32:54.902019324,T,KO,,200,69.595
2025-11-07,9:32:54.925309715,T,KO,F I,45,69.585
2025-11-07,9:32:54.942092769,T,KO,F I,3,69.58
2025-11-07,9:32:54.982160172,T,KO,,100,69.59
2025-11-07,9:32:54.982179033,T,KO,I,1,69.59
2025-11-07,9:32:54.982190187,T,KO,I,1,69.59
2025-11-07,9:32:54.982193291,T,KO,I,20,69.59
2025-11-07,9:32:54.985741695,T,KO,F I,22,69.595
2025-11-07,9:32:54.996874208,T,KO,F I,1,69.595
2025-11-07,9:32:55.626059759,T,KO,I,63,69.59
2025-11-07,9:32:56.472756314,T,KO,F I,25,69.59
2025-11-07,9:32:56.501303280,T,KO,I,6,69.58
2025-11-07,9:32:56.979616422,T,KO,I,60,69.6
2025-11-07,9:32:56.990863189,T,KO,I,3,69.6
2025-11-07,9:32:58.030069353,T,KO,F,100,69.62
2025-11-07,9:32:58.057166907,T,KO,F I,6,69.63
2025-11-07,9:32:58.068368657,T,KO,I,1,69.62
2025-11-07,9:32:59.085222386,T,KO,,100,69.635
2025-11-07,9:32:59.104239806,T,KO,I,2,69.635
2025-11-07,9:32:59.231126905,T,KO,I,15,69.645
2025-11-07,9:32:59.242791706,T,KO,I,1,69.645
2025-11-07,9:32:59.815752313,T,KO,I,10,69.625
2025-11-07,9:32:59.825964565,T,KO,I,1,69.625
2025-11-07,9:33:00.268962184,T,KO,F,100,69.63
2025-11-07,9:33:00.268964693,T,KO,F I,50,69.63
2025-11-07,9:33:00.269145096,T,KO,I,50,69.63
2025-11-07,9:33:00.273490422,T,KO,F I,22,69.62
2025-11-07,9:33:00.285636363,T,KO,I,1,69.63
2025-11-07,9:33:00.299087408,T,KO,I,1,69.62
2025-11-07,9:33:00.299115226,T,KO,I,1,69.62
2025-11-07,9:33:00.310640900,T,KO,I,25,69.62
2025-11-07,9:33:00.360397448,T,KO,I,1,69.62
2025-11-07,9:33:02.010183662,T,KO,F I,3,69.63
2025-11-07,9:33:03.167201278,T,KO,F,100,69.65
2025-11-07,9:33:03.180733416,T,KO,F I,1,69.66
2025-11-07,9:33:03.338994338,T,KO,F I,25,69.67
2025-11-07,9:33:03.342735317,T,KO,F I,10,69.67
2025-11-07,9:33:03.345688325,T,KO,F I,50,69.68
2025-11-07,9:33:03.353065007,T,KO,F I,2,69.68
2025-11-07,9:33:03.363030669,T,KO,F I,1,69.68
2025-11-07,9:33:03.393228688,T,KO,F I,25,69.69
2025-11-07,9:33:03.402364264,T,KO,F I,1,69.69
2025-11-07,9:33:03.443523324,T,KO,F I,1,69.69
2025-11-07,9:33:03.484354631,T,KO,F I,27,69.69
2025-11-07,9:33:03.492185237,T,KO,F I,1,69.69
2025-11-07,9:33:03.531729413,T,KO,,100,69.69
2025-11-07,9:33:06.681873017,T,KO,F I,2,69.68
2025-11-07,9:33:06.713078450,T,KO,F I,25,69.66
2025-11-07,9:33:06.713637741,T,KO,I,14,69.66
2025-11-07,9:33:06.713730868,T,KO,,100,69.66
2025-11-07,9:33:06.713733908,T,KO,I,56,69.67
2025-11-07,9:33:06.713733908,T,KO,,100,69.67
2025-11-07,9:33:06.714049771,T,KO,F I,41,69.67
2025-11-07,9:33:06.714461616,T,KO,F I,53,69.67
2025-11-07,9:33:06.714488689,T,KO,I,1,69.67
2025-11-07,9:33:06.714873617,T,KO,F I,5,69.67
2025-11-07,9:33:06.714924701,T,KO,F,100,69.67
2025-11-07,9:33:06.714930723,T,KO,F,100,69.67
2025-11-07,9:33:06.714942762,T,KO,F I,10,69.67
2025-11-07,9:33:06.715757843,T,KO,F I,10,69.67
2025-11-07,9:33:06.715761287,T,KO,F I,15,69.67
2025-11-07,9:33:06.715761287,T,KO,F I,25,69.67
2025-11-07,9:33:06.715766730,T,KO,F,100,69.67
2025-11-07,9:33:06.716533683,T,KO,F,100,69.67
2025-11-07,9:33:06.716533683,T,KO,F,100,69.67
2025-11-07,9:33:06.736275606,T,KO,F I,1,69.65
2025-11-07,9:33:06.736278561,T,KO,F I,7,69.65
2025-11-07,9:33:08.621772217,T,KO,I,14,69.68
2025-11-07,9:33:11.286033976,T,KO,F I,2,69.69
2025-11-07,9:33:11.286559841,T,KO,F I,2,69.7
2025-11-07,9:33:11.301204696,T,KO,F I,38,69.71
2025-11-07,9:33:11.311236687,T,KO,F I,2,69.71
2025-11-07,9:33:11.861836282,T,KO,I,14,69.74
2025-11-07,9:33:11.874905062,T,KO,I,1,69.73
2025-11-07,9:33:11.875022413,T,KO,I,79,69.73
2025-11-07,9:33:11.875025510,T,KO,,100,69.73
2025-11-07,9:33:11.875025510,T,KO,,100,69.73
2025-11-07,9:33:11.885589593,T,KO,F I,44,69.735
2025-11-07,9:33:11.896042441,T,KO,F I,2,69.72
2025-11-07,9:33:11.896099982,T,KO,I,54,69.72
2025-11-07,9:33:11.896099982,T,KO,,200,69.72
2025-11-07,9:33:11.896103051,T,KO,,100,69.72
2025-11-07,9:33:11.896105646,T,KO,I,25,69.72
2025-11-07,9:33:11.896905472,T,KO,,200,69.72
2025-11-07,9:33:11.924318938,T,KO,I,96,69.715
2025-11-07,9:33:12.668621540,T,KO,I,25,69.71
2025-11-07,9:33:12.677222328,T,KO,F I,2,69.7
2025-11-07,9:33:12.857898421,T,KO,F,100,69.71
2025-11-07,9:33:13.298622057,T,KO,F I,97,69.72
2025-11-07,9:33:13.298625075,T,KO,F I,2,69.72
2025-11-07,9:33:13.462103392,T,KO,,200,69.76
2025-11-07,9:33:13.462106420,T,KO,I,25,69.76
2025-11-07,9:33:13.462127419,T,KO,I,1,69.76
2025-11-07,9:33:13.463204261,T,KO,F,100,69.75
2025-11-07,9:33:13.463207670,T,KO,F I,25,69.75
2025-11-07,9:33:13.463209970,T,KO,F,200,69.75
2025-11-07,9:33:13.464854960,T,KO,F I,55,69.74
2025-11-07,9:33:13.464854960,T,KO,F,100,69.74
2025-11-07,9:33:13.467305740,T,KO,I,20,69.735
2025-11-07,9:33:14.083587463,T,KO,F,100,69.74
2025-11-07,9:33:14.083590478,T,KO,F I,19,69.74
2025-11-07,9:33:14.102412280,T,KO,F I,12,69.73
2025-11-07,9:33:14.121068816,T,KO,F I,1,69.72
2025-11-07,9:33:14.218416600,T,KO,F,100,69.73
2025-11-07,9:33:14.218447239,T,KO,I,81,69.73
2025-11-07,9:33:14.218447239,T,KO,,100,69.73
2025-11-07,9:33:14.236119770,T,KO,F I,14,69.72
2025-11-07,9:33:14.257314208,T,KO,F I,1,69.72
2025-11-07,9:33:15.314268866,T,KO,F I,25,69.73
2025-11-07,9:33:15.314274658,T,KO,F I,68,69.73
2025-11-07,9:33:15.347148940,T,KO,,125,69.745
2025-11-07,9:33:15.362235920,T,KO,I,6,69.745
2025-11-07,9:33:15.377990355,T,KO,I,1,69.745
2025-11-07,9:33:15.615096115,T,KO,F I,5,69.735
2025-11-07,9:33:15.764290362,T,KO,,295,69.735
2025-11-07,9:33:15.766320224,T,KO,F I,15,69.735
2025-11-07,9:33:15.766344362,T,KO,I,85,69.735
2025-11-07,9:33:15.789529543,T,KO,F I,5,69.735
2025-11-07,9:33:15.789556636,T,KO,I,95,69.735
2025-11-07,9:33:16.357807924,T,KO,F I,68,69.76
2025-11-07,9:33:16.357811011,T,KO,F,100,69.76
2025-11-07,9:33:16.381044312,T,KO,F I,44,69.75
2025-11-07,9:33:16.396245468,T,KO,F I,2,69.76
2025-11-07,9:33:17.565255763,T,KO,F I,19,69.77
2025-11-07,9:33:17.565258932,T,KO,F I,44,69.77
2025-11-07,9:33:17.586233799,T,KO,F I,25,69.75
2025-11-07,9:33:17.586233799,T,KO,F I,86,69.75
2025-11-07,9:33:17.586254768,T,KO,I,1,69.75
2025-11-07,9:33:17.594190751,T,KO,F I,6,69.75
2025-11-07,9:33:18.633047891,T,KO,F I,25,69.76
2025-11-07,9:33:18.633050895,T,KO,F,200,69.76
2025-11-07,9:33:18.633312501,T,KO,F,194,69.75
2025-11-07,9:33:18.633339550,T,KO,F I,25,69.75
2025-11-07,9:33:18.651229201,T,KO,F I,25,69.74
2025-11-07,9:33:18.652633580,T,KO,I,63,69.74
2025-11-07,9:33:18.655063711,T,KO,F I,10,69.74
2025-11-07,9:33:18.655063711,T,KO,F,200,69.74
2025-11-07,9:33:18.655069383,T,KO,F,100,69.74
2025-11-07,9:33:18.655069383,T,KO,F I,25,69.74
2025-11-07,9:33:18.660885209,T,KO,F I,25,69.73
2025-11-07,9:33:18.661405405,T,KO,I,54,69.73
2025-11-07,9:33:18.661405405,T,KO,I,44,69.73
2025-11-07,9:33:18.661841773,T,KO,F I,69,69.73
2025-11-07,9:33:18.661847541,T,KO,F,100,69.73
2025-11-07,9:33:18.661847541,T,KO,F,100,69.73
2025-11-07,9:33:18.661847541,T,KO,F I,27,69.73
2025-11-07,9:33:18.661850576,T,KO,F,200,69.73
2025-11-07,9:33:18.661850576,T,KO,F I,25,69.73
2025-11-07,9:33:18.661991990,T,KO,F,100,69.73
2025-11-07,9:33:18.662900291,T,KO,F I,13,69.73
2025-11-07,9:33:18.662900291,T,KO,F I,24,69.73
2025-11-07,9:33:18.662906514,T,KO,F I,28,69.73
2025-11-07,9:33:18.662909962,T,KO,F I,4,69.73
2025-11-07,9:33:18.664004022,T,KO,F I,23,69.73
2025-11-07,9:33:18.664007006,T,KO,F I,77,69.73
2025-11-07,9:33:18.664009635,T,KO,F,100,69.73
2025-11-07,9:33:18.673677695,T,KO,I,25,69.72
2025-11-07,9:33:18.673677695,T,KO,,195,69.72
2025-11-07,9:33:21.215908573,T,KO,F,100,69.72
2025-11-07,9:33:21.333031518,T,KO,I,32,69.72
2025-11-07,9:33:21.333055497,T,KO,I,1,69.72
2025-11-07,9:33:21.333064574,T,KO,I,67,69.72
2025-11-07,9:33:21.333067575,T,KO,,100,69.72
2025-11-07,9:33:21.342266563,T,KO,F I,17,69.72
2025-11-07,9:33:21.342305515,T,KO,I,25,69.72
2025-11-07,9:33:21.354851404,T,KO,F I,13,69.71
2025-11-07,9:33:21.366808291,T,KO,F I,10,69.72
2025-11-07,9:33:21.366808291,T,KO,F,100,69.72
2025-11-07,9:33:21.366810911,T,KO,F I,25,69.72
2025-11-07,9:33:21.376493986,T,KO,F I,32,69.72
2025-11-07,9:33:21.385852986,T,KO,F I,2,69.72
2025-11-07,9:33:22.182404396,T,KO,F I,10,69.72
2025-11-07,9:33:22.182408350,T,KO,F,100,69.72
2025-11-07,9:33:22.182408350,T,KO,F I,1,69.72
2025-11-07,9:33:23.925275301,T,KO,,117,69.72
2025-11-07,9:33:23.925277446,T,KO,I,25,69.72
2025-11-07,9:33:23.925280525,T,KO,I,58,69.72
2025-11-07,9:33:23.925289719,T,KO,F,142,69.72
2025-11-07,9:33:23.925289719,T,KO,F I,83,69.72
2025-11-07,9:33:23.925292478,T,KO,I,1,69.72
2025-11-07,9:33:23.940370519,T,KO,I,60,69.72
2025-11-07,9:33:23.950110659,T,KO,I,3,69.72
2025-11-07,9:33:24.584480569,T,KO,,100,69.73
2025-11-07,9:33:24.584495749,T,KO,F I,25,69.73
2025-11-07,9:33:24.597594938,T,KO,F I,6,69.72
2025-11-07,9:33:24.597621830,T,KO,I,2,69.72
2025-11-07,9:33:24.597634322,T,KO,I,52,69.72
2025-11-07,9:33:24.597636982,T,KO,,100,69.72
2025-11-07,9:33:24.597636982,T,KO,I,51,69.72
2025-11-07,9:33:24.597639844,T,KO,,173,69.72
2025-11-07,9:33:24.597654890,T,KO,I,1,69.72
2025-11-07,9:33:24.607542478,T,KO,F I,20,69.73
2025-11-07,9:33:24.616557929,T,KO,F I,1,69.72
2025-11-07,9:33:24.983428829,T,KO,F I,51,69.73
2025-11-07,9:33:24.983428829,T,KO,F I,25,69.73
2025-11-07,9:33:24.983431786,T,KO,F I,54,69.73
2025-11-07,9:33:24.998160800,T,KO,F I,6,69.73
2025-11-07,9:33:25.008475457,T,KO,F I,1,69.72
2025-11-07,9:33:26.818393558,T,KO,I,50,69.74
2025-11-07,9:33:26.818396442,T,KO,I,1,69.74
2025-11-07,9:33:26.818396442,T,KO,I,25,69.74
2025-11-07,9:33:26.832725342,T,KO,F I,7,69.73
2025-11-07,9:33:26.832752389,T,KO,I,1,69.73
2025-11-07,9:33:30.842415059,T,KO,F I,1,69.73
2025-11-07,9:33:30.842451618,T,KO,F,200,69.72
2025-11-07,9:33:30.842460383,T,KO,F I,25,69.72
2025-11-07,9:33:30.842460383,T,KO,F I,25,69.72
2025-11-07,9:33:30.842475746,T,KO,I,1,69.72
2025-11-07,9:33:30.856617910,T,KO,F I,2,69.71
2025-11-07,9:33:30.888352505,T,KO,F I,9,69.7
2025-11-07,9:33:30.888586981,T,KO,F,133,69.71
2025-11-07,9:33:30.900715049,T,KO,F I,7,69.71
2025-11-07,9:33:31.668702000,T,KO,F,177,69.72
2025-11-07,9:33:32.561288675,T,KO,F,100,69.73
2025-11-07,9:33:32.561305951,T,KO,I,1,69.73
2025-11-07,9:33:32.561312079,T,KO,I,1,69.73
2025-11-07,9:33:33.044048638,T,KO,,100,69.735
2025-11-07,9:33:33.075542729,T,KO,I,21,69.74
2025-11-07,9:33:36.162433777,T,KO,F,190,69.74
2025-11-07,9:33:37.197005821,T,KO,,100,69.75
2025-11-07,9:33:37.337025216,T,KO,,190,69.79
2025-11-07,9:33:37.575664642,T,KO,I,17,69.79
2025-11-07,9:33:38.423248301,T,KO,I,2,69.79
2025-11-07,9:33:38.699456152,T,KO,I,12,69.79
2025-11-07,9:33:39.691260242,T,KO,I,16,69.8
2025-11-07,9:33:39.691374498,T,KO,F I,25,69.8
2025-11-07,9:33:39.691491846,T,KO,I,25,69.8
2025-11-07,9:33:39.691888731,T,KO,I,5,69.8
2025-11-07,9:33:39.693387248,T,KO,F I,33,69.8
2025-11-07,9:33:39.693387248,T,KO,F I,31,69.8
2025-11-07,9:33:39.693392289,T,KO,F,100,69.8
2025-11-07,9:33:39.693392289,T,KO,F I,50,69.8
2025-11-07,9:33:39.693395304,T,KO,F I,4,69.8
2025-11-07,9:33:39.708758978,T,KO,F,154,69.78
2025-11-07,9:33:39.708777024,T,KO,I,1,69.78
2025-11-07,9:33:42.410456512,T,KO,F I,50,69.8
2025-11-07,9:33:42.424779688,T,KO,I,4,69.79
2025-11-07,9:33:42.424803689,T,KO,I,1,69.79
2025-11-07,9:33:43.441317704,T,KO,F I,10,69.79
2025-11-07,9:33:43.457802927,T,KO,F I,1,69.79
2025-11-07,9:33:44.309626886,T,KO,I,4,69.81
2025-11-07,9:33:44.309626886,T,KO,I,1,69.81
2025-11-07,9:33:44.320260116,T,KO,F I,50,69.81
2025-11-07,9:33:44.338083553,T,KO,F I,1,69.79
2025-11-07,9:33:47.330450455,T,KO,I,1,69.8
2025-11-07,9:33:47.330453372,T,KO,I,4,69.8
2025-11-07,9:33:47.339387947,T,KO,F I,9,69.79
2025-11-07,9:33:47.339414800,T,KO,F I,67,69.79
2025-11-07,9:33:47.339414800,T,KO,F I,7,69.79
2025-11-07,9:33:47.339417841,T,KO,F,100,69.79
2025-11-07,9:33:47.339453883,T,KO,,300,69.8
2025-11-07,9:33:47.352438741,T,KO,I,2,69.79
2025-11-07,9:33:47.360079950,T,KO,I,2,69.79
2025-11-07,9:33:48.760356028,T,KO,I,5,69.79
2025-11-07,9:33:50.257195002,T,KO,I,11,69.79
2025-11-07,9:33:50.257225101,T,KO,I,1,69.79
2025-11-07,9:33:50.388373502,T,KO,I,2,69.8
2025-11-07,9:33:51.645899538,T,KO,I,2,69.79
2025-11-07,9:33:51.661308216,T,KO,F I,2,69.78
2025-11-07,9:33:51.661338247,T,KO,I,1,69.78
2025-11-07,9:33:52.153664859,T,KO,I,5,69.78
2025-11-07,9:33:52.170456903,T,KO,F I,4,69.78
2025-11-07,9:33:52.181354790,T,KO,F I,2,69.785
2025-11-07,9:33:52.565670488,T,KO,I,5,69.78
2025-11-07,9:33:52.586007485,T,KO,F I,6,69.785
2025-11-07,9:33:53.176097001,T,KO,F I,5,69.78
2025-11-07,9:33:53.197177214,T,KO,F I,1,69.785
2025-11-07,9:33:53.287773924,T,KO,,157,69.79
2025-11-07,9:33:53.307401705,T,KO,F I,18,69.79
2025-11-07,9:33:53.452416103,T,KO,F,100,69.8
2025-11-07,9:33:53.470179329,T,KO,F I,6,69.8
2025-11-07,9:33:53.828224109,T,KO,F I,20,69.79
2025-11-07,9:33:53.828281248,T,KO,,100,69.8
2025-11-07,9:33:53.849310350,T,KO,F I,5,69.79
2025-11-07,9:33:53.849797536,T,KO,F I,22,69.79
2025-11-07,9:33:53.861221674,T,KO,F I,25,69.78
2025-11-07,9:33:53.861540396,T,KO,,100,69.78
2025-11-07,9:33:53.870859616,T,KO,F I,25,69.77
2025-11-07,9:33:54.687373320,T,KO,I,80,69.78
2025-11-07,9:33:54.732793564,T,KO,,100,69.78
2025-11-07,9:33:54.758213099,T,KO,F I,1,69.78
2025-11-07,9:33:55.497569484,T,KO,F I,56,69.78
2025-11-07,9:33:55.497890869,T,KO,F I,25,69.77
2025-11-07,9:33:55.498841046,T,KO,F,100,69.77
2025-11-07,9:33:55.498862117,T,KO,I,1,69.77
2025-11-07,9:33:55.499028503,T,KO,I,25,69.77
2025-11-07,9:33:55.499028503,T,KO,,100,69.77
2025-11-07,9:33:55.499033514,T,KO,,100,69.77
2025-11-07,9:33:55.499033514,T,KO,I,15,69.77
2025-11-07,9:33:55.499087690,T,KO,F I,25,69.77
2025-11-07,9:33:55.499148258,T,KO,F I,13,69.77
2025-11-07,9:33:55.499151401,T,KO,F I,12,69.77
2025-11-07,9:33:55.499201991,T,KO,,100,69.77
2025-11-07,9:33:55.499219934,T,KO,I,9,69.77
2025-11-07,9:33:55.499241424,T,KO,,200,69.77
2025-11-07,9:33:55.501237777,T,KO,F I,30,69.77
2025-11-07,9:33:55.501240778,T,KO,F I,25,69.77
2025-11-07,9:33:55.504470523,T,KO,,100,69.77
2025-11-07,9:33:55.504557661,T,KO,F,100,69.78
2025-11-07,9:33:55.504561168,T,KO,F,140,69.78
2025-11-07,9:33:55.505348734,T,KO,I,57,69.78
2025-11-07,9:33:55.505351727,T,KO,I,49,69.78
2025-11-07,9:33:55.505351727,T,KO,I,49,69.78
2025-11-07,9:33:55.505355511,T,KO,I,49,69.78
2025-11-07,9:33:55.505355511,T,KO,I,55,69.78
2025-11-07,9:33:55.505357633,T,KO,I,25,69.78
2025-11-07,9:33:55.505619167,T,KO,I,3,69.78
2025-11-07,9:33:55.505655297,T,KO,I,97,69.78
2025-11-07,9:33:55.505682323,T,KO,I,3,69.78
2025-11-07,9:33:55.505697377,T,KO,I,44,69.78
2025-11-07,9:33:55.506325908,T,KO,F I,40,69.78
2025-11-07,9:33:55.516972450,T,KO,F,100,69.77
2025-11-07,9:33:55.516972450,T,KO,F I,47,69.77
2025-11-07,9:33:55.516972450,T,KO,F,100,69.77
2025-11-07,9:33:55.516977226,T,KO,F I,25,69.77
2025-11-07,9:33:55.516977226,T,KO,F I,10,69.77
2025-11-07,9:33:55.535240421,T,KO,F I,1,69.76
2025-11-07,9:33:56.926879224,T,KO,I,53,69.77
2025-11-07,9:33:56.926879224,T,KO,,100,69.77
2025-11-07,9:33:56.926882061,T,KO,I,59,69.77
2025-11-07,9:33:56.927529553,T,KO,I,7,69.78
2025-11-07,9:33:56.927555868,T,KO,I,1,69.78
2025-11-07,9:33:56.943280163,T,KO,F I,10,69.77
2025-11-07,9:33:56.943283229,T,KO,F I,7,69.77
2025-11-07,9:33:56.952280597,T,KO,F I,1,69.77
2025-11-07,9:33:57.472230921,T,KO,,200,69.77
2025-11-07,9:33:57.472294096,T,KO,,100,69.77
2025-11-07,9:33:57.490878329,T,KO,F I,25,69.77
2025-11-07,9:33:57.491025697,T,KO,F I,30,69.77
2025-11-07,9:33:57.851380042,T,KO,F I,10,69.78
2025-11-07,9:33:57.851380042,T,KO,F I,59,69.78
2025-11-07,9:33:57.851382979,T,KO,F,100,69.78
2025-11-07,9:33:57.852276108,T,KO,F I,29,69.79
2025-11-07,9:33:57.887538120,T,KO,I,40,69.8
2025-11-07,9:33:57.887820933,T,KO,,200,69.81
2025-11-07,9:33:57.901924307,T,KO,F I,47,69.81
2025-11-07,9:33:57.912575720,T,KO,F I,2,69.81
2025-11-07,9:33:57.923142823,T,KO,F I,1,69.81
2025-11-07,9:34:01.401244716,T,KO,,100,69.82
2025-11-07,9:34:01.401286807,T,KO,I,20,69.82
2025-11-07,9:34:01.401331849,T,KO,F,100,69.82
2025-11-07,9:34:01.402961748,T,KO,I,75,69.82
2025-11-07,9:34:01.402961748,T,KO,I,1,69.82
2025-11-07,9:34:01.402968146,T,KO,,190,69.82
2025-11-07,9:34:02.718246343,T,KO,F I,5,69.84
2025-11-07,9:34:04.452082819,T,KO,F,100,69.83
2025-11-07,9:34:04.452082819,T,KO,F I,55,69.83
2025-11-07,9:34:06.175490359,T,KO,F I,41,69.82
2025-11-07,9:34:06.175497000,T,KO,F I,41,69.82
2025-11-07,9:34:06.206927234,T,KO,F I,36,69.815
2025-11-07,9:34:06.206939304,T,KO,F I,36,69.815
2025-11-07,9:34:06.206942267,T,KO,F I,36,69.815
2025-11-07,9:34:06.206948287,T,KO,F I,36,69.815
2025-11-07,9:34:06.206948287,T,KO,F I,19,69.815
2025-11-07,9:34:10.936606656,T,KO,I,2,69.84
2025-11-07,9:34:11.542444578,T,KO,F I,2,69.83
2025-11-07,9:34:12.348505314,T,KO,F I,25,69.82
2025-11-07,9:34:12.398484382,T,KO,F,100,69.82
2025-11-07,9:34:12.398502844,T,KO,I,1,69.82
2025-11-07,9:34:12.399353447,T,KO,F I,10,69.82
2025-11-07,9:34:12.435722043,T,KO,F I,70,69.82
2025-11-07,9:34:12.548839547,T,KO,I,80,69.82
2025-11-07,9:34:13.348519592,T,KO,F,200,69.85
2025-11-07,9:34:13.348523262,T,KO,F I,25,69.85
2025-11-07,9:34:13.348528059,T,KO,F I,25,69.85
2025-11-07,9:34:13.349195608,T,KO,F I,25,69.85
2025-11-07,9:34:13.349250152,T,KO,I,97,69.85
2025-11-07,9:34:13.349270818,T,KO,I,1,69.85
2025-11-07,9:34:13.349283275,T,KO,F I,2,69.85
2025-11-07,9:34:13.349342954,T,KO,I,95,69.85
2025-11-07,9:34:13.349355346,T,KO,I,5,69.85
2025-11-07,9:34:13.349358441,T,KO,,100,69.85
2025-11-07,9:34:13.349361559,T,KO,I,10,69.85
2025-11-07,9:34:13.349367213,T,KO,I,25,69.85
2025-11-07,9:34:13.349367213,T,KO,I,60,69.85
2025-11-07,9:34:13.349370186,T,KO,I,33,69.85
2025-11-07,9:34:13.349379042,T,KO,,107,69.85
2025-11-07,9:34:13.349403138,T,KO,F I,25,69.85
2025-11-07,9:34:13.350338392,T,KO,F I,2,69.85
2025-11-07,9:34:13.350344794,T,KO,F I,25,69.85
2025-11-07,9:34:13.350344794,T,KO,F I,21,69.85
2025-11-07,9:34:14.467760666,T,KO,F I,49,69.85
2025-11-07,9:34:14.751360205,T,KO,,200,69.86
2025-11-07,9:34:14.751360205,T,KO,I,25,69.86
2025-11-07,9:34:14.751429255,T,KO,I,14,69.86
2025-11-07,9:34:14.751564621,T,KO,,100,69.85
2025-11-07,9:34:14.751568092,T,KO,,190,69.85
2025-11-07,9:34:14.751568092,T,KO,,200,69.85
2025-11-07,9:34:14.751658149,T,KO,,100,69.85
2025-11-07,9:34:14.751658149,T,KO,I,36,69.85
2025-11-07,9:34:14.751663823,T,KO,,100,69.85
2025-11-07,9:34:14.752650137,T,KO,I,28,69.86
2025-11-07,9:34:17.200438195,T,KO,I,5,69.88
2025-11-07,9:34:17.200838042,T,KO,I,16,69.89
2025-11-07,9:34:17.229154056,T,KO,F I,1,69.9
2025-11-07,9:34:17.229156486,T,KO,F,500,69.9
2025-11-07,9:34:17.229159410,T,KO,F I,4,69.9
2025-11-07,9:34:17.234025095,T,KO,I,25,69.92
2025-11-07,9:34:17.234025095,T,KO,,200,69.92
2025-11-07,9:34:17.301782386,T,KO,F I,12,69.93
2025-11-07,9:34:17.301785380,T,KO,F I,25,69.93
2025-11-07,9:34:17.306196908,T,KO,,100,69.94
2025-11-07,9:34:17.306497690,T,KO,F I,62,69.94
2025-11-07,9:34:17.306528534,T,KO,F I,46,69.94
2025-11-07,9:34:17.306528534,T,KO,F I,52,69.94
2025-11-07,9:34:17.306533699,T,KO,F I,48,69.94
2025-11-07,9:34:18.597848164,T,KO,,100,69.93
2025-11-07,9:34:18.973800637,T,KO,F,200,69.95
2025-11-07,9:34:18.973803558,T,KO,F I,25,69.95
2025-11-07,9:34:18.973851719,T,KO,I,5,69.94
2025-11-07,9:34:18.973920927,T,KO,F,100,69.95
2025-11-07,9:34:18.973944962,T,KO,F I,5,69.95
2025-11-07,9:34:18.974456198,T,KO,I,16,69.95
2025-11-07,9:34:18.974459173,T,KO,I,4,69.95
2025-11-07,9:34:18.974483291,T,KO,I,1,69.95
2025-11-07,9:34:19.968031649,T,KO,F I,47,69.95
2025-11-07,9:34:19.968031649,T,KO,F I,69,69.95
2025-11-07,9:34:19.968049896,T,KO,F I,6,69.95
2025-11-07,9:34:20.065210973,T,KO,I,65,69.95
2025-11-07,9:34:22.388342771,T,KO,F I,51,69.95
2025-11-07,9:34:22.389817014,T,KO,F I,8,69.95
2025-11-07,9:34:22.390036205,T,KO,I,92,69.95
2025-11-07,9:34:22.390038821,T,KO,I,6,69.96
2025-11-07,9:34:23.014993531,T,KO,F,200,69.97
2025-11-07,9:34:23.014993531,T,KO,F I,25,69.97
2025-11-07,9:34:23.015068409,T,KO,,392,69.965
2025-11-07,9:34:23.015083445,T,KO,I,45,69.96
2025-11-07,9:34:23.015083445,T,KO,I,89,69.96
2025-11-07,9:34:23.015095528,T,KO,I,11,69.96
2025-11-07,9:34:23.015098563,T,KO,I,44,69.96
2025-11-07,9:34:23.015104559,T,KO,I,1,69.96
2025-11-07,9:34:23.015110872,T,KO,,1917,69.965
2025-11-07,9:34:23.015125541,T,KO,I,1,69.96
2025-11-07,9:34:23.015186312,T,KO,F,391,69.965
2025-11-07,9:34:23.015188888,T,KO,F I,54,69.96
2025-11-07,9:34:23.015191705,T,KO,F I,56,69.96
2025-11-07,9:34:23.015269986,T,KO,F,100,69.97
2025-11-07,9:34:23.015272985,T,KO,F I,25,69.97
2025-11-07,9:34:23.015272985,T,KO,F I,44,69.97
2025-11-07,9:34:23.015275988,T,KO,F I,1,69.97
2025-11-07,9:34:23.015278923,T,KO,F I,1,69.97
2025-11-07,9:34:23.015278923,T,KO,F I,54,69.97
2025-11-07,9:34:23.015290984,T,KO,I,23,69.97
2025-11-07,9:34:23.015450914,T,KO,F I,44,69.96
2025-11-07,9:34:23.015453404,T,KO,F I,49,69.96
2025-11-07,9:34:23.015453404,T,KO,F,110,69.96
2025-11-07,9:34:23.015612798,T,KO,F,190,69.96
2025-11-07,9:34:23.016380020,T,KO,F,100,69.96
2025-11-07,9:34:23.016383178,T,KO,F I,23,69.96
2025-11-07,9:34:23.016383178,T,KO,F I,54,69.96
2025-11-07,9:34:23.016385527,T,KO,F I,49,69.96
2025-11-07,9:34:23.016388554,T,KO,F I,56,69.96
2025-11-07,9:34:23.016391617,T,KO,F,100,69.96
2025-11-07,9:34:23.016394602,T,KO,F,100,69.96
2025-11-07,9:34:23.019242670,T,KO,F I,56,69.97
2025-11-07,9:34:23.019245356,T,KO,F I,25,69.97
2025-11-07,9:34:23.019305538,T,KO,F I,25,69.97
2025-11-07,9:34:23.020051274,T,KO,F I,2,69.98
2025-11-07,9:34:23.881137189,T,KO,F I,27,69.97
2025-11-07,9:34:23.881140125,T,KO,F I,50,69.97
2025-11-07,9:34:25.327819670,T,KO,F I,15,69.98
2025-11-07,9:34:25.340112922,T,KO,F I,69,69.98
2025-11-07,9:34:25.340161093,T,KO,F I,31,69.98
2025-11-07,9:34:25.340161093,T,KO,F I,38,69.98
2025-11-07,9:34:27.465454863,T,KO,F I,2,69.98
2025-11-07,9:34:27.465475892,T,KO,I,2,69.98
2025-11-07,9:34:27.466302874,T,KO,F I,80,69.98
2025-11-07,9:34:27.490110507,T,KO,F I,81,69.98
2025-11-07,9:34:27.490164659,T,KO,F I,19,69.98
2025-11-07,9:34:27.492711785,T,KO,,100,69.98
2025-11-07,9:34:30.094592727,T,KO,F,200,69.97
2025-11-07,9:34:30.094592727,T,KO,F,100,69.97
2025-11-07,9:34:30.095200426,T,KO,F,100,69.97
2025-11-07,9:34:30.095203357,T,KO,F,100,69.97
2025-11-07,9:34:30.095225043,T,KO,I,1,69.97
2025-11-07,9:34:30.095231003,T,KO,F,100,69.97
2025-11-07,9:34:30.095236279,T,KO,F I,89,69.97
2025-11-07,9:34:30.095437650,T,KO,F I,62,69.98
2025-11-07,9:34:30.095440614,T,KO,F I,13,69.98
2025-11-07,9:34:30.109451017,T,KO,F,100,69.985
2025-11-07,9:34:30.123789364,T,KO,F I,5,69.985
2025-11-07,9:34:30.137165017,T,KO,F I,1,69.985
2025-11-07,9:34:31.374609199,T,KO,F,100,69.99
2025-11-07,9:34:31.374612964,T,KO,F I,68,69.99
2025-11-07,9:34:31.374615416,T,KO,F,120,69.99
2025-11-07,9:34:31.375106056,T,KO,,100,69.99
2025-11-07,9:34:31.375108692,T,KO,,100,69.99
2025-11-07,9:34:31.375108692,T,KO,I,73,69.99
2025-11-07,9:34:31.375126407,T,KO,I,1,69.99
2025-11-07,9:34:31.375496818,T,KO,F,500,70.0
2025-11-07,9:34:31.375500055,T,KO,F I,20,70.0
2025-11-07,9:34:31.375503075,T,KO,F,300,70.0
2025-11-07,9:34:31.375503075,T,KO,F I,1,70.0
2025-11-07,9:34:31.375505503,T,KO,F I,2,70.0
2025-11-07,9:34:31.375508497,T,KO,F I,20,70.0
2025-11-07,9:34:31.375511400,T,KO,F I,9,70.0
2025-11-07,9:34:31.375514548,T,KO,F I,40,70.0
2025-11-07,9:34:31.375517334,T,KO,F I,1,70.0
2025-11-07,9:34:31.375517334,T,KO,F I,5,70.0
2025-11-07,9:34:31.375520568,T,KO,F I,1,70.0
2025-11-07,9:34:31.375523430,T,KO,F I,10,70.0
2025-11-07,9:34:31.375527053,T,KO,F,100,70.0
2025-11-07,9:34:31.375530129,T,KO,F I,2,70.0
2025-11-07,9:34:31.375535625,T,KO,F I,56,70.0
2025-11-07,9:34:31.375538792,T,KO,F,100,70.0
2025-11-07,9:34:31.375545116,T,KO,F I,1,70.0
2025-11-07,9:34:31.375551255,T,KO,F,142,70.0
2025-11-07,9:34:31.375610590,T,KO,F,500,70.0
2025-11-07,9:34:31.375617169,T,KO,,102,70.0
2025-11-07,9:34:31.375622698,T,KO,I,8,69.99
2025-11-07,9:34:31.375622698,T,KO,I,8,69.99
2025-11-07,9:34:31.375622698,T,KO,I,12,69.99
2025-11-07,9:34:31.375626172,T,KO,I,9,69.99
2025-11-07,9:34:31.375629849,T,KO,I,15,69.99
2025-11-07,9:34:31.375629849,T,KO,I,8,69.99
2025-11-07,9:34:31.375635625,T,KO,I,19,69.99
2025-11-07,9:34:31.375635625,T,KO,,200,69.99
2025-11-07,9:34:31.375635625,T,KO,I,9,69.99
2025-11-07,9:34:31.375635625,T,KO,I,25,69.99
2025-11-07,9:34:31.375640767,T,KO,I,25,69.99
2025-11-07,9:34:31.375640767,T,KO,F,100,70.0
2025-11-07,9:34:31.375643832,T,KO,I,75,69.99
2025-11-07,9:34:31.375646882,T,KO,I,1,69.99
2025-11-07,9:34:31.375649681,T,KO,F I,34,70.0
2025-11-07,9:34:31.375649681,T,KO,I,24,69.99
2025-11-07,9:34:31.376161738,T,KO,F,100,69.99
2025-11-07,9:34:31.376185120,T,KO,F,100,70.0
2025-11-07,9:34:31.376332558,T,KO,,164,70.0
2025-11-07,9:34:31.376336087,T,KO,I,25,70.0
2025-11-07,9:34:31.376338429,T,KO,I,75,70.0
2025-11-07,9:34:31.376341677,T,KO,,100,70.0
2025-11-07,9:34:31.376341677,T,KO,I,25,70.0
2025-11-07,9:34:31.376344312,T,KO,I,11,70.0
2025-11-07,9:34:31.376369435,T,KO,F I,89,70.0
2025-11-07,9:34:31.376455638,T,KO,,500,70.0
2025-11-07,9:34:31.376477345,T,KO,,100,70.0
2025-11-07,9:34:31.376485666,T,KO,,400,70.0
2025-11-07,9:34:31.376485666,T,KO,,100,70.0
2025-11-07,9:34:31.376494737,T,KO,,500,70.0
2025-11-07,9:34:31.376906646,T,KO,F I,18,70.0
2025-11-07,9:34:31.376912948,T,KO,I,62,69.995
2025-11-07,9:34:31.376912948,T,KO,,200,69.99
2025-11-07,9:34:31.376916967,T,KO,I,11,69.99
2025-11-07,9:34:31.376916967,T,KO,I,89,69.99
2025-11-07,9:34:31.376922800,T,KO,,100,69.99
2025-11-07,9:34:31.376922800,T,KO,F,100,70.0
2025-11-07,9:34:31.376922800,T,KO,F,201,70.0
2025-11-07,9:34:31.376930776,T,KO,F,181,70.0
2025-11-07,9:34:31.376930776,T,KO,F I,19,70.0
