DATE,TIME_M,EX,SYM_ROOT,TR_SCOND,SIZE,PRICE
2025-12-10,9:30:01.174244754,T,KO,F I,4,70.3
2025-12-10,9:30:01.174265411,T,KO,Q,4,70.3
2025-12-10,9:30:01.383480276,T,KO,I,94,70.27
2025-12-10,9:30:01.383482690,T,KO,I,50,70.27
2025-12-10,9:30:01.493848498,T,KO,I,36,70.29
2025-12-10,9:30:01.686517419,T,KO,,200,70.28
2025-12-10,9:30:01.686520441,T,KO,,100,70.28
2025-12-10,9:30:02.229731206,T,KO,I,10,70.275
2025-12-10,9:30:04.782871858,T,KO,,700,70.25
2025-12-10,9:30:04.782871858,T,KO,I,1,70.25
2025-12-10,9:30:04.782874833,T,KO,I,4,70.25
2025-12-10,9:30:04.782886887,T,KO,I,1,70.25
2025-12-10,9:30:04.782904874,T,KO,F I,4,70.25
2025-12-10,9:30:04.782925929,T,KO,,695,70.25
2025-12-10,9:30:04.782961981,T,KO,F,700,70.25
2025-12-10,9:30:04.782965042,T,KO,F I,5,70.25
2025-12-10,9:30:04.782974069,T,KO,F,350,70.25
2025-12-10,9:30:04.783013178,T,KO,F,350,70.25
2025-12-10,9:30:04.783016186,T,KO,F,355,70.25
2025-12-10,9:30:04.783109377,T,KO,,201,70.25
2025-12-10,9:30:04.783217649,T,KO,,499,70.25
2025-12-10,9:30:04.783220591,T,KO,,1120,70.25
2025-12-10,9:30:04.888366054,T,KO,I,2,70.22
2025-12-10,9:30:04.888381068,T,KO,,198,70.22
2025-12-10,9:30:04.889851572,T,KO,,200,70.23
2025-12-10,9:30:12.863350691,T,KO,I,59,70.26
2025-12-10,9:30:12.863353630,T,KO,,200,70.26
2025-12-10,9:30:12.863588183,T,KO,F I,13,70.27
2025-12-10,9:30:15.192854770,T,KO,,100,70.255
2025-12-10,9:30:15.194646959,T,KO,I,50,70.255
2025-12-10,9:30:17.118136327,T,KO,F,100,70.24
2025-12-10,9:30:23.773728140,T,KO,F I,3,70.25
2025-12-10,9:30:30.343763587,T,KO,F,200,70.26
2025-12-10,9:30:30.345164876,T,KO,F,200,70.28
2025-12-10,9:30:30.345237116,T,KO,F I,28,70.29
2025-12-10,9:30:30.345240382,T,KO,F,200,70.29
2025-12-10,9:30:30.349287740,T,KO,F,200,70.28
2025-12-10,9:30:34.368546070,T,KO,,150,70.275
2025-12-10,9:30:35.038656048,T,KO,F,200,70.28
2025-12-10,9:30:35.038680037,T,KO,I,1,70.28
2025-12-10,9:30:35.038686045,T,KO,F,299,70.28
2025-12-10,9:30:35.038686045,T,KO,F I,1,70.29
2025-12-10,9:30:35.038950734,T,KO,F I,99,70.29
2025-12-10,9:30:35.038953921,T,KO,F I,23,70.29
2025-12-10,9:30:35.039287492,T,KO,F,100,70.29
2025-12-10,9:30:35.039308596,T,KO,F I,77,70.29
2025-12-10,9:30:38.671593359,T,KO,I,50,70.27
2025-12-10,9:30:42.009392781,T,KO,F,200,70.22
2025-12-10,9:30:44.601810098,T,KO,I,1,70.2
2025-12-10,9:30:44.601813105,T,KO,I,2,70.2
2025-12-10,9:30:44.602360445,T,KO,,100,70.19
2025-12-10,9:30:44.602363384,T,KO,,100,70.19
2025-12-10,9:30:44.603319733,T,KO,,200,70.19
2025-12-10,9:30:44.603364836,T,KO,,100,70.19
2025-12-10,9:30:44.603364836,T,KO,,100,70.18
2025-12-10,9:30:44.603370874,T,KO,,100,70.18
2025-12-10,9:30:44.603373882,T,KO,,150,70.18
2025-12-10,9:30:44.603412962,T,KO,F I,18,70.19
2025-12-10,9:30:44.603416153,T,KO,F,100,70.19
2025-12-10,9:30:44.603460999,T,KO,F,200,70.19
2025-12-10,9:30:44.603596362,T,KO,,100,70.19
2025-12-10,9:30:44.603626643,T,KO,I,18,70.19
2025-12-10,9:30:44.603626643,T,KO,I,18,70.18
2025-12-10,9:30:44.603629657,T,KO,,100,70.18
2025-12-10,9:30:44.603629657,T,KO,I,45,70.18
2025-12-10,9:30:44.603903508,T,KO,I,20,70.19
2025-12-10,9:30:44.603906122,T,KO,I,80,70.19
2025-12-10,9:30:44.604579706,T,KO,I,20,70.19
2025-12-10,9:30:44.605217313,T,KO,I,45,70.19
2025-12-10,9:30:44.605220185,T,KO,I,91,70.19
2025-12-10,9:30:44.605824614,T,KO,F,200,70.2
2025-12-10,9:30:44.608173289,T,KO,,200,70.2
2025-12-10,9:30:44.608176199,T,KO,,100,70.2
2025-12-10,9:30:45.275573737,T,KO,,200,70.21
2025-12-10,9:30:45.282878308,T,KO,,200,70.23
2025-12-10,9:30:45.282944281,T,KO,I,1,70.23
2025-12-10,9:30:45.283016539,T,KO,F I,56,70.23
2025-12-10,9:30:45.299357423,T,KO,F I,24,70.23
2025-12-10,9:30:45.299357423,T,KO,F,146,70.23
2025-12-10,9:30:46.191098243,T,KO,F,150,70.22
2025-12-10,9:30:46.191101227,T,KO,F I,67,70.2
2025-12-10,9:30:48.303464712,T,KO,,100,70.21
2025-12-10,9:30:48.303467270,T,KO,,400,70.21
2025-12-10,9:30:48.303479235,T,KO,F,100,70.21
2025-12-10,9:31:05.256490819,T,KO,,100,70.19
2025-12-10,9:31:05.256493602,T,KO,I,71,70.19
2025-12-10,9:31:05.256866423,T,KO,,100,70.195
2025-12-10,9:31:05.256882306,T,KO,F,100,70.19
2025-12-10,9:31:05.256884422,T,KO,F,100,70.19
2025-12-10,9:31:05.267490841,T,KO,,100,70.195
2025-12-10,9:31:06.168788285,T,KO,,150,70.18
2025-12-10,9:31:07.345271246,T,KO,I,60,70.16
2025-12-10,9:31:07.546188820,T,KO,F,100,70.15
2025-12-10,9:31:09.031480246,T,KO,F I,43,70.14
2025-12-10,9:31:09.119741883,T,KO,F,200,70.14
2025-12-10,9:31:09.119741883,T,KO,F I,24,70.14
2025-12-10,9:31:09.119746320,T,KO,F I,50,70.14
2025-12-10,9:31:09.920622846,T,KO,,100,70.16
2025-12-10,9:31:09.920622846,T,KO,,200,70.17
2025-12-10,9:31:09.920637889,T,KO,I,1,70.17
2025-12-10,9:31:09.920755093,T,KO,F I,99,70.17
2025-12-10,9:31:11.543254399,T,KO,F,100,70.15
2025-12-10,9:31:11.543257410,T,KO,F,200,70.15
2025-12-10,9:31:11.575897130,T,KO,F,200,70.16
2025-12-10,9:31:11.723684090,T,KO,,100,70.17
2025-12-10,9:31:11.960410850,T,KO,F I,50,70.17
2025-12-10,9:31:12.255720245,T,KO,F I,85,70.18
2025-12-10,9:31:12.256520192,T,KO,I,5,70.17
2025-12-10,9:31:12.587828296,T,KO,F,100,70.19
2025-12-10,9:31:19.243630868,T,KO,F,100,70.17
2025-12-10,9:31:19.243633959,T,KO,F,200,70.17
2025-12-10,9:31:19.303960518,T,KO,F,200,70.18
2025-12-10,9:31:19.304679226,T,KO,I,1,70.18
2025-12-10,9:31:19.304679226,T,KO,,100,70.18
2025-12-10,9:31:19.304682190,T,KO,I,32,70.18
2025-12-10,9:31:23.755414998,T,KO,F I,7,70.18
2025-12-10,9:31:25.010393324,T,KO,I,26,70.17
2025-12-10,9:31:28.525431847,T,KO,F I,10,70.18
2025-12-10,9:31:29.079928606,T,KO,,100,70.17
2025-12-10,9:31:29.079928606,T,KO,,100,70.17
2025-12-10,9:31:29.081609701,T,KO,F,100,70.16
2025-12-10,9:31:29.081612566,T,KO,F,100,70.16
2025-12-10,9:31:29.081648887,T,KO,F,200,70.16
2025-12-10,9:31:29.081690820,T,KO,F,100,70.16
2025-12-10,9:31:29.082075664,T,KO,F,100,70.16
2025-12-10,9:31:29.082091371,T,KO,F,100,70.16
2025-12-10,9:31:29.508244631,T,KO,,134,70.15
2025-12-10,9:31:31.852826496,T,KO,I,10,70.16
2025-12-10,9:31:36.965801712,T,KO,F,100,70.2
2025-12-10,9:31:46.068787741,T,KO,F I,10,70.21
2025-12-10,9:31:46.068814825,T,KO,I,21,70.2
2025-12-10,9:31:46.293970022,T,KO,I,10,70.21
2025-12-10,9:31:46.625975819,T,KO,,100,70.21
2025-12-10,9:31:46.626559153,T,KO,,100,70.21
2025-12-10,9:31:46.628378547,T,KO,,100,70.21
2025-12-10,9:31:46.888525097,T,KO,F,350,70.21
2025-12-10,9:31:47.897698647,T,KO,F,350,70.21
2025-12-10,9:31:48.518918863,T,KO,F,180,70.21
2025-12-10,9:31:48.734047468,T,KO,F,100,70.22
2025-12-10,9:31:48.817959354,T,KO,F,190,70.245
2025-12-10,9:31:48.818020072,T,KO,F,124,70.245
2025-12-10,9:31:48.818037605,T,KO,F,100,70.245
2025-12-10,9:31:48.818043615,T,KO,F,186,70.245
2025-12-10,9:31:48.818043615,T,KO,F,150,70.245
2025-12-10,9:31:48.818046878,T,KO,F,190,70.24
2025-12-10,9:31:48.818046878,T,KO,F,164,70.24
2025-12-10,9:31:48.818064646,T,KO,F,100,70.24
2025-12-10,9:31:48.818064646,T,KO,I,1,70.24
2025-12-10,9:31:48.818085724,T,KO,,235,70.24
2025-12-10,9:31:48.818272165,T,KO,F,100,70.24
2025-12-10,9:31:48.825603586,T,KO,F,200,70.24
2025-12-10,9:31:48.839581188,T,KO,,200,70.25
2025-12-10,9:31:49.095066989,T,KO,,200,70.26
2025-12-10,9:31:49.095066989,T,KO,I,1,70.26
2025-12-10,9:31:49.116167618,T,KO,,100,70.25
2025-12-10,9:31:49.116170616,T,KO,,200,70.25
2025-12-10,9:31:49.116209655,T,KO,F,100,70.25
2025-12-10,9:31:49.116441652,T,KO,F,100,70.24
2025-12-10,9:31:49.116444546,T,KO,F I,59,70.24
2025-12-10,9:31:49.116450461,T,KO,F,100,70.24
2025-12-10,9:31:49.116450461,T,KO,F,200,70.24
2025-12-10,9:31:49.117244714,T,KO,,100,70.24
2025-12-10,9:31:49.117247109,T,KO,,100,70.24
2025-12-10,9:31:49.117253203,T,KO,,100,70.24
2025-12-10,9:31:49.117253203,T,KO,,128,70.24
2025-12-10,9:31:49.117256194,T,KO,,172,70.24
2025-12-10,9:31:49.117256194,T,KO,,391,70.24
2025-12-10,9:31:49.117259195,T,KO,,100,70.24
2025-12-10,9:31:51.993624714,T,KO,,100,70.23
2025-12-10,9:31:58.780296224,T,KO,,100,70.22
2025-12-10,9:32:00.164333493,T,KO,I,10,70.215
2025-12-10,9:32:00.166700324,T,KO,F,100,70.21
2025-12-10,9:32:00.166700324,T,KO,F I,69,70.21
2025-12-10,9:32:00.222305567,T,KO,I,69,70.22
2025-12-10,9:32:00.222308498,T,KO,I,1,70.22
2025-12-10,9:32:03.288741738,T,KO,,100,70.24
2025-12-10,9:32:03.288757418,T,KO,I,1,70.24
2025-12-10,9:32:03.288760045,T,KO,I,19,70.24
2025-12-10,9:32:03.305954723,T,KO,F I,20,70.23
2025-12-10,9:32:03.305957802,T,KO,F I,80,70.23
2025-12-10,9:32:03.952221263,T,KO,,100,70.225
2025-12-10,9:32:03.952223904,T,KO,,100,70.21
2025-12-10,9:32:03.952245015,T,KO,I,1,70.21
2025-12-10,9:32:11.197172551,T,KO,I,7,70.22
2025-12-10,9:32:11.197174810,T,KO,,101,70.22
2025-12-10,9:32:11.197177742,T,KO,I,25,70.22
2025-12-10,9:32:11.197193164,T,KO,F I,43,70.22
2025-12-10,9:32:11.197196396,T,KO,I,1,70.22
2025-12-10,9:32:11.912882360,T,KO,I,25,70.22
2025-12-10,9:32:16.405585448,T,KO,F,100,70.21
2025-12-10,9:32:16.405588502,T,KO,F,100,70.21
2025-12-10,9:32:16.405588502,T,KO,F I,2,70.2
2025-12-10,9:32:16.405592023,T,KO,F I,25,70.2
2025-12-10,9:32:16.405594458,T,KO,F I,7,70.2
2025-12-10,9:32:16.406337207,T,KO,F I,7,70.21
2025-12-10,9:32:20.063617574,T,KO,F,100,70.22
2025-12-10,9:32:20.063632603,T,KO,I,1,70.22
2025-12-10,9:32:20.063635886,T,KO,F I,99,70.22
2025-12-10,9:32:21.408002559,T,KO,F I,8,70.22
2025-12-10,9:32:21.408077972,T,KO,F I,2,70.22
2025-12-10,9:32:21.425757290,T,KO,,100,70.22
2025-12-10,9:32:21.425757290,T,KO,,100,70.22
2025-12-10,9:32:21.425760004,T,KO,I,2,70.22
2025-12-10,9:32:21.425760004,T,KO,I,1,70.22
2025-12-10,9:32:21.486913376,T,KO,I,25,70.23
2025-12-10,9:32:34.845761346,T,KO,F I,40,70.25
2025-12-10,9:32:35.682344798,T,KO,F,100,70.26
2025-12-10,9:32:48.507890697,T,KO,I,1,70.27
2025-12-10,9:32:50.790185282,T,KO,I,1,70.265
2025-12-10,9:32:51.301207415,T,KO,I,19,70.285
2025-12-10,9:32:51.301210331,T,KO,I,25,70.27
2025-12-10,9:32:51.301219390,T,KO,F I,25,70.27
2025-12-10,9:32:51.773007177,T,KO,I,4,70.29
2025-12-10,9:32:51.773010014,T,KO,I,6,70.29
2025-12-10,9:32:51.941717803,T,KO,I,50,70.29
2025-12-10,9:32:54.734878960,T,KO,,100,70.29
2025-12-10,9:32:54.734878960,T,KO,,100,70.29
2025-12-10,9:32:54.734881156,T,KO,I,1,70.3
2025-12-10,9:32:54.734884255,T,KO,,100,70.3
2025-12-10,9:32:54.734896278,T,KO,I,1,70.3
2025-12-10,9:32:54.734962380,T,KO,F I,70,70.29
2025-12-10,9:32:54.734965459,T,KO,F I,70,70.29
2025-12-10,9:32:54.734980852,T,KO,F,130,70.29
2025-12-10,9:32:54.735169983,T,KO,F,100,70.29
2025-12-10,9:32:54.735169983,T,KO,F I,12,70.29
2025-12-10,9:32:54.735178882,T,KO,F I,88,70.29
2025-12-10,9:32:54.735181930,T,KO,F I,80,70.29
2025-12-10,9:32:54.735326255,T,KO,F I,24,70.29
2025-12-10,9:32:54.735783310,T,KO,F,100,70.29
2025-12-10,9:32:54.736396803,T,KO,I,99,70.3
2025-12-10,9:32:55.220724435,T,KO,,100,70.29
2025-12-10,9:33:00.117806334,T,KO,F I,15,70.28
2025-12-10,9:33:04.776219463,T,KO,I,40,70.31
2025-12-10,9:33:07.046744411,T,KO,I,71,70.31
2025-12-10,9:33:12.218175155,T,KO,I,3,70.3
2025-12-10,9:33:14.828735142,T,KO,,100,70.31
2025-12-10,9:33:14.828737803,T,KO,I,7,70.32
2025-12-10,9:33:14.828740793,T,KO,I,16,70.32
2025-12-10,9:33:14.828884951,T,KO,F I,73,70.31
2025-12-10,9:33:14.858896492,T,KO,I,73,70.31
2025-12-10,9:33:14.858896492,T,KO,I,18,70.31
2025-12-10,9:33:17.953260146,T,KO,F I,39,70.31
2025-12-10,9:33:20.228352656,T,KO,I,7,70.31
2025-12-10,9:33:24.989074957,T,KO,F I,31,70.32
2025-12-10,9:33:24.989129069,T,KO,F I,32,70.32
2025-12-10,9:33:24.989249354,T,KO,I,37,70.32
2025-12-10,9:33:27.318533845,T,KO,F I,40,70.33
2025-12-10,9:33:28.986859274,T,KO,,100,70.33
2025-12-10,9:33:28.987229208,T,KO,F,200,70.33
2025-12-10,9:33:30.002807872,T,KO,I,2,70.325
2025-12-10,9:33:31.135792273,T,KO,F I,15,70.31
2025-12-10,9:33:32.706018064,T,KO,F I,1,70.28
2025-12-10,9:33:32.706018064,T,KO,F I,24,70.28
2025-12-10,9:33:32.733957592,T,KO,F I,11,70.26
2025-12-10,9:33:44.413931162,T,KO,F I,7,70.26
2025-12-10,9:33:46.881566422,T,KO,F I,50,70.28
2025-12-10,9:33:46.929680990,T,KO,F,100,70.28
2025-12-10,9:33:51.003904095,T,KO,I,6,70.275
2025-12-10,9:33:56.074499517,T,KO,F I,1,70.26
2025-12-10,9:33:56.074502579,T,KO,F,100,70.26
2025-12-10,9:33:56.075311449,T,KO,,100,70.25
2025-12-10,9:33:56.075332457,T,KO,I,1,70.25
2025-12-10,9:33:56.076382026,T,KO,I,7,70.25
2025-12-10,9:33:56.250556859,T,KO,,100,70.24
2025-12-10,9:33:56.250556859,T,KO,,100,70.24
2025-12-10,9:33:56.251567178,T,KO,I,1,70.24
2025-12-10,9:33:56.252030352,T,KO,F I,2,70.24
2025-12-10,9:33:57.227391371,T,KO,F I,11,70.25
2025-12-10,9:33:57.227394312,T,KO,F I,13,70.25
2025-12-10,9:34:06.135176607,T,KO,,100,70.23
2025-12-10,9:34:06.344039541,T,KO,F,100,70.25
2025-12-10,9:34:06.344039541,T,KO,F I,11,70.25
2025-12-10,9:34:06.344042105,T,KO,F I,8,70.25
2025-12-10,9:34:06.344056993,T,KO,F I,12,70.25
2025-12-10,9:34:06.345064466,T,KO,F,100,70.25
2025-12-10,9:34:07.720029265,T,KO,F,100,70.25
2025-12-10,9:34:08.945991966,T,KO,F,100,70.25
2025-12-10,9:34:28.031898706,T,KO,F,100,70.26
2025-12-10,9:34:30.135498770,T,KO,,200,70.25
2025-12-10,9:34:30.135516854,T,KO,I,1,70.25
2025-12-10,9:34:32.430811341,T,KO,F,117,70.24
2025-12-10,9:34:32.430811341,T,KO,F,200,70.24
2025-12-10,9:34:32.430829425,T,KO,I,1,70.24
2025-12-10,9:34:34.187692208,T,KO,,100,70.25
2025-12-10,9:34:34.187695561,T,KO,,200,70.25
2025-12-10,9:34:34.187695561,T,KO,I,8,70.25
2025-12-10,9:34:34.187697665,T,KO,I,25,70.25
2025-12-10,9:34:34.187715760,T,KO,I,1,70.25
2025-12-10,9:34:35.231384392,T,KO,F I,2,70.25
2025-12-10,9:34:35.231387688,T,KO,F I,21,70.25
2025-12-10,9:34:37.481803080,T,KO,F I,2,70.24
2025-12-10,9:34:41.639211189,T,KO,F I,1,70.23
2025-12-10,9:34:41.639213651,T,KO,F I,3,70.23
2025-12-10,9:34:41.639216611,T,KO,F I,1,70.23
2025-12-10,9:34:41.639219909,T,KO,F,196,70.23
2025-12-10,9:34:41.639222663,T,KO,F I,25,70.23
2025-12-10,9:34:41.639222663,T,KO,F I,1,70.23
2025-12-10,9:34:41.639244302,T,KO,I,1,70.23
2025-12-10,9:34:41.639439179,T,KO,F I,59,70.23
2025-12-10,9:34:41.639619575,T,KO,,100,70.235
2025-12-10,9:35:00.081762306,T,KO,F I,39,70.23
2025-12-10,9:35:00.110450663,T,KO,,100,70.22
2025-12-10,9:35:00.144987974,T,KO,,100,70.22
2025-12-10,9:35:00.153143294,T,KO,,100,70.22
2025-12-10,9:35:00.242759777,T,KO,,100,70.22
2025-12-10,9:35:00.994267701,T,KO,F,100,70.22
2025-12-10,9:35:02.295379410,T,KO,,100,70.21
2025-12-10,9:35:03.125531506,T,KO,F,100,70.21
2025-12-10,9:35:03.125536573,T,KO,F,337,70.21
2025-12-10,9:35:03.125542652,T,KO,I,63,70.21
2025-12-10,9:35:03.125542652,T,KO,I,40,70.21
2025-12-10,9:35:07.117390658,T,KO,I,10,70.215
2025-12-10,9:35:09.377189351,T,KO,F,100,70.215
2025-12-10,9:35:09.377192436,T,KO,F,100,70.22
2025-12-10,9:35:09.377195048,T,KO,F I,8,70.22
2025-12-10,9:35:09.377195048,T,KO,F,145,70.22
2025-12-10,9:35:09.377210873,T,KO,I,1,70.22
2025-12-10,9:35:09.377216242,T,KO,I,45,70.21
2025-12-10,9:35:09.377216242,T,KO,I,26,70.21
2025-12-10,9:35:09.377222136,T,KO,F I,54,70.22
2025-12-10,9:35:09.377251949,T,KO,I,26,70.22
2025-12-10,9:35:09.379402046,T,KO,I,74,70.22
2025-12-10,9:35:11.057112755,T,KO,F I,20,70.22
2025-12-10,9:35:20.803914384,T,KO,F I,2,70.2
2025-12-10,9:35:20.803917276,T,KO,F I,2,70.2
2025-12-10,9:35:20.872676076,T,KO,,198,70.2
2025-12-10,9:35:21.190575142,T,KO,F I,1,70.2
2025-12-10,9:35:28.872238703,T,KO,F I,1,70.21
2025-12-10,9:35:34.137487183,T,KO,,100,70.19
2025-12-10,9:35:43.280934781,T,KO,I,10,70.19
2025-12-10,9:35:45.795992766,T,KO,I,5,70.2
2025-12-10,9:35:46.198994637,T,KO,I,14,70.22
2025-12-10,9:35:46.199015722,T,KO,F I,1,70.22
2025-12-10,9:35:46.262611543,T,KO,,150,70.22
2025-12-10,9:35:49.302719592,T,KO,F I,29,70.21
2025-12-10,9:35:54.215947202,T,KO,I,1,70.22
2025-12-10,9:35:59.953227332,T,KO,F I,30,70.22
2025-12-10,9:35:59.953299496,T,KO,I,10,70.22
2025-12-10,9:36:03.295519497,T,KO,F I,77,70.23
2025-12-10,9:36:03.295522504,T,KO,F I,1,70.23
2025-12-10,9:36:03.295531562,T,KO,F I,78,70.23
2025-12-10,9:36:03.295543685,T,KO,F I,1,70.23
2025-12-10,9:36:03.295549567,T,KO,F I,78,70.23
2025-12-10,9:36:03.295549567,T,KO,F I,9,70.23
2025-12-10,9:36:03.295552649,T,KO,F,134,70.23
2025-12-10,9:36:09.049973642,T,KO,F,200,70.21
2025-12-10,9:36:09.049973642,T,KO,F I,20,70.21
2025-12-10,9:36:09.051486224,T,KO,I,1,70.2
2025-12-10,9:36:09.051486224,T,KO,I,57,70.2
2025-12-10,9:36:10.075109085,T,KO,I,50,70.2
2025-12-10,9:36:12.735190571,T,KO,F I,5,70.21
2025-12-10,9:36:17.032304635,T,KO,F,100,70.22
2025-12-10,9:36:21.666876596,T,KO,I,10,70.22
2025-12-10,9:36:23.115456573,T,KO,F I,23,70.23
2025-12-10,9:36:27.375901495,T,KO,,100,70.23
2025-12-10,9:36:29.968823862,T,KO,I,39,70.225
2025-12-10,9:36:29.968823862,T,KO,,100,70.225
2025-12-10,9:36:31.027236620,T,KO,I,61,70.23
2025-12-10,9:36:32.473654487,T,KO,F I,1,70.23
2025-12-10,9:36:32.473672577,T,KO,I,52,70.23
2025-12-10,9:36:32.473678635,T,KO,F I,4,70.23
2025-12-10,9:36:39.542524938,T,KO,I,10,70.23
2025-12-10,9:36:39.542875990,T,KO,I,12,70.23
2025-12-10,9:36:45.604232127,T,KO,F I,2,70.22
2025-12-10,9:36:45.604232127,T,KO,F I,8,70.22
2025-12-10,9:36:49.143607540,T,KO,,100,70.215
2025-12-10,9:36:50.153517780,T,KO,I,50,70.215
2025-12-10,9:36:50.793351572,T,KO,,100,70.215
2025-12-10,9:36:52.993253021,T,KO,,100,70.195
2025-12-10,9:36:52.993256079,T,KO,I,5,70.2
2025-12-10,9:36:52.993256079,T,KO,I,15,70.2
2025-12-10,9:37:15.667615451,T,KO,F,118,70.19
2025-12-10,9:37:15.667615451,T,KO,F I,5,70.19
2025-12-10,9:37:15.667618397,T,KO,F I,50,70.19
2025-12-10,9:37:15.668286069,T,KO,F,200,70.2
2025-12-10,9:37:16.746699907,T,KO,F,100,70.21
2025-12-10,9:37:16.746699907,T,KO,F,118,70.21
2025-12-10,9:37:17.114908419,T,KO,I,50,70.21
2025-12-10,9:37:26.946908777,T,KO,F I,89,70.22
2025-12-10,9:37:26.946911790,T,KO,F I,29,70.22
2025-12-10,9:37:26.956116717,T,KO,,100,70.23
2025-12-10,9:37:35.477592947,T,KO,,100,70.235
2025-12-10,9:37:35.489468269,T,KO,,100,70.235
2025-12-10,9:37:35.506413650,T,KO,,100,70.235
2025-12-10,9:37:36.797959620,T,KO,I,1,70.24
2025-12-10,9:37:39.441237042,T,KO,I,99,70.245
2025-12-10,9:37:39.441240186,T,KO,I,1,70.245
2025-12-10,9:37:39.441240186,T,KO,,200,70.245
2025-12-10,9:37:47.827255530,T,KO,F I,61,70.23
2025-12-10,9:37:54.962574517,T,KO,I,1,70.2
2025-12-10,9:37:54.962574517,T,KO,I,1,70.2
2025-12-10,9:37:55.748078415,T,KO,F I,5,70.2
2025-12-10,9:37:59.566695830,T,KO,F I,40,70.2
2025-12-10,9:37:59.566695830,T,KO,F I,25,70.2
2025-12-10,9:37:59.566698790,T,KO,F,100,70.2
2025-12-10,9:38:02.352124709,T,KO,,201,70.2
2025-12-10,9:38:02.352133733,T,KO,,201,70.2
2025-12-10,9:38:02.352139741,T,KO,I,9,70.2
2025-12-10,9:38:02.352143453,T,KO,I,1,70.2
2025-12-10,9:38:17.488701657,T,KO,F I,1,70.21
2025-12-10,9:38:27.812186615,T,KO,I,25,70.23
2025-12-10,9:38:27.812544420,T,KO,I,19,70.23
2025-12-10,9:38:30.122625464,T,KO,I,3,70.23
2025-12-10,9:38:30.122629470,T,KO,,100,70.23
2025-12-10,9:38:30.122631358,T,KO,,180,70.23
2025-12-10,9:38:30.122634287,T,KO,I,17,70.23
2025-12-10,9:38:30.122643486,T,KO,I,1,70.23
2025-12-10,9:38:30.122646347,T,KO,I,7,70.23
2025-12-10,9:38:32.553984991,T,KO,F I,20,70.24
2025-12-10,9:38:33.960401854,T,KO,,100,70.25
2025-12-10,9:38:38.440230962,T,KO,,100,70.26
2025-12-10,9:38:40.167812385,T,KO,F I,30,70.27
2025-12-10,9:38:53.039064133,T,KO,,100,70.265
2025-12-10,9:38:53.098816429,T,KO,F I,20,70.27
2025-12-10,9:38:53.099333672,T,KO,F I,26,70.28
2025-12-10,9:38:53.099336695,T,KO,F I,12,70.28
2025-12-10,9:38:56.738429591,T,KO,I,3,70.27
2025-12-10,9:38:56.738429591,T,KO,I,5,70.27
2025-12-10,9:38:56.738436016,T,KO,I,88,70.27
2025-12-10,9:38:56.738438684,T,KO,I,40,70.27
2025-12-10,9:38:56.738438684,T,KO,,100,70.27
2025-12-10,9:38:56.738960219,T,KO,F I,42,70.27
2025-12-10,9:38:56.738964856,T,KO,F,100,70.27
2025-12-10,9:38:56.738964856,T,KO,F I,4,70.27
2025-12-10,9:38:56.738967926,T,KO,F I,3,70.27
2025-12-10,9:39:04.854790005,T,KO,F,100,70.29
2025-12-10,9:39:04.854793030,T,KO,F I,13,70.29
2025-12-10,9:39:04.854796067,T,KO,F I,5,70.29
2025-12-10,9:39:04.854808578,T,KO,I,1,70.29
2025-12-10,9:39:04.950763905,T,KO,F I,5,70.29
2025-12-10,9:39:04.950791483,T,KO,F I,37,70.29
2025-12-10,9:39:04.950797223,T,KO,F I,42,70.29
2025-12-10,9:39:04.950797223,T,KO,F I,68,70.29
2025-12-10,9:39:04.950800240,T,KO,F I,1,70.29
2025-12-10,9:39:04.950800240,T,KO,F I,40,70.29
2025-12-10,9:39:04.950800240,T,KO,F I,80,70.29
2025-12-10,9:39:04.950814736,T,KO,,100,70.29
2025-12-10,9:39:11.455399401,T,KO,F I,10,70.29
2025-12-10,9:39:11.455423472,T,KO,F I,32,70.29
2025-12-10,9:39:15.776793410,T,KO,F,100,70.28
2025-12-10,9:39:21.357815348,T,KO,F I,20,70.29
2025-12-10,9:39:24.629502348,T,KO,I,1,70.3
2025-12-10,9:39:24.629505320,T,KO,,499,70.3
2025-12-10,9:39:24.629517428,T,KO,I,1,70.3
2025-12-10,9:39:25.036431525,T,KO,F,600,70.31
2025-12-10,9:39:39.080698962,T,KO,I,16,70.315
2025-12-10,9:39:41.505301525,T,KO,I,5,70.315
2025-12-10,9:39:46.379832998,T,KO,,100,70.27
2025-12-10,9:39:55.265690104,T,KO,F I,1,70.27
2025-12-10,9:40:00.316648611,T,KO,,100,70.285
2025-12-10,9:40:00.739503773,T,KO,I,1,70.3
2025-12-10,9:40:01.613881123,T,KO,F,500,70.31
2025-12-10,9:40:01.613884191,T,KO,F,100,70.31
2025-12-10,9:40:01.613884191,T,KO,F I,1,70.31
2025-12-10,9:40:03.465381747,T,KO,,100,70.315
2025-12-10,9:40:05.992699999,T,KO,I,60,70.31
2025-12-10,9:40:07.887257117,T,KO,I,10,70.31
2025-12-10,9:40:11.852236304,T,KO,F I,1,70.32
2025-12-10,9:40:11.852239778,T,KO,F I,1,70.32
2025-12-10,9:40:11.852242302,T,KO,F I,19,70.32
2025-12-10,9:40:14.735629572,T,KO,I,5,70.325
2025-12-10,9:40:15.080668300,T,KO,F I,60,70.32
2025-12-10,9:40:15.080671333,T,KO,F,100,70.32
2025-12-10,9:40:17.103159119,T,KO,F,100,70.32
2025-12-10,9:40:17.103162149,T,KO,F I,11,70.32
2025-12-10,9:40:17.103450877,T,KO,F I,10,70.33
2025-12-10,9:40:17.116192272,T,KO,I,26,70.335
2025-12-10,9:40:18.871821444,T,KO,F,120,70.32
2025-12-10,9:40:18.871821444,T,KO,F I,34,70.32
2025-12-10,9:40:18.871836619,T,KO,I,9,70.32
2025-12-10,9:40:18.871836619,T,KO,I,37,70.32
2025-12-10,9:40:18.871842511,T,KO,I,63,70.32
2025-12-10,9:40:18.871842511,T,KO,I,1,70.32
2025-12-10,9:40:18.871848791,T,KO,I,1,70.32
2025-12-10,9:40:20.894673173,T,KO,F I,20,70.31
2025-12-10,9:40:23.076017447,T,KO,F I,1,70.3
2025-12-10,9:40:23.076074604,T,KO,,150,70.3
2025-12-10,9:40:24.401842067,T,KO,I,31,70.3
2025-12-10,9:40:27.035496526,T,KO,F I,10,70.31
2025-12-10,9:40:29.429585516,T,KO,F I,44,70.32
2025-12-10,9:40:32.193847234,T,KO,I,2,70.315
2025-12-10,9:40:34.908709911,T,KO,,120,70.29
2025-12-10,9:40:34.908712956,T,KO,,164,70.29
2025-12-10,9:40:34.908724969,T,KO,I,1,70.29
2025-12-10,9:40:34.908730964,T,KO,I,35,70.29
2025-12-10,9:40:34.908734279,T,KO,I,5,70.29
2025-12-10,9:40:34.908734279,T,KO,I,25,70.29
2025-12-10,9:40:34.908738107,T,KO,I,20,70.29
2025-12-10,9:40:34.908741407,T,KO,I,15,70.29
2025-12-10,9:40:34.908741407,T,KO,I,9,70.29
2025-12-10,9:40:34.908746395,T,KO,,100,70.29
2025-12-10,9:40:34.911118631,T,KO,F I,50,70.29
2025-12-10,9:40:40.180680044,T,KO,I,1,70.26
2025-12-10,9:40:40.180682906,T,KO,I,99,70.26
2025-12-10,9:40:40.180698337,T,KO,I,9,70.26
2025-12-10,9:40:40.180698337,T,KO,I,1,70.26
2025-12-10,9:40:40.180700956,T,KO,I,31,70.26
2025-12-10,9:40:40.180703941,T,KO,I,69,70.26
2025-12-10,9:40:40.181007746,T,KO,I,31,70.26
2025-12-10,9:40:43.299918859,T,KO,,100,70.265
2025-12-10,9:40:43.300375911,T,KO,F I,10,70.27
2025-12-10,9:40:46.697266231,T,KO,I,5,70.28
2025-12-10,9:40:46.697266231,T,KO,I,95,70.28
2025-12-10,9:40:50.230627406,T,KO,I,60,70.29
2025-12-10,9:40:51.253585737,T,KO,I,10,70.295
2025-12-10,9:40:51.709140672,T,KO,I,10,70.295
2025-12-10,9:40:52.697348282,T,KO,,100,70.295
2025-12-10,9:40:52.697348282,T,KO,,140,70.29
2025-12-10,9:40:52.697351322,T,KO,,100,70.29
2025-12-10,9:40:52.697847454,T,KO,I,2,70.29
2025-12-10,9:40:59.373356150,T,KO,I,12,70.29
2025-12-10,9:40:59.373356150,T,KO,I,30,70.29
2025-12-10,9:41:00.218837918,T,KO,,100,70.285
2025-12-10,9:41:01.258329877,T,KO,F I,20,70.27
2025-12-10,9:41:01.258332583,T,KO,F,200,70.27
2025-12-10,9:41:01.258336705,T,KO,F I,25,70.27
2025-12-10,9:41:01.258338466,T,KO,F I,53,70.27
2025-12-10,9:41:06.962563882,T,KO,,100,70.275
2025-12-10,9:41:08.404422860,T,KO,I,10,70.275
2025-12-10,9:41:08.410359089,T,KO,I,3,70.275
2025-12-10,9:41:11.566285427,T,KO,F,100,70.27
2025-12-10,9:41:13.357958602,T,KO,F I,2,70.27
2025-12-10,9:41:13.357964636,T,KO,F I,1,70.27
2025-12-10,9:41:13.357967569,T,KO,F I,8,70.27
2025-12-10,9:41:14.004396097,T,KO,I,5,70.275
2025-12-10,9:41:19.310503486,T,KO,,150,70.295
2025-12-10,9:41:19.310789058,T,KO,,100,70.295
2025-12-10,9:41:20.187536152,T,KO,,180,70.29
2025-12-10,9:41:20.187542253,T,KO,I,20,70.29
2025-12-10,9:41:20.187560629,T,KO,F I,7,70.29
2025-12-10,9:41:20.187560629,T,KO,F,200,70.29
2025-12-10,9:41:20.187566498,T,KO,F I,1,70.29
2025-12-10,9:41:20.187566498,T,KO,F,100,70.29
2025-12-10,9:41:29.963777904,T,KO,F I,10,70.28
2025-12-10,9:41:29.963777904,T,KO,F I,25,70.28
2025-12-10,9:41:30.164896720,T,KO,I,20,70.28
2025-12-10,9:41:30.617832464,T,KO,,100,70.275
2025-12-10,9:41:31.287211649,T,KO,,100,70.275
2025-12-10,9:41:40.212883522,T,KO,F I,60,70.28
2025-12-10,9:41:40.212883522,T,KO,F,100,70.28
2025-12-10,9:41:43.175235719,T,KO,F I,20,70.26
2025-12-10,9:41:45.827808208,T,KO,F I,10,70.27
2025-12-10,9:41:50.162569005,T,KO,F,100,70.27
2025-12-10,9:41:52.827985173,T,KO,I,11,70.27
2025-12-10,9:42:00.124415610,T,KO,I,3,70.275
2025-12-10,9:42:06.703301311,T,KO,I,15,70.26
2025-12-10,9:42:06.703313269,T,KO,I,73,70.26
2025-12-10,9:42:12.691938163,T,KO,I,20,70.25
2025-12-10,9:42:12.693324457,T,KO,,100,70.24
2025-12-10,9:42:12.693327757,T,KO,,100,70.24
2025-12-10,9:42:12.693327757,T,KO,I,19,70.24
2025-12-10,9:42:12.693345559,T,KO,I,1,70.24
2025-12-10,9:42:12.693345559,T,KO,I,9,70.24
2025-12-10,9:42:14.491541133,T,KO,I,1,70.26
2025-12-10,9:42:18.410967943,T,KO,F,200,70.24
2025-12-10,9:42:18.410970801,T,KO,F I,25,70.24
2025-12-10,9:42:23.712278842,T,KO,F,100,70.255
2025-12-10,9:42:23.712278842,T,KO,F I,10,70.26
2025-12-10,9:42:23.712285004,T,KO,F I,80,70.26
2025-12-10,9:42:23.712285004,T,KO,F I,1,70.26
2025-12-10,9:42:23.712287802,T,KO,F I,25,70.26
2025-12-10,9:42:23.712287802,T,KO,F,172,70.26
2025-12-10,9:42:23.712297009,T,KO,I,1,70.26
2025-12-10,9:42:23.717589446,T,KO,F I,44,70.255
2025-12-10,9:42:24.574513234,T,KO,I,10,70.255
2025-12-10,9:42:26.339043685,T,KO,I,20,70.265
2025-12-10,9:42:26.906092186,T,KO,I,10,70.265
2025-12-10,9:42:27.412642705,T,KO,F,120,70.26
2025-12-10,9:42:35.576266432,T,KO,I,20,70.225
2025-12-10,9:42:37.489245528,T,KO,F I,6,70.22
2025-12-10,9:42:37.489245528,T,KO,F,100,70.22
2025-12-10,9:42:38.042954169,T,KO,F I,14,70.22
2025-12-10,9:42:38.042993446,T,KO,I,86,70.22
2025-12-10,9:42:38.042993446,T,KO,I,20,70.22
2025-12-10,9:42:41.172691170,T,KO,F I,90,70.22
2025-12-10,9:42:41.172709159,T,KO,I,1,70.22
2025-12-10,9:42:41.173515711,T,KO,F,200,70.23
2025-12-10,9:42:41.173536343,T,KO,F I,25,70.23
2025-12-10,9:42:41.173860945,T,KO,,100,70.23
2025-12-10,9:42:41.175620225,T,KO,F,200,70.23
2025-12-10,9:42:41.175620225,T,KO,F,100,70.23
2025-12-10,9:42:41.175623164,T,KO,F I,93,70.23
2025-12-10,9:42:41.175647205,T,KO,F I,7,70.23
2025-12-10,9:42:42.026857495,T,KO,F I,1,70.24
2025-12-10,9:42:42.026857495,T,KO,F I,25,70.24
2025-12-10,9:42:42.027873847,T,KO,I,46,70.24
2025-12-10,9:42:42.027876936,T,KO,,100,70.24
2025-12-10,9:42:47.560026536,T,KO,F I,46,70.23
2025-12-10,9:42:47.560035590,T,KO,F I,30,70.23
2025-12-10,9:42:47.561106060,T,KO,F I,1,70.23
2025-12-10,9:42:47.561154237,T,KO,I,46,70.23
2025-12-10,9:42:47.561157265,T,KO,,100,70.23
2025-12-10,9:42:47.561178294,T,KO,I,1,70.23
2025-12-10,9:42:47.561178294,T,KO,I,9,70.23
2025-12-10,9:42:47.575666751,T,KO,,100,70.235
2025-12-10,9:42:50.141148864,T,KO,F I,2,70.23
2025-12-10,9:42:50.600074981,T,KO,F,100,70.22
2025-12-10,9:42:50.600077853,T,KO,F I,25,70.22
2025-12-10,9:42:50.600077853,T,KO,F I,44,70.22
2025-12-10,9:42:50.600095948,T,KO,I,1,70.22
2025-12-10,9:42:50.600098885,T,KO,I,9,70.22
2025-12-10,9:42:51.177098265,T,KO,,100,70.22
2025-12-10,9:42:51.966087215,T,KO,I,10,70.215
2025-12-10,9:42:52.737030283,T,KO,F I,1,70.21
2025-12-10,9:42:52.737037211,T,KO,F,219,70.21
2025-12-10,9:42:52.737042389,T,KO,F,100,70.21
2025-12-10,9:42:52.737042389,T,KO,F,200,70.21
2025-12-10,9:43:01.836377768,T,KO,F I,29,70.21
2025-12-10,9:43:01.836398787,T,KO,F I,18,70.21
2025-12-10,9:43:01.836401857,T,KO,F I,1,70.21
2025-12-10,9:43:01.836413979,T,KO,I,2,70.215
2025-12-10,9:43:03.441321141,T,KO,,100,70.205
2025-12-10,9:43:05.297837797,T,KO,F I,1,70.21
2025-12-10,9:43:13.988274121,T,KO,I,26,70.225
2025-12-10,9:43:13.988286192,T,KO,I,14,70.225
2025-12-10,9:43:14.152907306,T,KO,I,14,70.225
2025-12-10,9:43:14.609370355,T,KO,F,100,70.23
2025-12-10,9:43:18.242806913,T,KO,I,4,70.235
2025-12-10,9:43:18.568374310,T,KO,I,2,70.235
2025-12-10,9:43:21.118477762,T,KO,F,120,70.23
2025-12-10,9:43:21.118477762,T,KO,F,200,70.23
2025-12-10,9:43:21.119647861,T,KO,F,100,70.23
2025-12-10,9:43:21.119647861,T,KO,F I,48,70.23
2025-12-10,9:43:22.710403315,T,KO,I,12,70.24
2025-12-10,9:43:24.623944679,T,KO,F,100,70.26
2025-12-10,9:43:25.531641330,T,KO,F I,60,70.26
2025-12-10,9:43:25.531644412,T,KO,F I,10,70.26
2025-12-10,9:43:25.532270058,T,KO,F I,6,70.26
2025-12-10,9:43:25.532270058,T,KO,F I,1,70.26
2025-12-10,9:43:25.532272862,T,KO,F I,60,70.26
2025-12-10,9:43:27.988546910,T,KO,I,27,70.26
2025-12-10,9:43:27.988546910,T,KO,I,40,70.26
2025-12-10,9:43:34.964245469,T,KO,I,1,70.245
2025-12-10,9:43:35.833240144,T,KO,I,2,70.25
2025-12-10,9:43:37.214477894,T,KO,F I,67,70.24
2025-12-10,9:43:37.214495891,T,KO,I,93,70.24
2025-12-10,9:43:37.702594420,T,KO,F,100,70.23
2025-12-10,9:43:37.702597347,T,KO,F,160,70.23
2025-12-10,9:43:37.703679899,T,KO,F,100,70.23
2025-12-10,9:43:37.703682934,T,KO,F,200,70.23
2025-12-10,9:43:37.704936972,T,KO,F I,67,70.24
2025-12-10,9:43:37.704936972,T,KO,F I,2,70.24
2025-12-10,9:43:37.704939938,T,KO,F I,3,70.24
2025-12-10,9:43:37.704946161,T,KO,F I,28,70.24
2025-12-10,9:43:37.704948979,T,KO,F I,72,70.24
2025-12-10,9:43:37.704955007,T,KO,F I,28,70.24
2025-12-10,9:43:37.704957961,T,KO,F I,52,70.24
2025-12-10,9:43:38.702605045,T,KO,F I,3,70.24
2025-12-10,9:43:38.702605045,T,KO,F I,65,70.24
2025-12-10,9:43:48.996643670,T,KO,I,61,70.23
2025-12-10,9:43:49.001109357,T,KO,,100,70.22
2025-12-10,9:43:49.001130323,T,KO,I,1,70.22
2025-12-10,9:44:04.953045017,T,KO,I,20,70.23
2025-12-10,9:44:04.964490312,T,KO,I,8,70.235
2025-12-10,9:44:05.124663849,T,KO,I,92,70.235
2025-12-10,9:44:07.687710183,T,KO,F I,25,70.25
2025-12-10,9:44:07.687713193,T,KO,F I,1,70.25
2025-12-10,9:44:07.687713193,T,KO,F I,3,70.25
2025-12-10,9:44:07.688233408,T,KO,,100,70.25
2025-12-10,9:44:17.390423743,T,KO,I,36,70.27
2025-12-10,9:44:22.041986178,T,KO,,100,70.275
2025-12-10,9:44:23.353833550,T,KO,F I,27,70.27
2025-12-10,9:44:25.597970330,T,KO,F I,1,70.26
2025-12-10,9:44:30.112893332,T,KO,F I,1,70.25
2025-12-10,9:44:31.622284266,T,KO,I,20,70.25
2025-12-10,9:44:31.622287143,T,KO,,100,70.25
2025-12-10,9:44:34.360398604,T,KO,,100,70.23
2025-12-10,9:44:34.360401902,T,KO,I,54,70.23
2025-12-10,9:44:34.360416402,T,KO,I,1,70.23
2025-12-10,9:44:34.360419426,T,KO,I,9,70.23
2025-12-10,9:44:34.360434397,T,KO,F I,90,70.23
2025-12-10,9:44:37.331573760,T,KO,F,100,70.235
2025-12-10,9:44:37.331573760,T,KO,F I,6,70.22
2025-12-10,9:44:37.331580071,T,KO,F I,25,70.22
2025-12-10,9:44:37.331580071,T,KO,F,100,70.22
2025-12-10,9:44:37.331949459,T,KO,,100,70.235
2025-12-10,9:44:37.332313398,T,KO,F,100,70.23
2025-12-10,9:44:37.729763936,T,KO,,100,70.25
2025-12-10,9:44:48.653342936,T,KO,I,9,70.245
2025-12-10,9:44:48.899325799,T,KO,I,91,70.245
2025-12-10,9:44:50.247036591,T,KO,,811,70.24
2025-12-10,9:44:57.947554241,T,KO,F I,1,70.25
2025-12-10,9:44:57.947557244,T,KO,F I,25,70.25
2025-12-10,9:45:02.090181330,T,KO,,100,70.275
2025-12-10,9:45:02.100192229,T,KO,,100,70.275
2025-12-10,9:45:02.663593008,T,KO,I,10,70.275
2025-12-10,9:45:03.422062905,T,KO,F I,90,70.27
2025-12-10,9:45:03.422086682,T,KO,I,9,70.27
2025-12-10,9:45:03.422086682,T,KO,I,1,70.27
2025-12-10,9:45:03.422093347,T,KO,F,180,70.27
2025-12-10,9:45:03.422093347,T,KO,F I,20,70.27
2025-12-10,9:45:03.422098512,T,KO,F,140,70.27
2025-12-10,9:45:03.422098512,T,KO,F I,1,70.27
2025-12-10,9:45:03.422102189,T,KO,F I,8,70.27
2025-12-10,9:45:03.422113528,T,KO,,100,70.275
2025-12-10,9:45:03.422119527,T,KO,I,1,70.27
2025-12-10,9:45:03.422486418,T,KO,,100,70.27
2025-12-10,9:45:03.423904315,T,KO,F,200,70.27
2025-12-10,9:45:03.423909067,T,KO,F I,61,70.27
2025-12-10,9:45:03.423912153,T,KO,F,100,70.27
2025-12-10,9:45:03.423915043,T,KO,F I,4,70.27
2025-12-10,9:45:03.423919332,T,KO,F,100,70.27
2025-12-10,9:45:03.424931239,T,KO,I,28,70.28
2025-12-10,9:45:03.424931239,T,KO,I,1,70.28
2025-12-10,9:45:03.424934321,T,KO,I,3,70.28
2025-12-10,9:45:04.282979869,T,KO,,135,70.295
2025-12-10,9:45:11.424634853,T,KO,,100,70.305
2025-12-10,9:45:11.694858381,T,KO,,100,70.305
2025-12-10,9:45:11.814320904,T,KO,F I,61,70.3
2025-12-10,9:45:11.814320904,T,KO,F I,6,70.3
2025-12-10,9:45:11.814323964,T,KO,F I,55,70.3
2025-12-10,9:45:11.814326946,T,KO,F I,25,70.3
2025-12-10,9:45:13.415237728,T,KO,F,100,70.28
2025-12-10,9:45:13.415240737,T,KO,F I,25,70.28
2025-12-10,9:45:13.415240737,T,KO,F,200,70.28
2025-12-10,9:45:13.415243668,T,KO,F,100,70.28
2025-12-10,9:45:13.786294404,T,KO,,100,70.275
2025-12-10,9:45:20.884366451,T,KO,,100,70.275
2025-12-10,9:45:21.271472344,T,KO,I,25,70.28
2025-12-10,9:45:21.294206562,T,KO,I,90,70.285
2025-12-10,9:45:22.127115367,T,KO,I,10,70.285
2025-12-10,9:45:22.794112869,T,KO,F,120,70.28
2025-12-10,9:45:22.794116068,T,KO,F I,20,70.28
2025-12-10,9:45:22.794130887,T,KO,F,100,70.28
2025-12-10,9:45:22.794557828,T,KO,,100,70.28
2025-12-10,9:45:22.794997037,T,KO,F I,53,70.28
2025-12-10,9:45:22.794997037,T,KO,F I,47,70.28
2025-12-10,9:45:22.795002942,T,KO,F I,53,70.28
2025-12-10,9:45:22.795005891,T,KO,F I,47,70.28
2025-12-10,9:45:22.795015900,T,KO,I,43,70.28
2025-12-10,9:45:23.065743696,T,KO,F I,53,70.28
2025-12-10,9:45:30.130309975,T,KO,F I,25,70.29
2025-12-10,9:45:42.123894433,T,KO,F I,1,70.3
2025-12-10,9:45:45.786948511,T,KO,,150,70.325
2025-12-10,9:45:45.926998004,T,KO,I,3,70.325
2025-12-10,9:45:45.926998004,T,KO,I,3,70.325
2025-12-10,9:45:49.312151234,T,KO,F I,78,70.33
2025-12-10,9:45:49.312154246,T,KO,F I,17,70.33
2025-12-10,9:45:52.929093484,T,KO,F I,2,70.34
2025-12-10,9:45:52.929108542,T,KO,F I,48,70.34
2025-12-10,9:45:55.362437870,T,KO,I,50,70.35
2025-12-10,9:45:55.362437870,T,KO,I,3,70.35
2025-12-10,9:46:04.188145574,T,KO,F I,2,70.37
2025-12-10,9:46:04.188149450,T,KO,F,100,70.37
2025-12-10,9:46:04.188149450,T,KO,F,100,70.37
2025-12-10,9:46:04.188194489,T,KO,F,102,70.37
2025-12-10,9:46:04.188205724,T,KO,I,9,70.37
2025-12-10,9:46:04.188208766,T,KO,I,1,70.37
2025-12-10,9:46:04.188214814,T,KO,F,100,70.37
2025-12-10,9:46:04.188380112,T,KO,F I,88,70.37
2025-12-10,9:46:08.141568345,T,KO,I,10,70.375
2025-12-10,9:46:15.615204993,T,KO,,100,70.375
2025-12-10,9:46:15.615460582,T,KO,,100,70.375
2025-12-10,9:46:15.629958077,T,KO,,138,70.375
2025-12-10,9:46:15.660964955,T,KO,,126,70.375
2025-12-10,9:46:16.436426253,T,KO,,140,70.37
2025-12-10,9:46:16.436426253,T,KO,I,60,70.37
2025-12-10,9:46:16.436430823,T,KO,I,80,70.37
2025-12-10,9:46:16.438000590,T,KO,F,200,70.37
2025-12-10,9:46:16.438000590,T,KO,F I,49,70.37
2025-12-10,9:46:16.438003508,T,KO,F,100,70.37
2025-12-10,9:46:16.438009938,T,KO,F I,4,70.37
2025-12-10,9:46:16.438012651,T,KO,F,100,70.37
2025-12-10,9:46:16.438016014,T,KO,F I,25,70.37
2025-12-10,9:46:16.438016014,T,KO,F,100,70.37
2025-12-10,9:46:16.438301803,T,KO,I,28,70.37
2025-12-10,9:46:16.442896217,T,KO,F,100,70.38
2025-12-10,9:46:16.528336158,T,KO,F,100,70.39
2025-12-10,9:46:17.080240195,T,KO,F I,1,70.4
2025-12-10,9:46:17.080244518,T,KO,F,200,70.4
2025-12-10,9:46:17.960878491,T,KO,F I,49,70.4
2025-12-10,9:46:17.960881849,T,KO,F I,6,70.4
2025-12-10,9:46:17.960885078,T,KO,F I,25,70.4
2025-12-10,9:46:17.960887695,T,KO,F I,11,70.4
2025-12-10,9:46:17.960887695,T,KO,F I,10,70.4
2025-12-10,9:46:17.961930975,T,KO,F I,16,70.4
2025-12-10,9:46:21.408279889,T,KO,F I,11,70.39
2025-12-10,9:46:22.741697709,T,KO,I,11,70.39
2025-12-10,9:46:22.741887092,T,KO,I,12,70.385
2025-12-10,9:46:22.764215951,T,KO,F,100,70.38
2025-12-10,9:46:22.764215951,T,KO,F I,15,70.38
2025-12-10,9:46:22.764218253,T,KO,F I,15,70.38
2025-12-10,9:46:24.785554396,T,KO,I,10,70.375
2025-12-10,9:46:24.978440130,T,KO,F I,2,70.37
2025-12-10,9:46:24.978454840,T,KO,F I,1,70.37
2025-12-10,9:46:24.978460788,T,KO,F I,4,70.37
2025-12-10,9:46:24.978464340,T,KO,F I,54,70.37
2025-12-10,9:46:24.978464340,T,KO,F I,12,70.37
2025-12-10,9:46:24.978467217,T,KO,F I,49,70.37
2025-12-10,9:46:26.597922821,T,KO,,100,70.355
2025-12-10,9:46:32.892069318,T,KO,I,50,70.37
2025-12-10,9:46:32.904031742,T,KO,I,10,70.38
2025-12-10,9:46:39.122469760,T,KO,F I,3,70.38
2025-12-10,9:46:39.715794785,T,KO,I,5,70.375
2025-12-10,9:46:40.110006724,T,KO,I,15,70.37
2025-12-10,9:46:40.110693450,T,KO,F I,50,70.37
2025-12-10,9:46:40.110693450,T,KO,F,100,70.37
2025-12-10,9:46:40.110693450,T,KO,F I,4,70.37
2025-12-10,9:46:45.672682565,T,KO,F I,4,70.37
2025-12-10,9:46:45.672682565,T,KO,F I,2,70.37
2025-12-10,9:46:45.672688074,T,KO,F I,20,70.37
2025-12-10,9:46:45.672691048,T,KO,F I,50,70.37
2025-12-10,9:46:45.672691048,T,KO,F I,8,70.37
2025-12-10,9:46:45.672703074,T,KO,,100,70.37
2025-12-10,9:46:45.681944131,T,KO,,100,70.365
2025-12-10,9:46:46.220947832,T,KO,,100,70.365
2025-12-10,9:46:46.770278135,T,KO,F I,42,70.36
2025-12-10,9:46:46.770876888,T,KO,F,100,70.36
2025-12-10,9:46:46.770879588,T,KO,F,100,70.36
2025-12-10,9:46:50.869626358,T,KO,F I,37,70.39
2025-12-10,9:46:54.789498032,T,KO,I,10,70.395
2025-12-10,9:46:58.035648139,T,KO,,100,70.395
2025-12-10,9:46:59.933997383,T,KO,F,500,70.39
2025-12-10,9:46:59.934000451,T,KO,F,100,70.39
2025-12-10,9:46:59.934004050,T,KO,F,100,70.39
2025-12-10,9:46:59.934012427,T,KO,I,9,70.39
2025-12-10,9:46:59.934018594,T,KO,I,31,70.39
2025-12-10,9:46:59.949057310,T,KO,,100,70.385
2025-12-10,9:47:00.180972627,T,KO,F I,66,70.385
2025-12-10,9:47:00.552838933,T,KO,F,100,70.39
2025-12-10,9:47:04.436383501,T,KO,F I,2,70.38
2025-12-10,9:47:04.526306622,T,KO,F I,40,70.37
2025-12-10,9:47:05.244489059,T,KO,I,10,70.365
2025-12-10,9:47:10.381458601,T,KO,F I,9,70.38
2025-12-10,9:47:14.402476644,T,KO,F,120,70.39
2025-12-10,9:47:17.817932559,T,KO,,100,70.4
2025-12-10,9:47:27.975665666,T,KO,I,1,70.405
2025-12-10,9:47:32.028291610,T,KO,F I,19,70.42
2025-12-10,9:47:32.943040303,T,KO,,100,70.425
2025-12-10,9:47:34.071832732,T,KO,F I,50,70.43
2025-12-10,9:47:34.072551934,T,KO,I,55,70.43
2025-12-10,9:47:34.073063097,T,KO,I,55,70.43
2025-12-10,9:47:34.073066948,T,KO,,100,70.43
2025-12-10,9:47:34.073068751,T,KO,,100,70.43
2025-12-10,9:47:34.073072007,T,KO,I,4,70.43
2025-12-10,9:47:34.073072007,T,KO,I,41,70.43
2025-12-10,9:47:34.073086627,T,KO,I,1,70.43
2025-12-10,9:47:34.484328036,T,KO,I,4,70.43
2025-12-10,9:47:42.679259526,T,KO,I,29,70.42
2025-12-10,9:47:49.697419268,T,KO,F I,10,70.43
2025-12-10,9:47:49.697428759,T,KO,F I,42,70.43
2025-12-10,9:47:49.697428759,T,KO,F I,60,70.43
2025-12-10,9:47:49.697434252,T,KO,F,100,70.43
2025-12-10,9:47:58.893714616,T,KO,I,7,70.425
2025-12-10,9:48:02.702658193,T,KO,F,100,70.43
2025-12-10,9:48:08.282868271,T,KO,F I,56,70.44
2025-12-10,9:48:08.282871260,T,KO,F I,3,70.44
2025-12-10,9:48:08.283556821,T,KO,F I,61,70.44
2025-12-10,9:48:08.283560345,T,KO,F I,25,70.44
2025-12-10,9:48:08.283577874,T,KO,F,100,70.44
2025-12-10,9:48:08.283610971,T,KO,I,37,70.44
2025-12-10,9:48:08.283610971,T,KO,I,63,70.44
2025-12-10,9:48:08.283680200,T,KO,I,1,70.44
2025-12-10,9:48:08.283797447,T,KO,I,37,70.44
2025-12-10,9:48:08.283797447,T,KO,I,13,70.44
2025-12-10,9:48:08.283809495,T,KO,F,100,70.44
2025-12-10,9:48:08.283869599,T,KO,I,48,70.44
2025-12-10,9:48:08.283869599,T,KO,I,13,70.44
2025-12-10,9:48:14.408060335,T,KO,F,100,70.43
2025-12-10,9:48:14.408063685,T,KO,F,160,70.43
2025-12-10,9:48:14.408066513,T,KO,F I,3,70.43
2025-12-10,9:48:14.408066513,T,KO,F I,20,70.43
2025-12-10,9:48:14.408070067,T,KO,F I,1,70.43
2025-12-10,9:48:14.408070067,T,KO,F I,10,70.43
2025-12-10,9:48:14.409868242,T,KO,I,25,70.42
2025-12-10,9:48:14.409871374,T,KO,,103,70.42
2025-12-10,9:48:14.410556265,T,KO,I,38,70.43
2025-12-10,9:48:14.410574246,T,KO,F I,62,70.43
2025-12-10,9:48:14.410574246,T,KO,F I,38,70.43
2025-12-10,9:48:14.410598354,T,KO,F I,62,70.43
2025-12-10,9:48:14.410598354,T,KO,F I,38,70.43
2025-12-10,9:48:14.410616405,T,KO,F I,24,70.43
2025-12-10,9:48:14.478840410,T,KO,I,78,70.44
2025-12-10,9:48:14.478843192,T,KO,I,22,70.44
2025-12-10,9:48:14.478903085,T,KO,F,100,70.44
2025-12-10,9:48:14.478903085,T,KO,F I,62,70.44
2025-12-10,9:48:14.580475937,T,KO,I,62,70.44
2025-12-10,9:48:14.580482057,T,KO,I,4,70.44
2025-12-10,9:48:14.580482057,T,KO,I,78,70.44
2025-12-10,9:48:14.580498235,T,KO,I,9,70.44
2025-12-10,9:48:14.580500076,T,KO,I,1,70.44
2025-12-10,9:48:16.204421859,T,KO,I,4,70.44
2025-12-10,9:48:20.162559624,T,KO,,100,70.44
2025-12-10,9:48:20.162574593,T,KO,I,1,70.44
2025-12-10,9:48:20.162574593,T,KO,I,5,70.44
2025-12-10,9:48:20.162577637,T,KO,I,4,70.44
2025-12-10,9:48:20.344147041,T,KO,,236,70.44
2025-12-10,9:48:20.344150046,T,KO,I,80,70.44
2025-12-10,9:48:20.390448316,T,KO,,100,70.435
2025-12-10,9:48:25.467136159,T,KO,I,60,70.43
2025-12-10,9:48:25.666258396,T,KO,,100,70.425
2025-12-10,9:48:25.672735823,T,KO,I,10,70.425
2025-12-10,9:48:43.748503878,T,KO,I,6,70.405
2025-12-10,9:48:44.412124342,T,KO,I,30,70.4
2025-12-10,9:48:44.412515244,T,KO,I,60,70.4
2025-12-10,9:48:44.424501830,T,KO,,100,70.395
2025-12-10,9:48:44.689297413,T,KO,,100,70.395
2025-12-10,9:48:48.472060666,T,KO,F I,50,70.4
2025-12-10,9:48:48.472072703,T,KO,F I,30,70.4
2025-12-10,9:48:51.799756077,T,KO,F I,1,70.41
2025-12-10,9:48:54.780572323,T,KO,,100,70.415
2025-12-10,9:48:56.321177917,T,KO,I,10,70.41
2025-12-10,9:49:00.239975606,T,KO,,100,70.405
2025-12-10,9:49:05.150051964,T,KO,F I,1,70.41
2025-12-10,9:49:05.150051964,T,KO,F I,10,70.41
2025-12-10,9:49:06.661920417,T,KO,,100,70.405
2025-12-10,9:49:06.662242180,T,KO,F,100,70.41
2025-12-10,9:49:06.662242180,T,KO,F I,50,70.41
2025-12-10,9:49:06.663057224,T,KO,,100,70.41
2025-12-10,9:49:06.663081176,T,KO,F I,57,70.41
2025-12-10,9:49:06.663099274,T,KO,F I,4,70.41
2025-12-10,9:49:08.022757451,T,KO,F I,1,70.4
2025-12-10,9:49:08.023184544,T,KO,,159,70.4
2025-12-10,9:49:08.025316707,T,KO,F I,57,70.4
2025-12-10,9:49:08.025322688,T,KO,F,100,70.4
2025-12-10,9:49:08.025322688,T,KO,F,100,70.4
2025-12-10,9:49:08.025325558,T,KO,F I,10,70.4
2025-12-10,9:49:08.025325558,T,KO,F I,57,70.4
2025-12-10,9:49:08.025328605,T,KO,F I,6,70.4
2025-12-10,9:49:08.026615619,T,KO,,100,70.405
2025-12-10,9:49:08.033026988,T,KO,I,66,70.405
2025-12-10,9:49:12.794437922,T,KO,,100,70.405
2025-12-10,9:49:24.787240556,T,KO,I,6,70.415
2025-12-10,9:49:24.787240556,T,KO,I,10,70.415
2025-12-10,9:49:36.734063839,T,KO,,100,70.43
2025-12-10,9:49:37.049644404,T,KO,,100,70.435
2025-12-10,9:49:44.283688228,T,KO,I,20,70.435
2025-12-10,9:49:51.300885795,T,KO,F I,3,70.44
2025-12-10,9:49:53.380464542,T,KO,F,125,70.43
2025-12-10,9:49:53.380468616,T,KO,F I,57,70.43
2025-12-10,9:49:53.380468616,T,KO,F I,10,70.43
2025-12-10,9:49:53.380470902,T,KO,F I,80,70.43
2025-12-10,9:49:53.380485588,T,KO,I,28,70.43
2025-12-10,9:49:53.380489153,T,KO,I,1,70.43
2025-12-10,9:49:53.380495390,T,KO,F I,11,70.43
2025-12-10,9:49:53.380500639,T,KO,F I,40,70.43
2025-12-10,9:49:56.972206832,T,KO,F I,93,70.43
2025-12-10,9:49:56.972224864,T,KO,I,39,70.43
2025-12-10,9:49:56.972224864,T,KO,I,1,70.43
2025-12-10,9:49:56.972411403,T,KO,F,107,70.43
2025-12-10,9:49:59.899832479,T,KO,,100,70.43
2025-12-10,9:50:01.542660416,T,KO,I,50,70.44
2025-12-10,9:50:01.542663416,T,KO,,200,70.44
2025-12-10,9:50:01.542663416,T,KO,I,13,70.44
2025-12-10,9:50:01.542666218,T,KO,I,25,70.44
2025-12-10,9:50:03.425588672,T,KO,I,40,70.445
2025-12-10,9:50:03.510784510,T,KO,I,10,70.445
2025-12-10,9:50:04.629902893,T,KO,F I,3,70.45
2025-12-10,9:50:04.630793057,T,KO,I,13,70.455
2025-12-10,9:50:04.705719482,T,KO,F I,57,70.45
2025-12-10,9:50:04.705719482,T,KO,F I,1,70.45
2025-12-10,9:50:06.590010227,T,KO,F I,10,70.44
2025-12-10,9:50:08.781717106,T,KO,,100,70.425
2025-12-10,9:50:11.802865337,T,KO,I,20,70.41
2025-12-10,9:50:11.802865337,T,KO,I,80,70.41
2025-12-10,9:50:11.802877476,T,KO,I,60,70.41
2025-12-10,9:50:14.702250634,T,KO,I,50,70.405
2025-12-10,9:50:16.315136022,T,KO,I,57,70.41
2025-12-10,9:50:16.315136022,T,KO,I,50,70.41
2025-12-10,9:50:16.315139012,T,KO,I,1,70.41
2025-12-10,9:50:16.316110278,T,KO,I,40,70.415
2025-12-10,9:50:23.325276227,T,KO,F I,10,70.4
2025-12-10,9:50:23.326129644,T,KO,,200,70.4
2025-12-10,9:50:23.326132575,T,KO,I,6,70.4
2025-12-10,9:50:23.326150641,T,KO,I,1,70.4
2025-12-10,9:50:23.336474221,T,KO,,100,70.395
2025-12-10,9:50:23.336501340,T,KO,,100,70.395
2025-12-10,9:50:25.044094724,T,KO,I,40,70.39
2025-12-10,9:50:25.044097320,T,KO,I,6,70.39
2025-12-10,9:50:25.044100791,T,KO,I,1,70.39
2025-12-10,9:50:25.044620420,T,KO,F I,56,70.39
2025-12-10,9:50:25.044628554,T,KO,F,100,70.39
2025-12-10,9:50:25.044632426,T,KO,F,100,70.39
2025-12-10,9:50:25.044632426,T,KO,F,100,70.39
2025-12-10,9:50:25.044635486,T,KO,F I,4,70.39
2025-12-10,9:50:25.044638490,T,KO,F,100,70.39
2025-12-10,9:50:25.044638490,T,KO,F I,55,70.39
2025-12-10,9:50:33.235197497,T,KO,,100,70.395
2025-12-10,9:50:33.235201163,T,KO,F I,24,70.39
2025-12-10,9:50:33.235453062,T,KO,I,3,70.395
2025-12-10,9:50:33.235600459,T,KO,F I,1,70.39
2025-12-10,9:50:33.235618552,T,KO,I,31,70.39
2025-12-10,9:50:33.235621924,T,KO,I,1,70.39
2025-12-10,9:50:33.235624884,T,KO,I,2,70.39
2025-12-10,9:50:33.235624884,T,KO,I,28,70.39
2025-12-10,9:50:33.235627534,T,KO,I,22,70.39
2025-12-10,9:50:33.235627534,T,KO,I,20,70.39
2025-12-10,9:50:33.235630976,T,KO,I,40,70.39
2025-12-10,9:50:33.235630976,T,KO,,160,70.39
2025-12-10,9:50:33.235633516,T,KO,I,47,70.39
2025-12-10,9:50:33.235633516,T,KO,I,1,70.39
2025-12-10,9:50:33.235642663,T,KO,I,9,70.39
2025-12-10,9:50:33.235645619,T,KO,I,1,70.39
2025-12-10,9:50:40.288622326,T,KO,I,14,70.4
2025-12-10,9:50:40.288622326,T,KO,F I,36,70.4
2025-12-10,9:50:40.288625280,T,KO,F I,50,70.4
2025-12-10,9:50:41.323470903,T,KO,,400,70.41
2025-12-10,9:50:41.323473905,T,KO,I,53,70.41
2025-12-10,9:50:42.963408666,T,KO,F,100,70.415
2025-12-10,9:50:42.963408666,T,KO,F I,25,70.41
2025-12-10,9:50:42.965210531,T,KO,I,59,70.41
2025-12-10,9:50:42.965213000,T,KO,,100,70.41
2025-12-10,9:50:42.988007306,T,KO,,100,70.42
2025-12-10,9:50:42.988028278,T,KO,I,1,70.42
2025-12-10,9:50:42.988548770,T,KO,F I,59,70.42
2025-12-10,9:50:42.988551612,T,KO,F I,59,70.42
2025-12-10,9:50:42.988554670,T,KO,F I,83,70.42
2025-12-10,9:50:43.092190396,T,KO,I,80,70.415
2025-12-10,9:50:43.092226537,T,KO,I,67,70.42
2025-12-10,9:50:47.835778792,T,KO,I,3,70.42
2025-12-10,9:50:47.835817152,T,KO,I,59,70.42
2025-12-10,9:50:47.835817152,T,KO,I,1,70.42
2025-12-10,9:50:47.835982952,T,KO,F,100,70.42
2025-12-10,9:50:47.835982952,T,KO,F I,59,70.42
2025-12-10,9:50:47.835985601,T,KO,F,100,70.42
2025-12-10,9:50:47.835988617,T,KO,F I,5,70.42
2025-12-10,9:50:47.836006640,T,KO,I,1,70.42
2025-12-10,9:50:47.836009571,T,KO,I,9,70.42
2025-12-10,9:50:47.858689561,T,KO,I,59,70.42
2025-12-10,9:50:50.181812477,T,KO,F I,33,70.43
2025-12-10,9:50:55.429304111,T,KO,F I,50,70.44
2025-12-10,9:51:00.269084850,T,KO,F I,10,70.45
2025-12-10,9:51:00.271385308,T,KO,I,5,70.46
2025-12-10,9:51:00.273150590,T,KO,F I,75,70.465
2025-12-10,9:51:00.273156486,T,KO,F,185,70.46
2025-12-10,9:51:00.273168500,T,KO,I,9,70.46
2025-12-10,9:51:00.273168500,T,KO,I,1,70.46
2025-12-10,9:51:00.273192592,T,KO,I,5,70.46
2025-12-10,9:51:00.273195661,T,KO,I,60,70.46
2025-12-10,9:51:01.167417537,T,KO,F I,33,70.47
2025-12-10,9:51:06.182182302,T,KO,F,150,70.475
2025-12-10,9:51:06.182185535,T,KO,F I,1,70.47
2025-12-10,9:51:06.182185535,T,KO,F I,10,70.47
2025-12-10,9:51:06.182187984,T,KO,F,110,70.47
2025-12-10,9:51:06.182199898,T,KO,I,9,70.47
2025-12-10,9:51:06.182202870,T,KO,I,1,70.47
2025-12-10,9:51:06.182470453,T,KO,I,3,70.475
2025-12-10,9:51:06.771802103,T,KO,I,50,70.47
2025-12-10,9:51:07.135921383,T,KO,I,10,70.475
2025-12-10,9:51:07.352082196,T,KO,I,10,70.475
2025-12-10,9:51:09.068332661,T,KO,F I,20,70.47
2025-12-10,9:51:18.992878464,T,KO,I,47,70.47
2025-12-10,9:51:19.245483110,T,KO,I,30,70.48
2025-12-10,9:51:19.245483110,T,KO,I,30,70.48
2025-12-10,9:51:33.305980344,T,KO,I,1,70.49
2025-12-10,9:51:33.305983641,T,KO,I,15,70.49
2025-12-10,9:51:33.305983641,T,KO,I,50,70.49
2025-12-10,9:51:35.142661990,T,KO,F,100,70.495
2025-12-10,9:51:35.142664702,T,KO,F I,26,70.49
2025-12-10,9:51:35.142664702,T,KO,F,128,70.49
2025-12-10,9:51:35.142679707,T,KO,I,1,70.49
2025-12-10,9:51:35.142682748,T,KO,I,9,70.49
2025-12-10,9:51:35.142688708,T,KO,I,62,70.49
2025-12-10,9:51:35.151956811,T,KO,I,54,70.49
2025-12-10,9:51:35.151956811,T,KO,I,46,70.49
2025-12-10,9:51:35.190731133,T,KO,I,2,70.495
2025-12-10,9:51:37.424851055,T,KO,I,10,70.495
2025-12-10,9:51:37.509385393,T,KO,I,42,70.495
2025-12-10,9:51:42.952210294,T,KO,,100,70.5
2025-12-10,9:51:42.952213363,T,KO,I,5,70.5
2025-12-10,9:51:42.952228405,T,KO,I,4,70.5
2025-12-10,9:51:44.241921953,T,KO,F I,20,70.5
2025-12-10,9:51:45.798107357,T,KO,I,2,70.505
2025-12-10,9:51:47.306358486,T,KO,F I,7,70.5
2025-12-10,9:51:50.622563567,T,KO,,100,70.495
2025-12-10,9:51:51.626579806,T,KO,I,10,70.495
2025-12-10,9:51:54.397295374,T,KO,F,100,70.5
2025-12-10,9:51:54.397297647,T,KO,F I,2,70.5
2025-12-10,9:51:54.397300615,T,KO,F I,1,70.5
2025-12-10,9:51:57.103449288,T,KO,F,100,70.5
2025-12-10,9:51:57.103449288,T,KO,F I,10,70.5
2025-12-10,9:51:57.103451764,T,KO,F I,25,70.5
2025-12-10,9:51:57.103454785,T,KO,F I,64,70.5
2025-12-10,9:51:57.103466759,T,KO,I,9,70.5
2025-12-10,9:51:57.103469877,T,KO,I,1,70.5
2025-12-10,9:51:57.103472864,T,KO,I,92,70.5
2025-12-10,9:51:59.305743906,T,KO,F I,8,70.5
2025-12-10,9:51:59.305747195,T,KO,F I,1,70.5
2025-12-10,9:51:59.305749911,T,KO,F,100,70.5
2025-12-10,9:51:59.305752935,T,KO,F I,10,70.5
2025-12-10,9:52:03.337025366,T,KO,F I,2,70.5
2025-12-10,9:52:03.337028278,T,KO,F I,6,70.5
2025-12-10,9:52:03.337028278,T,KO,F I,8,70.5
2025-12-10,9:52:03.337055368,T,KO,F I,6,70.5
2025-12-10,9:52:03.337157282,T,KO,F I,8,70.5
2025-12-10,9:52:03.337190402,T,KO,F I,18,70.5
2025-12-10,9:52:04.552228251,T,KO,I,12,70.49
2025-12-10,9:52:09.700880522,T,KO,I,3,70.485
2025-12-10,9:52:10.180459738,T,KO,F I,13,70.48
2025-12-10,9:52:10.193881503,T,KO,F I,60,70.46
2025-12-10,9:52:10.193883693,T,KO,F,100,70.46
2025-12-10,9:52:10.193886691,T,KO,F I,9,70.46
2025-12-10,9:52:10.193886691,T,KO,F I,5,70.46
2025-12-10,9:52:10.193901706,T,KO,I,9,70.46
2025-12-10,9:52:10.193904979,T,KO,I,1,70.46
2025-12-10,9:52:12.346933633,T,KO,F I,1,70.45
2025-12-10,9:52:12.346936594,T,KO,F I,1,70.45
2025-12-10,9:52:12.729204475,T,KO,I,10,70.455
2025-12-10,9:52:13.287979851,T,KO,I,10,70.455
2025-12-10,9:52:18.064375425,T,KO,I,50,70.455
2025-12-10,9:52:18.064375425,T,KO,I,1,70.455
2025-12-10,9:52:19.424605221,T,KO,F I,11,70.46
2025-12-10,9:52:21.493135826,T,KO,F I,10,70.47
2025-12-10,9:52:21.493138898,T,KO,F I,60,70.47
2025-12-10,9:52:26.115023337,T,KO,F I,9,70.46
2025-12-10,9:52:26.115026321,T,KO,F I,60,70.46
2025-12-10,9:52:26.115709003,T,KO,,100,70.46
2025-12-10,9:52:26.115715383,T,KO,I,49,70.46
2025-12-10,9:52:26.115715383,T,KO,I,26,70.46
2025-12-10,9:52:26.115715383,T,KO,I,25,70.46
2025-12-10,9:52:26.115718185,T,KO,I,42,70.46
2025-12-10,9:52:26.115732995,T,KO,I,1,70.46
2025-12-10,9:52:26.115775086,T,KO,I,1,70.46
2025-12-10,9:52:26.115778108,T,KO,I,57,70.46
2025-12-10,9:52:28.774551512,T,KO,F I,10,70.47
2025-12-10,9:52:31.394300865,T,KO,I,60,70.475
2025-12-10,9:52:31.394303889,T,KO,I,20,70.475
2025-12-10,9:52:31.394336872,T,KO,I,6,70.475
2025-12-10,9:52:31.394339855,T,KO,I,49,70.47
2025-12-10,9:52:31.394342945,T,KO,I,26,70.47
2025-12-10,9:52:33.675112901,T,KO,F,100,70.47
2025-12-10,9:52:45.047258483,T,KO,I,5,70.465
2025-12-10,9:52:46.132096206,T,KO,F I,10,70.46
2025-12-10,9:52:46.132101745,T,KO,F I,10,70.46
2025-12-10,9:52:52.011211326,T,KO,F I,8,70.45
2025-12-10,9:52:52.160321443,T,KO,,100,70.45
2025-12-10,9:52:52.176259350,T,KO,,100,70.445
2025-12-10,9:52:56.983938677,T,KO,I,10,70.445
2025-12-10,9:53:00.022784175,T,KO,I,3,70.45
2025-12-10,9:53:04.694095057,T,KO,F I,10,70.46
2025-12-10,9:53:04.694097582,T,KO,F I,2,70.46
2025-12-10,9:53:05.004935946,T,KO,,100,70.465
2025-12-10,9:53:07.328013683,T,KO,I,10,70.465
2025-12-10,9:53:08.751634319,T,KO,,100,70.465
2025-12-10,9:53:08.752563699,T,KO,I,2,70.47
2025-12-10,9:53:08.752581562,T,KO,F I,20,70.47
2025-12-10,9:53:08.752581562,T,KO,I,58,70.47
2025-12-10,9:53:15.411367804,T,KO,F I,1,70.47
2025-12-10,9:53:15.411367804,T,KO,F,100,70.47
2025-12-10,9:53:15.411370511,T,KO,F I,1,70.47
2025-12-10,9:53:18.937598865,T,KO,F I,10,70.47
2025-12-10,9:53:27.455301700,T,KO,F I,13,70.46
2025-12-10,9:53:36.589793440,T,KO,F I,56,70.45
2025-12-10,9:53:36.589793440,T,KO,F I,20,70.45
2025-12-10,9:53:36.590316592,T,KO,I,4,70.45
2025-12-10,9:53:37.076343245,T,KO,F I,10,70.44
2025-12-10,9:53:39.397703934,T,KO,F I,12,70.435
2025-12-10,9:53:39.397709905,T,KO,F I,12,70.435
2025-12-10,9:53:46.403795973,T,KO,I,10,70.435
2025-12-10,9:53:52.142652041,T,KO,F I,1,70.44
2025-12-10,9:53:52.142655469,T,KO,F I,10,70.44
2025-12-10,9:53:52.142994918,T,KO,I,1,70.44
2025-12-10,9:53:52.142994918,T,KO,I,6,70.44
2025-12-10,9:53:52.142998285,T,KO,I,1,70.44
2025-12-10,9:53:52.143000756,T,KO,I,3,70.44
2025-12-10,9:53:52.144233753,T,KO,I,23,70.44
2025-12-10,9:53:52.144236920,T,KO,I,3,70.44
2025-12-10,9:53:52.144240219,T,KO,I,5,70.44
2025-12-10,9:53:52.144240219,T,KO,I,33,70.44
2025-12-10,9:53:52.144242797,T,KO,I,26,70.44
2025-12-10,9:53:52.645659993,T,KO,I,10,70.445
2025-12-10,9:53:56.863983710,T,KO,I,10,70.445
2025-12-10,9:53:58.109381943,T,KO,I,3,70.445
2025-12-10,9:54:01.052945332,T,KO,I,60,70.445
2025-12-10,9:54:07.686417099,T,KO,I,10,70.44
2025-12-10,9:54:07.686417099,T,KO,I,35,70.44
2025-12-10,9:54:07.686435272,T,KO,I,85,70.44
2025-12-10,9:54:07.686435272,T,KO,I,1,70.44
2025-12-10,9:54:07.688615202,T,KO,F I,2,70.44
2025-12-10,9:54:07.689544439,T,KO,I,12,70.44
2025-12-10,9:54:10.247370388,T,KO,I,1,70.44
2025-12-10,9:54:10.247373305,T,KO,I,10,70.44
2025-12-10,9:54:16.812315456,T,KO,F I,2,70.44
2025-12-10,9:54:16.812315456,T,KO,F I,27,70.44
2025-12-10,9:54:16.812318001,T,KO,F I,12,70.44
2025-12-10,9:54:16.812323808,T,KO,F,180,70.44
2025-12-10,9:54:16.812323808,T,KO,F I,50,70.44
2025-12-10,9:54:16.831879431,T,KO,,100,70.435
2025-12-10,9:54:16.831921969,T,KO,,150,70.435
2025-12-10,9:54:16.831924491,T,KO,,100,70.43
2025-12-10,9:54:16.833194861,T,KO,F,100,70.43
2025-12-10,9:54:16.833196734,T,KO,F I,42,70.43
2025-12-10,9:54:16.833199659,T,KO,F,100,70.43
2025-12-10,9:54:16.833199659,T,KO,F I,51,70.43
2025-12-10,9:54:16.833232596,T,KO,I,3,70.44
2025-12-10,9:54:21.142387580,T,KO,,100,70.44
2025-12-10,9:54:21.142387580,T,KO,I,1,70.44
2025-12-10,9:54:21.142390530,T,KO,I,37,70.44
2025-12-10,9:54:21.142393617,T,KO,,100,70.44
2025-12-10,9:54:27.688925467,T,KO,F,100,70.45
2025-12-10,9:54:27.688925467,T,KO,F I,2,70.45
2025-12-10,9:54:27.688928247,T,KO,F I,1,70.45
2025-12-10,9:54:27.688931277,T,KO,F,100,70.45
2025-12-10,9:54:27.938862471,T,KO,I,2,70.455
2025-12-10,9:54:40.159770435,T,KO,,100,70.455
2025-12-10,9:54:40.243080926,T,KO,F I,42,70.45
2025-12-10,9:54:40.243084063,T,KO,F I,24,70.45
2025-12-10,9:54:40.243084063,T,KO,F I,8,70.45
2025-12-10,9:54:40.243090327,T,KO,F I,3,70.45
2025-12-10,9:54:40.243092885,T,KO,F I,80,70.45
2025-12-10,9:54:40.243095890,T,KO,F I,25,70.45
2025-12-10,9:54:49.826025247,T,KO,F I,3,70.44
2025-12-10,9:54:49.826136570,T,KO,,117,70.44
2025-12-10,9:54:52.824424490,T,KO,I,10,70.435
2025-12-10,9:54:52.851311495,T,KO,F,140,70.43
2025-12-10,9:55:00.355290416,T,KO,I,4,70.415
2025-12-10,9:55:05.208774802,T,KO,F I,1,70.41
2025-12-10,9:55:09.397405674,T,KO,,100,70.415
2025-12-10,9:55:11.778413370,T,KO,F,150,70.415
2025-12-10,9:55:11.778413370,T,KO,F I,63,70.41
2025-12-10,9:55:11.778696169,T,KO,I,50,70.415
2025-12-10,9:55:12.581987272,T,KO,I,2,70.42
2025-12-10,9:55:12.581993399,T,KO,I,50,70.42
2025-12-10,9:55:12.581993399,T,KO,,106,70.42
2025-12-10,9:55:12.581996226,T,KO,I,1,70.42
2025-12-10,9:55:12.581996226,T,KO,I,10,70.42
2025-12-10,9:55:18.888980461,T,KO,F I,50,70.43
2025-12-10,9:55:18.888983755,T,KO,F I,1,70.43
2025-12-10,9:55:18.888986362,T,KO,F,100,70.43
2025-12-10,9:55:21.517357716,T,KO,I,61,70.45
2025-12-10,9:55:21.517363469,T,KO,F I,39,70.45
2025-12-10,9:55:21.517363469,T,KO,F,100,70.45
2025-12-10,9:55:21.568322606,T,KO,I,2,70.455
2025-12-10,9:55:23.510182512,T,KO,F,100,70.45
2025-12-10,9:55:23.510185533,T,KO,F I,99,70.45
2025-12-10,9:55:23.510197503,T,KO,F I,3,70.45
2025-12-10,9:55:23.510200516,T,KO,I,1,70.45
2025-12-10,9:55:29.208129038,T,KO,I,18,70.455
2025-12-10,9:55:29.208132119,T,KO,I,82,70.455
2025-12-10,9:55:30.119034470,T,KO,,100,70.46
2025-12-10,9:55:30.119037511,T,KO,I,14,70.46
2025-12-10,9:55:30.122787490,T,KO,I,54,70.46
2025-12-10,9:55:33.047264695,T,KO,F I,13,70.45
2025-12-10,9:55:33.047264695,T,KO,F I,1,70.45
2025-12-10,9:55:33.047267550,T,KO,F I,10,70.45
2025-12-10,9:55:33.047270682,T,KO,F,397,70.45
2025-12-10,9:55:33.047270682,T,KO,F,200,70.45
2025-12-10,9:55:34.800635493,T,KO,F I,64,70.44
2025-12-10,9:55:34.800665643,T,KO,,144,70.44
2025-12-10,9:55:34.800683670,T,KO,I,1,70.44
2025-12-10,9:55:34.800698738,T,KO,I,73,70.44
2025-12-10,9:55:34.800728756,T,KO,F I,29,70.44
2025-12-10,9:55:34.800746816,T,KO,,189,70.44
2025-12-10,9:55:36.644871603,T,KO,F I,25,70.44
2025-12-10,9:55:36.644873883,T,KO,F I,54,70.44
2025-12-10,9:55:36.644876914,T,KO,F I,59,70.44
2025-12-10,9:55:36.644879896,T,KO,F I,3,70.44
2025-12-10,9:55:43.561773666,T,KO,I,5,70.445
2025-12-10,9:55:47.283596727,T,KO,I,3,70.445
2025-12-10,9:55:48.261543929,T,KO,,100,70.445
2025-12-10,9:55:50.104708668,T,KO,I,20,70.44
2025-12-10,9:55:50.104751832,T,KO,I,40,70.44
2025-12-10,9:55:50.104751832,T,KO,,100,70.44
2025-12-10,9:55:50.104753819,T,KO,I,10,70.44
2025-12-10,9:55:51.003194529,T,KO,,100,70.435
2025-12-10,9:55:51.013145272,T,KO,,100,70.435
2025-12-10,9:55:51.118113685,T,KO,F,100,70.44
2025-12-10,9:55:51.118116324,T,KO,F I,1,70.44
2025-12-10,9:55:51.118119267,T,KO,F I,3,70.44
2025-12-10,9:55:51.436926587,T,KO,,100,70.445
2025-12-10,9:55:51.525156741,T,KO,,100,70.445
2025-12-10,9:55:52.211604644,T,KO,I,60,70.445
2025-12-10,9:55:53.086815104,T,KO,I,20,70.445
2025-12-10,9:55:55.079559416,T,KO,F I,1,70.45
2025-12-10,9:55:55.079562230,T,KO,F I,11,70.45
2025-12-10,9:55:55.201111793,T,KO,I,10,70.455
2025-12-10,9:55:56.942225391,T,KO,I,10,70.455
2025-12-10,9:56:01.459340653,T,KO,F I,28,70.46
2025-12-10,9:56:01.459385686,T,KO,F I,26,70.46
2025-12-10,9:56:01.459406696,T,KO,F I,46,70.46
2025-12-10,9:56:01.459406696,T,KO,F I,10,70.46
2025-12-10,9:56:01.459698437,T,KO,I,82,70.46
2025-12-10,9:56:01.471823323,T,KO,I,3,70.465
2025-12-10,9:56:02.781839674,T,KO,F I,1,70.46
2025-12-10,9:56:02.781842314,T,KO,F,100,70.46
2025-12-10,9:56:02.781845393,T,KO,F I,21,70.46
2025-12-10,9:56:10.126522946,T,KO,F I,3,70.44
2025-12-10,9:56:10.126529290,T,KO,F I,10,70.44
2025-12-10,9:56:10.126529290,T,KO,F I,79,70.44
2025-12-10,9:56:16.959342418,T,KO,I,5,70.44
2025-12-10,9:56:19.266379992,T,KO,,100,70.435
2025-12-10,9:56:21.681801747,T,KO,I,62,70.435
2025-12-10,9:56:22.938362360,T,KO,I,10,70.435
2025-12-10,9:56:25.853914329,T,KO,,100,70.435
2025-12-10,9:56:25.854200001,T,KO,,200,70.435
2025-12-10,9:56:27.148452998,T,KO,F,100,70.43
2025-12-10,9:56:27.148456072,T,KO,F I,9,70.43
2025-12-10,9:56:27.148458768,T,KO,F I,59,70.43
2025-12-10,9:56:28.433424758,T,KO,I,1,70.43
2025-12-10,9:56:35.146481098,T,KO,I,2,70.43
2025-12-10,9:56:35.357132712,T,KO,I,49,70.43
2025-12-10,9:56:35.357136264,T,KO,I,13,70.43
2025-12-10,9:56:35.357138713,T,KO,I,2,70.43
2025-12-10,9:56:35.357141754,T,KO,I,36,70.43
2025-12-10,9:56:35.407382438,T,KO,I,3,70.435
2025-12-10,9:56:35.509523748,T,KO,F I,52,70.43
2025-12-10,9:56:35.509523748,T,KO,F I,52,70.43
2025-12-10,9:56:37.280709004,T,KO,,100,70.425
2025-12-10,9:56:40.866632512,T,KO,I,20,70.425
2025-12-10,9:56:40.925939761,T,KO,I,10,70.425
2025-12-10,9:56:41.134408311,T,KO,F I,10,70.42
2025-12-10,9:56:41.134408311,T,KO,F I,80,70.42
2025-12-10,9:56:41.134411224,T,KO,F I,86,70.42
2025-12-10,9:56:41.504523770,T,KO,I,10,70.415
2025-12-10,9:56:45.146488699,T,KO,,100,70.41
2025-12-10,9:56:45.146506743,T,KO,I,9,70.41
2025-12-10,9:56:45.146506743,T,KO,I,1,70.41
2025-12-10,9:56:45.146819575,T,KO,I,10,70.41
2025-12-10,9:56:45.146819575,T,KO,,121,70.41
2025-12-10,9:56:46.368948203,T,KO,I,52,70.41
2025-12-10,9:56:46.368951225,T,KO,I,47,70.41
2025-12-10,9:56:46.368954492,T,KO,I,2,70.41
2025-12-10,9:56:46.368954492,T,KO,I,50,70.41
2025-12-10,9:56:46.368957184,T,KO,,100,70.41
2025-12-10,9:56:47.575081802,T,KO,,100,70.415
2025-12-10,9:56:48.595757745,T,KO,,100,70.415
2025-12-10,9:56:48.952831262,T,KO,F I,50,70.41
2025-12-10,9:56:48.952834161,T,KO,F I,25,70.41
2025-12-10,9:56:50.380502487,T,KO,F I,1,70.42
2025-12-10,9:56:50.380502487,T,KO,F I,1,70.42
2025-12-10,9:56:50.380505393,T,KO,F I,50,70.42
2025-12-10,9:56:55.151473510,T,KO,F,100,70.43
2025-12-10,9:57:01.028330926,T,KO,F I,11,70.43
2025-12-10,9:57:08.747418023,T,KO,I,2,70.425
2025-12-10,9:57:15.431416086,T,KO,I,10,70.425
2025-12-10,9:57:15.584631013,T,KO,I,10,70.425
2025-12-10,9:57:16.786428319,T,KO,I,10,70.425
2025-12-10,9:57:17.119348185,T,KO,I,3,70.425
2025-12-10,9:57:29.851224268,T,KO,,100,70.42
2025-12-10,9:57:30.034250064,T,KO,F I,54,70.42
2025-12-10,9:57:30.034252163,T,KO,F,100,70.42
2025-12-10,9:57:30.034255136,T,KO,F I,2,70.42
2025-12-10,9:57:30.763774605,T,KO,I,1,70.43
2025-12-10,9:57:30.763774605,T,KO,,100,70.43
2025-12-10,9:57:30.763777719,T,KO,I,90,70.43
2025-12-10,9:57:32.645725802,T,KO,F,100,70.44
2025-12-10,9:57:36.752820529,T,KO,I,70,70.465
2025-12-10,9:57:37.390841121,T,KO,,100,70.475
2025-12-10,9:57:37.396422428,T,KO,I,1,70.475
2025-12-10,9:57:37.396422428,T,KO,I,60,70.475
2025-12-10,9:57:37.560869130,T,KO,F I,54,70.47
2025-12-10,9:57:37.809928264,T,KO,I,10,70.465
2025-12-10,9:57:38.237775296,T,KO,I,20,70.46
2025-12-10,9:57:43.511531547,T,KO,,100,70.465
2025-12-10,9:57:43.511531547,T,KO,,100,70.47
2025-12-10,9:57:43.511534495,T,KO,I,90,70.47
2025-12-10,9:57:43.511552924,T,KO,I,97,70.47
2025-12-10,9:57:43.511552924,T,KO,I,3,70.47
2025-12-10,9:57:57.268699437,T,KO,I,10,70.475
2025-12-10,9:58:04.103885742,T,KO,F I,10,70.47
2025-12-10,9:58:04.103888511,T,KO,F,100,70.47
2025-12-10,9:58:04.103891614,T,KO,F I,1,70.47
2025-12-10,9:58:05.728577054,T,KO,I,10,70.475
2025-12-10,9:58:07.624084458,T,KO,,100,70.475
2025-12-10,9:58:13.977911128,T,KO,I,10,70.47
2025-12-10,9:58:17.177432309,T,KO,,150,70.47
2025-12-10,9:58:17.178454858,T,KO,,150,70.47
2025-12-10,9:58:20.273031952,T,KO,I,8,70.47
2025-12-10,9:58:21.930065497,T,KO,F I,7,70.46
2025-12-10,9:58:21.930068495,T,KO,F,260,70.46
2025-12-10,9:58:21.930071442,T,KO,F I,2,70.46
2025-12-10,9:58:26.733513652,T,KO,,100,70.455
2025-12-10,9:58:41.891174022,T,KO,I,3,70.455
2025-12-10,9:58:42.690366392,T,KO,I,10,70.455
2025-12-10,9:58:45.751910003,T,KO,I,14,70.455
2025-12-10,9:58:51.022054680,T,KO,I,81,70.455
2025-12-10,9:59:03.088256197,T,KO,F I,11,70.46
2025-12-10,9:59:03.088260121,T,KO,F I,2,70.46
2025-12-10,9:59:03.088260121,T,KO,F I,22,70.46
2025-12-10,9:59:03.088262297,T,KO,F I,35,70.46
2025-12-10,9:59:03.089323844,T,KO,I,42,70.465
2025-12-10,9:59:03.095512484,T,KO,F I,19,70.47
2025-12-10,9:59:03.116114757,T,KO,I,41,70.48
2025-12-10,9:59:03.116114757,T,KO,I,25,70.48
2025-12-10,9:59:03.116292024,T,KO,I,29,70.48
2025-12-10,9:59:03.116295043,T,KO,I,71,70.48
2025-12-10,9:59:03.116325087,T,KO,F I,29,70.48
2025-12-10,9:59:03.116328079,T,KO,F,100,70.48
2025-12-10,9:59:03.116334225,T,KO,,100,70.48
2025-12-10,9:59:03.116334225,T,KO,I,29,70.48
2025-12-10,9:59:03.116340150,T,KO,,150,70.48
2025-12-10,9:59:03.116607742,T,KO,,100,70.48
2025-12-10,9:59:03.116637891,T,KO,I,29,70.48
2025-12-10,9:59:03.116637891,T,KO,I,71,70.48
2025-12-10,9:59:03.116668048,T,KO,F I,29,70.48
2025-12-10,9:59:03.116668048,T,KO,F I,25,70.48
2025-12-10,9:59:03.116685981,T,KO,I,29,70.48
2025-12-10,9:59:03.116689234,T,KO,,152,70.48
2025-12-10,9:59:04.221935299,T,KO,F I,1,70.48
2025-12-10,9:59:04.221977382,T,KO,I,11,70.48
2025-12-10,9:59:04.221980336,T,KO,I,10,70.48
2025-12-10,9:59:05.213880803,T,KO,F,120,70.47
2025-12-10,9:59:06.705637603,T,KO,I,42,70.47
2025-12-10,9:59:15.141527132,T,KO,,100,70.495
2025-12-10,9:59:18.202334480,T,KO,I,25,70.5
2025-12-10,9:59:18.202334480,T,KO,I,11,70.5
2025-12-10,9:59:18.202336918,T,KO,I,1,70.5
2025-12-10,9:59:18.203398452,T,KO,I,10,70.505
2025-12-10,9:59:19.194480846,T,KO,,100,70.505
2025-12-10,9:59:22.227832254,T,KO,I,10,70.5
2025-12-10,9:59:22.398169918,T,KO,,100,70.495
2025-12-10,9:59:23.067879975,T,KO,,100,70.505
2025-12-10,9:59:27.331169764,T,KO,I,60,70.495
2025-12-10,9:59:33.967212502,T,KO,,100,70.5
2025-12-10,9:59:43.931059002,T,KO,,123,70.49
2025-12-10,9:59:43.931074000,T,KO,I,9,70.49
2025-12-10,9:59:43.931074000,T,KO,I,1,70.49
2025-12-10,9:59:43.931105313,T,KO,I,7,70.49
2025-12-10,9:59:43.931110912,T,KO,,100,70.49
2025-12-10,9:59:43.931110912,T,KO,I,11,70.49
2025-12-10,9:59:43.931110912,T,KO,,100,70.49
2025-12-10,9:59:44.645133689,T,KO,F I,1,70.48
2025-12-10,9:59:44.645136801,T,KO,F I,13,70.48
2025-12-10,9:59:44.645139852,T,KO,F I,43,70.48
2025-12-10,9:59:44.645142730,T,KO,F I,50,70.48
2025-12-10,9:59:44.645602901,T,KO,F I,35,70.48
2025-12-10,9:59:45.647246341,T,KO,,100,70.485
2025-12-10,9:59:46.153475867,T,KO,F I,25,70.48
2025-12-10,9:59:46.153475867,T,KO,F,200,70.48
2025-12-10,9:59:51.583739045,T,KO,I,10,70.475
2025-12-10,9:59:54.802686570,T,KO,,100,70.475
2025-12-10,9:59:55.204539676,T,KO,I,10,70.47
2025-12-10,9:59:57.283159213,T,KO,I,8,70.47
2025-12-10,9:59:57.283162323,T,KO,I,3,70.47
2025-12-10,9:59:57.283165441,T,KO,,100,70.47
2025-12-10,9:59:57.283165441,T,KO,I,1,70.47
2025-12-10,9:59:57.283168137,T,KO,,100,70.47
2025-12-10,9:59:59.077647040,T,KO,,100,70.475
2025-12-10,9:59:59.077647040,T,KO,,100,70.475
2025-12-10,9:59:59.085069144,T,KO,F,100,70.485
2025-12-10,9:59:59.085071887,T,KO,F,150,70.485
2025-12-10,9:59:59.085071887,T,KO,F,200,70.49
2025-12-10,9:59:59.085074659,T,KO,F,300,70.49
2025-12-10,9:59:59.085116786,T,KO,,100,70.49
2025-12-10,9:59:59.089663724,T,KO,F,100,70.49
2025-12-10,9:59:59.089666645,T,KO,F I,55,70.49
2025-12-10,9:59:59.089669650,T,KO,F,200,70.49
2025-12-10,9:59:59.090493652,T,KO,I,44,70.49
2025-12-10,9:59:59.090496661,T,KO,I,26,70.49
2025-12-10,9:59:59.090496661,T,KO,I,30,70.49
2025-12-10,9:59:59.095584701,T,KO,F I,26,70.49
2025-12-10,9:59:59.095584701,T,KO,F I,44,70.49
2025-12-10,9:59:59.097200188,T,KO,F I,44,70.49
2025-12-10,9:59:59.097203530,T,KO,F,100,70.49
2025-12-10,9:59:59.097203530,T,KO,F I,56,70.49
2025-12-10,9:59:59.098868567,T,KO,F I,22,70.49
2025-12-10,9:59:59.098868567,T,KO,F I,44,70.49
2025-12-10,9:59:59.101786068,T,KO,F,100,70.495
2025-12-10,9:59:59.101786068,T,KO,F,200,70.5
2025-12-10,9:59:59.102143344,T,KO,,100,70.5
2025-12-10,9:59:59.105096438,T,KO,F I,28,70.5
2025-12-10,9:59:59.105100146,T,KO,F I,10,70.5
2025-12-10,9:59:59.105100146,T,KO,F I,29,70.5
2025-12-10,9:59:59.105105427,T,KO,F I,50,70.5
2025-12-10,9:59:59.105105427,T,KO,F I,19,70.5
2025-12-10,9:59:59.109543941,T,KO,I,44,70.5
2025-12-10,9:59:59.109546963,T,KO,I,26,70.5
2025-12-10,9:59:59.115472065,T,KO,F I,26,70.5
2025-12-10,9:59:59.115472065,T,KO,F I,44,70.5
2025-12-10,9:59:59.115507231,T,KO,I,44,70.5
2025-12-10,9:59:59.115510237,T,KO,,100,70.5
2025-12-10,9:59:59.115513226,T,KO,I,6,70.5
2025-12-10,9:59:59.120412375,T,KO,F I,44,70.49
2025-12-10,9:59:59.120414904,T,KO,F,154,70.49
2025-12-10,9:59:59.120434016,T,KO,I,1,70.49
2025-12-10,9:59:59.120434016,T,KO,I,9,70.49
2025-12-10,9:59:59.120859936,T,KO,I,2,70.49
2025-12-10,9:59:59.122225293,T,KO,F,100,70.49
2025-12-10,9:59:59.122225293,T,KO,F I,16,70.49
2025-12-10,9:59:59.122228212,T,KO,F I,55,70.49
2025-12-10,9:59:59.128974016,T,KO,F I,26,70.49
2025-12-10,9:59:59.128974016,T,KO,F I,44,70.49
2025-12-10,9:59:59.128977186,T,KO,F,100,70.49
2025-12-10,9:59:59.128979301,T,KO,F,200,70.49
2025-12-10,9:59:59.128982280,T,KO,F,100,70.49
2025-12-10,9:59:59.128982280,T,KO,F I,60,70.49
2025-12-10,9:59:59.128982280,T,KO,F I,40,70.49
2025-12-10,10:00:00.070422548,T,KO,F I,3,70.48
2025-12-10,10:00:00.205561319,T,KO,F,100,70.475
2025-12-10,10:00:00.205561319,T,KO,F I,56,70.48
2025-12-10,10:00:00.205564723,T,KO,F,100,70.48
2025-12-10,10:00:00.205564723,T,KO,F I,1,70.48
2025-12-10,10:00:00.205654586,T,KO,F I,1,70.48
2025-12-10,10:00:00.206003450,T,KO,F I,19,70.48
2025-12-10,10:00:00.206003450,T,KO,F,100,70.48
2025-12-10,10:00:00.206562754,T,KO,I,45,70.48
2025-12-10,10:00:00.206562754,T,KO,I,7,70.48
2025-12-10,10:00:00.206676957,T,KO,F I,37,70.48
2025-12-10,10:00:01.338912608,T,KO,I,1,70.485
2025-12-10,10:00:03.568221120,T,KO,F I,8,70.49
2025-12-10,10:00:03.568221120,T,KO,F I,2,70.49
2025-12-10,10:00:04.877455759,T,KO,F I,7,70.49
2025-12-10,10:00:04.877458305,T,KO,F I,11,70.49
2025-12-10,10:00:04.877458305,T,KO,F I,1,70.49
2025-12-10,10:00:04.877918491,T,KO,F,100,70.49
2025-12-10,10:00:04.877921529,T,KO,F I,56,70.49
2025-12-10,10:00:04.877925145,T,KO,F I,44,70.49
2025-12-10,10:00:04.877925145,T,KO,F I,8,70.49
2025-12-10,10:00:04.877927668,T,KO,F,166,70.49
2025-12-10,10:00:04.877927668,T,KO,F I,76,70.49
2025-12-10,10:00:04.877930357,T,KO,F I,6,70.49
2025-12-10,10:00:04.877940273,T,KO,I,1,70.49
2025-12-10,10:00:04.877975490,T,KO,F I,17,70.49
2025-12-10,10:00:04.878661098,T,KO,,100,70.5
2025-12-10,10:00:04.878688760,T,KO,,100,70.5
2025-12-10,10:00:04.878904743,T,KO,F I,63,70.5
2025-12-10,10:00:04.878925794,T,KO,F I,37,70.5
2025-12-10,10:00:04.976162354,T,KO,F I,44,70.5
2025-12-10,10:00:05.434071921,T,KO,F I,46,70.48
2025-12-10,10:00:05.434071921,T,KO,F I,86,70.48
2025-12-10,10:00:05.434096468,T,KO,I,9,70.48
2025-12-10,10:00:05.434099028,T,KO,I,1,70.48
2025-12-10,10:00:06.219353207,T,KO,F,200,70.47
2025-12-10,10:00:06.219353207,T,KO,F,159,70.47
2025-12-10,10:00:06.219368249,T,KO,F I,36,70.47
2025-12-10,10:00:06.219401502,T,KO,I,45,70.47
2025-12-10,10:00:06.219405119,T,KO,,100,70.47
2025-12-10,10:00:06.219408057,T,KO,I,26,70.47
2025-12-10,10:00:06.219408057,T,KO,,100,70.47
2025-12-10,10:00:06.219957699,T,KO,I,26,70.47
2025-12-10,10:00:06.219957699,T,KO,I,9,70.47
2025-12-10,10:00:06.221228116,T,KO,F I,36,70.47
2025-12-10,10:00:06.221228116,T,KO,F,100,70.47
2025-12-10,10:00:06.221232684,T,KO,F,100,70.47
2025-12-10,10:00:06.221232684,T,KO,F,100,70.47
2025-12-10,10:00:07.329705733,T,KO,F I,88,70.46
2025-12-10,10:00:07.329727085,T,KO,F I,32,70.46
2025-12-10,10:00:07.329727085,T,KO,F I,1,70.46
2025-12-10,10:00:07.329730847,T,KO,F I,13,70.46
2025-12-10,10:00:07.329730847,T,KO,,120,70.46
2025-12-10,10:00:07.329732786,T,KO,I,52,70.46
2025-12-10,10:00:07.330217018,T,KO,F,100,70.46
2025-12-10,10:00:07.895479224,T,KO,I,17,70.455
2025-12-10,10:00:08.030500771,T,KO,I,20,70.455
2025-12-10,10:00:11.892914790,T,KO,I,63,70.455
2025-12-10,10:00:11.894000380,T,KO,F I,25,70.46
2025-12-10,10:00:11.894003420,T,KO,F,100,70.46
2025-12-10,10:00:11.894003420,T,KO,F,100,70.46
2025-12-10,10:00:11.894009503,T,KO,F,100,70.46
2025-12-10,10:00:11.894012470,T,KO,F I,7,70.46
2025-12-10,10:00:11.894415408,T,KO,,200,70.47
2025-12-10,10:00:11.895789640,T,KO,I,2,70.47
2025-12-10,10:00:11.895807715,T,KO,F I,45,70.47
2025-12-10,10:00:11.895837725,T,KO,F I,1,70.47
2025-12-10,10:00:11.895840765,T,KO,F I,99,70.47
2025-12-10,10:00:11.895858787,T,KO,I,1,70.47
2025-12-10,10:00:11.895870905,T,KO,I,31,70.47
2025-12-10,10:00:11.895924940,T,KO,I,69,70.47
2025-12-10,10:00:12.374343994,T,KO,F I,48,70.47
2025-12-10,10:00:12.937804439,T,KO,I,10,70.475
2025-12-10,10:00:12.938995242,T,KO,I,83,70.475
2025-12-10,10:00:13.627118140,T,KO,I,10,70.475
2025-12-10,10:00:14.621400349,T,KO,F I,18,70.48
2025-12-10,10:00:14.621403318,T,KO,F,100,70.48
2025-12-10,10:00:14.621682974,T,KO,I,15,70.485
2025-12-10,10:00:15.174667201,T,KO,,100,70.48
2025-12-10,10:00:15.174669948,T,KO,,100,70.48
2025-12-10,10:00:15.174669948,T,KO,I,25,70.48
2025-12-10,10:00:15.174672956,T,KO,I,75,70.48
2025-12-10,10:00:15.174682002,T,KO,I,1,70.48
2025-12-10,10:00:26.425013479,T,KO,,100,70.495
2025-12-10,10:00:30.802948288,T,KO,F I,38,70.49
2025-12-10,10:00:30.802951287,T,KO,F I,13,70.49
2025-12-10,10:00:30.802951287,T,KO,F I,10,70.49
2025-12-10,10:00:30.812859832,T,KO,I,29,70.485
2025-12-10,10:00:31.176633350,T,KO,I,24,70.48
2025-12-10,10:00:31.178407418,T,KO,F I,39,70.47
2025-12-10,10:00:31.178407418,T,KO,F I,25,70.47
2025-12-10,10:00:31.179075090,T,KO,I,52,70.47
2025-12-10,10:00:31.877575667,T,KO,I,10,70.465
2025-12-10,10:00:33.403069890,T,KO,F,100,70.47
2025-12-10,10:00:33.403073267,T,KO,F I,10,70.47
2025-12-10,10:00:33.403075869,T,KO,F I,1,70.47
2025-12-10,10:00:33.403075869,T,KO,F I,50,70.47
2025-12-10,10:00:35.763956712,T,KO,,100,70.47
2025-12-10,10:00:37.521068602,T,KO,I,10,70.47
2025-12-10,10:00:37.521077747,T,KO,F I,10,70.47
2025-12-10,10:00:37.521083641,T,KO,F I,10,70.47
2025-12-10,10:00:48.448307385,T,KO,F I,19,70.47
2025-12-10,10:00:51.468000206,T,KO,,100,70.465
2025-12-10,10:00:55.356588472,T,KO,I,10,70.465
2025-12-10,10:01:04.882396567,T,KO,I,10,70.465
2025-12-10,10:01:06.316310949,T,KO,F I,60,70.46
2025-12-10,10:01:06.316310949,T,KO,F I,10,70.46
2025-12-10,10:01:06.316313761,T,KO,F,100,70.46
2025-12-10,10:01:06.316313761,T,KO,F I,1,70.46
2025-12-10,10:01:08.567721809,T,KO,F,193,70.46
2025-12-10,10:01:08.567736860,T,KO,I,1,70.46
2025-12-10,10:01:08.567748903,T,KO,F,146,70.46
2025-12-10,10:01:12.251567558,T,KO,I,10,70.465
2025-12-10,10:01:27.978053925,T,KO,I,11,70.47
2025-12-10,10:01:30.232938099,T,KO,,100,70.475
2025-12-10,10:01:30.250869870,T,KO,,150,70.475
2025-12-10,10:01:32.395183869,T,KO,F I,10,70.48
2025-12-10,10:01:32.395187265,T,KO,F I,10,70.48
2025-12-10,10:01:32.395189937,T,KO,F,100,70.48
2025-12-10,10:01:34.969819762,T,KO,F I,12,70.49
2025-12-10,10:01:36.047207766,T,KO,F I,28,70.49
2025-12-10,10:01:36.047213724,T,KO,F I,65,70.49
2025-12-10,10:01:36.047219737,T,KO,F,246,70.49
2025-12-10,10:01:36.047225774,T,KO,F I,10,70.49
2025-12-10,10:01:36.047225774,T,KO,F,140,70.49
2025-12-10,10:01:36.069232235,T,KO,I,50,70.485
2025-12-10,10:01:36.272444177,T,KO,F,100,70.485
2025-12-10,10:01:36.272450373,T,KO,F,100,70.49
2025-12-10,10:01:36.272450373,T,KO,F I,25,70.49
2025-12-10,10:01:36.272453351,T,KO,F I,28,70.49
2025-12-10,10:01:36.272456736,T,KO,F,200,70.49
2025-12-10,10:01:36.272456736,T,KO,F I,10,70.49
2025-12-10,10:01:36.272460254,T,KO,F I,16,70.49
2025-12-10,10:01:36.272460254,T,KO,F I,25,70.49
2025-12-10,10:01:36.272526015,T,KO,F I,10,70.49
2025-12-10,10:01:36.272537395,T,KO,F I,12,70.49
2025-12-10,10:01:36.739928875,T,KO,F,100,70.5
2025-12-10,10:01:36.739928875,T,KO,F I,7,70.5
2025-12-10,10:01:36.740139052,T,KO,F I,7,70.5
2025-12-10,10:01:36.740160094,T,KO,F I,7,70.5
2025-12-10,10:01:39.207308133,T,KO,F I,76,70.51
2025-12-10,10:01:39.207326181,T,KO,F,124,70.51
2025-12-10,10:01:39.207326181,T,KO,F I,7,70.51
2025-12-10,10:01:39.207393507,T,KO,F I,7,70.51
2025-12-10,10:01:44.524454954,T,KO,F I,7,70.52
2025-12-10,10:01:44.524457774,T,KO,F,100,70.52
2025-12-10,10:01:44.524461168,T,KO,F I,10,70.52
2025-12-10,10:01:44.524551026,T,KO,I,86,70.52
2025-12-10,10:01:45.282951311,T,KO,,100,70.525
2025-12-10,10:01:49.679581772,T,KO,F I,28,70.53
2025-12-10,10:01:49.679581772,T,KO,F I,1,70.53
2025-12-10,10:01:49.818762978,T,KO,F I,34,70.53
2025-12-10,10:01:49.818765276,T,KO,F I,5,70.53
2025-12-10,10:01:49.818768305,T,KO,F I,64,70.53
2025-12-10,10:01:49.818768305,T,KO,F I,61,70.53
2025-12-10,10:01:49.840907263,T,KO,I,10,70.52
2025-12-10,10:01:49.840907263,T,KO,I,10,70.52
2025-12-10,10:01:50.845789166,T,KO,F I,54,70.51
2025-12-10,10:01:50.845792535,T,KO,F,100,70.51
2025-12-10,10:01:50.845795421,T,KO,F,100,70.51
2025-12-10,10:01:50.845795421,T,KO,F I,60,70.51
2025-12-10,10:01:50.845798169,T,KO,F,160,70.51
2025-12-10,10:01:57.905309636,T,KO,F I,60,70.5
2025-12-10,10:01:57.905309636,T,KO,F,100,70.5
2025-12-10,10:01:57.905312471,T,KO,F I,15,70.5
2025-12-10,10:01:58.670893880,T,KO,F I,40,70.49
2025-12-10,10:01:58.670896834,T,KO,F I,10,70.49
2025-12-10,10:02:02.177142539,T,KO,F I,1,70.48
2025-12-10,10:02:03.144281879,T,KO,F I,6,70.47
2025-12-10,10:02:04.875462938,T,KO,,100,70.465
2025-12-10,10:02:10.037208674,T,KO,,100,70.465
2025-12-10,10:02:10.283504023,T,KO,,100,70.465
2025-12-10,10:02:10.283507451,T,KO,I,63,70.47
2025-12-10,10:02:10.283513302,T,KO,I,10,70.47
2025-12-10,10:02:10.283513302,T,KO,I,50,70.47
2025-12-10,10:02:10.283517383,T,KO,,100,70.47
2025-12-10,10:02:10.283517383,T,KO,,100,70.47
2025-12-10,10:02:10.283529185,T,KO,,128,70.47
2025-12-10,10:02:10.283603319,T,KO,,100,70.47
2025-12-10,10:02:10.284595898,T,KO,F I,57,70.47
2025-12-10,10:02:10.284595898,T,KO,F I,41,70.47
2025-12-10,10:02:10.284613781,T,KO,I,1,70.47
2025-12-10,10:02:11.377110548,T,KO,I,90,70.46
2025-12-10,10:02:15.132213411,T,KO,F I,57,70.47
2025-12-10,10:02:15.132216070,T,KO,F I,11,70.47
2025-12-10,10:02:15.177841179,T,KO,F,100,70.47
2025-12-10,10:02:15.177841179,T,KO,F I,56,70.47
2025-12-10,10:02:15.177843737,T,KO,F I,25,70.47
2025-12-10,10:02:15.788661482,T,KO,I,56,70.47
2025-12-10,10:02:18.965683223,T,KO,F,100,70.465
2025-12-10,10:02:18.965686156,T,KO,F,120,70.46
2025-12-10,10:02:18.965701732,T,KO,I,1,70.46
2025-12-10,10:02:18.966092126,T,KO,I,10,70.46
2025-12-10,10:02:18.966095128,T,KO,,100,70.46
2025-12-10,10:02:20.281794681,T,KO,F I,60,70.45
2025-12-10,10:02:20.731819440,T,KO,F I,5,70.44
2025-12-10,10:02:20.731819440,T,KO,F,100,70.44
2025-12-10,10:02:24.740916921,T,KO,I,1,70.43
2025-12-10,10:02:24.741328773,T,KO,F,100,70.43
2025-12-10,10:02:24.741328773,T,KO,F I,54,70.43
2025-12-10,10:02:24.741334838,T,KO,F I,30,70.43
2025-12-10,10:02:24.741334838,T,KO,F I,50,70.43
2025-12-10,10:02:25.361540919,T,KO,I,10,70.44
2025-12-10,10:02:25.361547897,T,KO,,100,70.44
2025-12-10,10:02:25.361549913,T,KO,,200,70.44
2025-12-10,10:02:25.361552953,T,KO,,100,70.44
2025-12-10,10:02:31.190470889,T,KO,,100,70.45
2025-12-10,10:02:31.190473428,T,KO,I,10,70.45
2025-12-10,10:02:42.490417423,T,KO,F I,54,70.45
2025-12-10,10:02:42.490417423,T,KO,F I,1,70.45
2025-12-10,10:02:42.490420285,T,KO,F,148,70.45
2025-12-10,10:02:42.490423302,T,KO,F I,11,70.45
2025-12-10,10:02:42.490423302,T,KO,F I,10,70.45
2025-12-10,10:02:43.204101369,T,KO,F,100,70.44
2025-12-10,10:02:43.204104043,T,KO,F,200,70.44
2025-12-10,10:02:44.206968508,T,KO,F I,60,70.43
2025-12-10,10:02:44.206968508,T,KO,F,100,70.43
2025-12-10,10:02:46.046686987,T,KO,I,10,70.425
2025-12-10,10:02:46.101086618,T,KO,F I,50,70.43
2025-12-10,10:02:46.102000810,T,KO,I,10,70.44
2025-12-10,10:02:46.123288474,T,KO,F I,61,70.44
2025-12-10,10:02:49.658538260,T,KO,F I,61,70.44
2025-12-10,10:03:01.681105923,T,KO,F,100,70.45
2025-12-10,10:03:02.895136752,T,KO,F,100,70.46
2025-12-10,10:03:02.895136752,T,KO,F I,18,70.46
2025-12-10,10:03:02.895139522,T,KO,F I,49,70.46
2025-12-10,10:03:02.895142370,T,KO,F I,30,70.46
2025-12-10,10:03:05.084545846,T,KO,,150,70.465
2025-12-10,10:03:06.105522442,T,KO,F,100,70.465
2025-12-10,10:03:06.105528409,T,KO,F I,10,70.46
2025-12-10,10:03:06.105528409,T,KO,F I,1,70.46
2025-12-10,10:03:06.105531750,T,KO,F,160,70.46
2025-12-10,10:03:06.105531750,T,KO,F,100,70.46
2025-12-10,10:03:06.105534835,T,KO,F I,4,70.46
2025-12-10,10:03:06.105537424,T,KO,I,1,70.46
2025-12-10,10:03:06.105564515,T,KO,I,95,70.46
2025-12-10,10:03:06.106250208,T,KO,F,100,70.46
2025-12-10,10:03:06.110680365,T,KO,I,4,70.46
2025-12-10,10:03:06.110680365,T,KO,I,60,70.46
2025-12-10,10:03:07.840597809,T,KO,F I,60,70.46
2025-12-10,10:03:07.840796268,T,KO,,100,70.46
2025-12-10,10:03:07.840799649,T,KO,I,37,70.46
2025-12-10,10:03:07.840817326,T,KO,I,1,70.46
2025-12-10,10:03:07.841019082,T,KO,I,22,70.46
2025-12-10,10:03:07.841019082,T,KO,I,78,70.46
2025-12-10,10:03:10.923639498,T,KO,F,100,70.46
2025-12-10,10:03:10.923639498,T,KO,F I,62,70.46
2025-12-10,10:03:10.923642519,T,KO,F,100,70.46
2025-12-10,10:03:13.049871538,T,KO,F I,53,70.46
2025-12-10,10:03:13.049892572,T,KO,I,7,70.46
2025-12-10,10:03:14.854460475,T,KO,F,172,70.45
2025-12-10,10:03:14.854478577,T,KO,I,1,70.45
2025-12-10,10:03:14.854482234,T,KO,F I,27,70.45
2025-12-10,10:03:14.854484875,T,KO,F I,12,70.45
2025-12-10,10:03:20.419878322,T,KO,I,10,70.455
2025-12-10,10:03:25.754854440,T,KO,F I,7,70.45
2025-12-10,10:03:27.107845872,T,KO,,100,70.44
2025-12-10,10:03:27.350587384,T,KO,F,100,70.42
2025-12-10,10:03:27.350590066,T,KO,F,100,70.42
2025-12-10,10:03:27.350590066,T,KO,F,200,70.42
2025-12-10,10:03:27.350593007,T,KO,F I,3,70.42
2025-12-10,10:03:27.449006031,T,KO,F,100,70.415
2025-12-10,10:03:27.449006031,T,KO,F,100,70.42
2025-12-10,10:03:27.449008436,T,KO,F I,53,70.42
2025-12-10,10:03:27.449023471,T,KO,I,1,70.42
2025-12-10,10:03:27.449062577,T,KO,,146,70.42
2025-12-10,10:03:27.449183033,T,KO,I,50,70.42
2025-12-10,10:03:27.449552835,T,KO,,100,70.42
2025-12-10,10:03:27.449556417,T,KO,,100,70.42
2025-12-10,10:03:27.449556417,T,KO,I,61,70.42
2025-12-10,10:03:27.449558715,T,KO,I,39,70.42
2025-12-10,10:03:27.449585820,T,KO,F I,61,70.42
2025-12-10,10:03:27.449588758,T,KO,F,101,70.42
2025-12-10,10:03:31.281889060,T,KO,F I,30,70.4
2025-12-10,10:03:31.281892042,T,KO,F,100,70.4
2025-12-10,10:03:31.282153650,T,KO,,100,70.4
2025-12-10,10:03:31.282156718,T,KO,I,61,70.4
2025-12-10,10:03:31.282159907,T,KO,I,31,70.4
2025-12-10,10:03:31.282174771,T,KO,I,1,70.4
2025-12-10,10:03:31.282193133,T,KO,F I,68,70.4
2025-12-10,10:03:31.282199774,T,KO,F,100,70.4
2025-12-10,10:03:31.282199774,T,KO,F I,25,70.4
2025-12-10,10:03:31.282201945,T,KO,F I,38,70.4
2025-12-10,10:03:31.282204810,T,KO,F,192,70.4
2025-12-10,10:03:31.282276963,T,KO,,100,70.4
2025-12-10,10:03:31.282295003,T,KO,,100,70.4
2025-12-10,10:03:31.282297976,T,KO,F,100,70.4
2025-12-10,10:03:31.282610809,T,KO,F,100,70.4
2025-12-10,10:03:31.282613771,T,KO,F,100,70.4
2025-12-10,10:03:31.406445696,T,KO,F,100,70.4
2025-12-10,10:03:32.669907861,T,KO,F,160,70.39
2025-12-10,10:03:32.687096920,T,KO,F I,1,70.38
2025-12-10,10:03:32.687100677,T,KO,F,100,70.38
2025-12-10,10:03:32.687100677,T,KO,F,100,70.38
2025-12-10,10:03:32.687102955,T,KO,F,100,70.38
2025-12-10,10:03:32.687102955,T,KO,F I,2,70.38
2025-12-10,10:03:32.687893622,T,KO,I,9,70.375
2025-12-10,10:03:32.688320633,T,KO,I,91,70.375
2025-12-10,10:03:35.274188313,T,KO,F,100,70.38
2025-12-10,10:03:35.274191273,T,KO,F,100,70.38
2025-12-10,10:03:35.274750661,T,KO,,100,70.39
2025-12-10,10:03:53.992028423,T,KO,I,10,70.39
2025-12-10,10:03:53.992256492,T,KO,I,93,70.39
2025-12-10,10:03:53.992274478,T,KO,I,1,70.39
2025-12-10,10:03:55.972740371,T,KO,,100,70.385
2025-12-10,10:03:59.463662177,T,KO,F I,10,70.38
2025-12-10,10:03:59.463662177,T,KO,F,200,70.37
2025-12-10,10:03:59.463667536,T,KO,F I,1,70.37
2025-12-10,10:03:59.464362158,T,KO,F I,50,70.375
2025-12-10,10:03:59.465432788,T,KO,I,79,70.375
2025-12-10,10:03:59.465706590,T,KO,I,55,70.38
2025-12-10,10:03:59.465709369,T,KO,I,5,70.38
2025-12-10,10:03:59.465865801,T,KO,I,21,70.375
2025-12-10,10:03:59.465865801,T,KO,I,79,70.375
2025-12-10,10:03:59.473864946,T,KO,F,100,70.38
2025-12-10,10:04:00.625956718,T,KO,F,100,70.39
2025-12-10,10:04:00.625959715,T,KO,F,100,70.39
2025-12-10,10:04:00.820883916,T,KO,,100,70.395
2025-12-10,10:04:08.593883708,T,KO,,100,70.395
2025-12-10,10:04:16.656130203,T,KO,F I,2,70.4
2025-12-10,10:04:16.656136456,T,KO,F I,2,70.4
2025-12-10,10:04:16.656139493,T,KO,F I,61,70.4
2025-12-10,10:04:16.656139493,T,KO,F I,34,70.4
2025-12-10,10:04:16.656151562,T,KO,F I,66,70.4
2025-12-10,10:04:22.665505244,T,KO,F I,55,70.41
2025-12-10,10:04:22.665510633,T,KO,F,100,70.41
2025-12-10,10:04:22.665510633,T,KO,F,100,70.41
2025-12-10,10:04:22.665514032,T,KO,F,100,70.41
2025-12-10,10:04:22.665514032,T,KO,F I,64,70.41
2025-12-10,10:04:22.665516477,T,KO,F I,96,70.41
2025-12-10,10:04:22.665516477,T,KO,F,400,70.41
2025-12-10,10:04:23.171486596,T,KO,F,100,70.41
2025-12-10,10:04:23.171495632,T,KO,F,100,70.41
2025-12-10,10:04:23.171495632,T,KO,F,206,70.41
2025-12-10,10:04:23.171507566,T,KO,I,80,70.41
2025-12-10,10:04:23.171510729,T,KO,I,1,70.41
2025-12-10,10:04:24.646015426,T,KO,,100,70.415
2025-12-10,10:04:24.646055152,T,KO,,100,70.415
2025-12-10,10:04:24.646058964,T,KO,,100,70.42
2025-12-10,10:04:24.646063915,T,KO,,100,70.42
2025-12-10,10:04:24.646063915,T,KO,,200,70.42
2025-12-10,10:04:24.646063915,T,KO,,200,70.42
2025-12-10,10:04:24.646325136,T,KO,,100,70.42
2025-12-10,10:04:24.646358471,T,KO,I,91,70.42
2025-12-10,10:04:24.646358471,T,KO,I,9,70.42
2025-12-10,10:04:24.646415349,T,KO,I,91,70.42
2025-12-10,10:04:24.646604887,T,KO,F,200,70.42
2025-12-10,10:04:24.646607872,T,KO,F I,9,70.42
2025-12-10,10:04:24.646607872,T,KO,F I,91,70.42
2025-12-10,10:04:24.646689045,T,KO,F I,13,70.42
2025-12-10,10:04:24.646689045,T,KO,F I,17,70.42
2025-12-10,10:04:24.646758219,T,KO,I,61,70.42
2025-12-10,10:04:24.646761168,T,KO,I,17,70.42
2025-12-10,10:04:24.647112964,T,KO,F,100,70.42
2025-12-10,10:04:24.647194215,T,KO,F I,83,70.42
2025-12-10,10:04:25.476653700,T,KO,F I,25,70.43
2025-12-10,10:04:25.476653700,T,KO,F,129,70.43
2025-12-10,10:04:30.991019899,T,KO,I,25,70.44
2025-12-10,10:04:30.991019899,T,KO,I,55,70.44
2025-12-10,10:04:33.485877980,T,KO,F,100,70.43
2025-12-10,10:04:37.683879203,T,KO,F,100,70.43
2025-12-10,10:04:38.545698793,T,KO,I,4,70.435
2025-12-10,10:04:41.004504909,T,KO,F I,2,70.43
2025-12-10,10:04:51.606934127,T,KO,,100,70.435
2025-12-10,10:05:00.012598491,T,KO,F I,50,70.44
2025-12-10,10:05:00.012619510,T,KO,I,14,70.44
2025-12-10,10:05:00.012619510,T,KO,,100,70.44
2025-12-10,10:05:00.012622505,T,KO,I,10,70.44
2025-12-10,10:05:00.012622505,T,KO,I,3,70.44
2025-12-10,10:05:00.012938359,T,KO,,100,70.44
2025-12-10,10:05:00.012993259,T,KO,,100,70.44
2025-12-10,10:05:00.026895271,T,KO,,100,70.435
2025-12-10,10:05:02.677151595,T,KO,F I,10,70.43
2025-12-10,10:05:02.677155063,T,KO,F,220,70.43
2025-12-10,10:05:02.677155063,T,KO,F I,1,70.43
2025-12-10,10:05:02.687475161,T,KO,,100,70.425
2025-12-10,10:05:10.315613765,T,KO,,100,70.425
2025-12-10,10:05:16.592075076,T,KO,F I,20,70.42
2025-12-10,10:05:16.592114854,T,KO,,104,70.42
2025-12-10,10:05:16.592118243,T,KO,,100,70.42
2025-12-10,10:05:16.613943246,T,KO,,100,70.405
2025-12-10,10:05:17.699522727,T,KO,F I,20,70.4
2025-12-10,10:05:17.762597925,T,KO,,100,70.395
2025-12-10,10:05:19.944802133,T,KO,I,25,70.4
2025-12-10,10:05:27.372345100,T,KO,F I,10,70.39
2025-12-10,10:05:34.566309866,T,KO,F,100,70.385
2025-12-10,10:05:34.566313031,T,KO,F,100,70.39
2025-12-10,10:05:34.566321640,T,KO,,100,70.39
2025-12-10,10:05:34.566321640,T,KO,,100,70.39
2025-12-10,10:05:34.570814907,T,KO,F,100,70.39
2025-12-10,10:05:34.570817597,T,KO,F,100,70.39
2025-12-10,10:05:34.570820306,T,KO,F I,43,70.39
2025-12-10,10:05:34.570823704,T,KO,F I,15,70.39
2025-12-10,10:05:34.570823704,T,KO,F I,67,70.39
2025-12-10,10:05:34.570826925,T,KO,F,100,70.39
2025-12-10,10:05:35.903081616,T,KO,F,200,70.37
2025-12-10,10:05:35.903081616,T,KO,F,100,70.37
2025-12-10,10:05:35.903087181,T,KO,F I,48,70.37
2025-12-10,10:05:35.903468961,T,KO,,100,70.37
2025-12-10,10:05:35.903475254,T,KO,I,58,70.37
2025-12-10,10:05:35.903475254,T,KO,,100,70.37
2025-12-10,10:05:35.903475254,T,KO,I,82,70.37
2025-12-10,10:05:35.903871704,T,KO,,100,70.37
2025-12-10,10:05:35.903871704,T,KO,I,58,70.37
2025-12-10,10:05:35.903877281,T,KO,I,42,70.37
2025-12-10,10:05:44.320623076,T,KO,I,10,70.375
2025-12-10,10:05:47.882077199,T,KO,F I,9,70.37
2025-12-10,10:05:47.882086154,T,KO,F I,91,70.37
2025-12-10,10:05:47.882089227,T,KO,F I,10,70.37
2025-12-10,10:05:50.803390755,T,KO,,100,70.365
2025-12-10,10:05:51.269945915,T,KO,I,50,70.365
2025-12-10,10:05:51.960444499,T,KO,,100,70.355
2025-12-10,10:05:52.551595774,T,KO,I,25,70.36
2025-12-10,10:05:52.551595774,T,KO,,100,70.36
2025-12-10,10:05:52.551601352,T,KO,,100,70.36
2025-12-10,10:05:52.551601352,T,KO,,200,70.36
2025-12-10,10:05:57.794320767,T,KO,F I,40,70.36
2025-12-10,10:06:03.861315363,T,KO,F,100,70.355
2025-12-10,10:06:03.861318213,T,KO,F I,60,70.36
2025-12-10,10:06:03.861321233,T,KO,F,100,70.36
2025-12-10,10:06:03.861321233,T,KO,F I,4,70.36
2025-12-10,10:06:03.861336261,T,KO,I,1,70.36
2025-12-10,10:06:04.187306561,T,KO,F I,53,70.36
2025-12-10,10:06:04.187309905,T,KO,F I,79,70.36
2025-12-10,10:06:04.187312617,T,KO,F,120,70.36
2025-12-10,10:06:04.187315697,T,KO,F I,2,70.36
2025-12-10,10:06:05.512205028,T,KO,F I,64,70.35
2025-12-10,10:06:06.429774413,T,KO,F I,15,70.34
2025-12-10,10:06:06.429778257,T,KO,F I,40,70.34
2025-12-10,10:06:06.429778257,T,KO,F,100,70.34
2025-12-10,10:06:06.429780479,T,KO,F,200,70.33
2025-12-10,10:06:06.429783458,T,KO,F,113,70.33
2025-12-10,10:06:06.430508456,T,KO,F I,56,70.34
2025-12-10,10:06:06.430511162,T,KO,F,100,70.34
2025-12-10,10:06:06.430514290,T,KO,F,193,70.34
2025-12-10,10:06:06.430514290,T,KO,F,100,70.34
2025-12-10,10:06:06.430517191,T,KO,F,100,70.34
2025-12-10,10:06:06.430602047,T,KO,,100,70.34
2025-12-10,10:06:06.430634424,T,KO,,100,70.34
2025-12-10,10:06:06.430724706,T,KO,F I,44,70.34
2025-12-10,10:06:08.288980027,T,KO,F,400,70.34
2025-12-10,10:06:08.288982482,T,KO,F,100,70.34
2025-12-10,10:06:08.288985462,T,KO,F,233,70.34
2025-12-10,10:06:08.288994401,T,KO,I,1,70.34
2025-12-10,10:06:08.289009504,T,KO,F I,99,70.34
2025-12-10,10:06:08.289144859,T,KO,,100,70.34
2025-12-10,10:06:08.289148592,T,KO,,100,70.34
2025-12-10,10:06:08.289151146,T,KO,,100,70.34
2025-12-10,10:06:08.289151146,T,KO,I,56,70.34
2025-12-10,10:06:08.289156963,T,KO,,100,70.34
2025-12-10,10:06:08.289156963,T,KO,,100,70.34
2025-12-10,10:06:08.289156963,T,KO,I,25,70.34
2025-12-10,10:06:08.289160107,T,KO,,100,70.34
2025-12-10,10:06:08.289168858,T,KO,I,1,70.34
2025-12-10,10:06:08.289178406,T,KO,,100,70.34
2025-12-10,10:06:08.289307163,T,KO,,100,70.34
2025-12-10,10:06:11.977510126,T,KO,I,10,70.335
2025-12-10,10:06:18.470707211,T,KO,F I,25,70.34
2025-12-10,10:06:18.470707211,T,KO,F I,73,70.34
2025-12-10,10:06:18.470709776,T,KO,F,100,70.34
2025-12-10,10:06:18.470709776,T,KO,F,100,70.34
2025-12-10,10:06:29.048561549,T,KO,,100,70.335
2025-12-10,10:06:32.036574949,T,KO,I,69,70.33
2025-12-10,10:06:32.036574949,T,KO,I,18,70.33
2025-12-10,10:06:32.036588969,T,KO,I,1,70.33
2025-12-10,10:06:32.036682244,T,KO,F I,98,70.33
2025-12-10,10:06:32.036808539,T,KO,,100,70.33
2025-12-10,10:06:32.036832567,T,KO,I,25,70.33
2025-12-10,10:06:32.036946802,T,KO,F I,76,70.33
2025-12-10,10:06:33.564359803,T,KO,F I,36,70.33
2025-12-10,10:06:33.564410800,T,KO,F I,24,70.33
2025-12-10,10:06:33.564414098,T,KO,F,200,70.33
2025-12-10,10:06:33.564416720,T,KO,F,100,70.33
2025-12-10,10:06:33.567598658,T,KO,F,100,70.33
2025-12-10,10:06:33.567602884,T,KO,F,100,70.33
2025-12-10,10:06:33.567602884,T,KO,F I,17,70.33
2025-12-10,10:06:33.567602884,T,KO,F I,2,70.33
2025-12-10,10:06:33.567607908,T,KO,F I,81,70.33
2025-12-10,10:06:33.567607908,T,KO,F I,58,70.33
2025-12-10,10:06:33.567613322,T,KO,F I,14,70.33
2025-12-10,10:06:33.567613322,T,KO,F I,64,70.33
2025-12-10,10:06:33.567616313,T,KO,F,117,70.33
2025-12-10,10:06:33.567616313,T,KO,F,100,70.33
2025-12-10,10:06:36.161771724,T,KO,F I,57,70.32
2025-12-10,10:06:37.024806185,T,KO,,100,70.315
2025-12-10,10:06:37.024869327,T,KO,,100,70.315
2025-12-10,10:06:37.724576176,T,KO,F I,25,70.32
2025-12-10,10:06:37.724579062,T,KO,F I,75,70.32
2025-12-10,10:06:37.724581918,T,KO,F,100,70.32
2025-12-10,10:06:37.724581918,T,KO,F I,1,70.32
2025-12-10,10:06:37.724638957,T,KO,F I,75,70.32
2025-12-10,10:06:37.724638957,T,KO,F I,1,70.32
2025-12-10,10:06:37.724693432,T,KO,F I,1,70.32
2025-12-10,10:06:37.724699073,T,KO,F I,5,70.32
2025-12-10,10:06:38.502185751,T,KO,,100,70.33
2025-12-10,10:06:38.518496595,T,KO,,100,70.335
2025-12-10,10:06:38.667781425,T,KO,F,100,70.33
2025-12-10,10:06:38.667787129,T,KO,F I,25,70.33
2025-12-10,10:06:38.667787129,T,KO,F,100,70.33
2025-12-10,10:06:38.667790595,T,KO,F,100,70.33
2025-12-10,10:06:38.667790595,T,KO,F,100,70.33
2025-12-10,10:06:38.667793193,T,KO,F I,17,70.33
2025-12-10,10:06:39.867918598,T,KO,F,100,70.325
2025-12-10,10:06:39.867918598,T,KO,F I,52,70.32
2025-12-10,10:06:42.640070685,T,KO,I,4,70.325
2025-12-10,10:06:47.485252297,T,KO,F I,37,70.32
2025-12-10,10:06:51.233162500,T,KO,F,100,70.33
2025-12-10,10:06:51.233166027,T,KO,F I,63,70.33
2025-12-10,10:06:51.758610592,T,KO,F,100,70.34
2025-12-10,10:06:51.758628423,T,KO,,100,70.34
2025-12-10,10:06:57.862198489,T,KO,,100,70.34
2025-12-10,10:07:00.100447199,T,KO,F I,6,70.33
2025-12-10,10:07:00.186232765,T,KO,,100,70.325
2025-12-10,10:07:00.418938823,T,KO,,100,70.33
2025-12-10,10:07:00.418942062,T,KO,,100,70.33
2025-12-10,10:07:00.418942062,T,KO,,300,70.33
2025-12-10,10:07:08.237623112,T,KO,F,100,70.34
2025-12-10,10:07:08.238098295,T,KO,,200,70.34
2025-12-10,10:07:17.283079179,T,KO,,100,70.355
2025-12-10,10:07:21.020212349,T,KO,I,12,70.35
2025-12-10,10:07:21.021174031,T,KO,I,13,70.345
2025-12-10,10:07:21.333780548,T,KO,,100,70.345
2025-12-10,10:07:21.477023661,T,KO,I,10,70.345
2025-12-10,10:07:22.426186299,T,KO,I,12,70.345
2025-12-10,10:07:22.426883995,T,KO,I,11,70.345
2025-12-10,10:07:22.646442988,T,KO,I,13,70.345
2025-12-10,10:07:25.571764938,T,KO,,100,70.345
2025-12-10,10:07:38.222675979,T,KO,I,11,70.345
2025-12-10,10:07:42.348809018,T,KO,F,100,70.34
2025-12-10,10:07:42.348809018,T,KO,F I,1,70.34
2025-12-10,10:07:42.348812011,T,KO,F I,10,70.34
2025-12-10,10:07:47.854907598,T,KO,I,10,70.335
2025-12-10,10:07:52.196912773,T,KO,F,220,70.33
2025-12-10,10:07:52.196916093,T,KO,F,160,70.33
2025-12-10,10:07:52.196916093,T,KO,F I,12,70.33
2025-12-10,10:07:53.414416413,T,KO,F I,18,70.32
2025-12-10,10:07:54.415762186,T,KO,,100,70.315
2025-12-10,10:07:58.485884230,T,KO,F I,60,70.31
2025-12-10,10:07:58.485886781,T,KO,F I,82,70.31
2025-12-10,10:07:58.485889847,T,KO,F I,10,70.31
2025-12-10,10:08:00.954556382,T,KO,F,150,70.305
2025-12-10,10:08:00.954559544,T,KO,F I,50,70.31
2025-12-10,10:08:00.954559544,T,KO,F I,50,70.31
2025-12-10,10:08:00.954577319,T,KO,I,50,70.31
2025-12-10,10:08:00.954580662,T,KO,,100,70.31
2025-12-10,10:08:00.960841307,T,KO,,100,70.31
2025-12-10,10:08:00.966747381,T,KO,I,56,70.31
2025-12-10,10:08:07.125676859,T,KO,F I,20,70.3
2025-12-10,10:08:07.127038981,T,KO,I,54,70.3
2025-12-10,10:08:07.127042118,T,KO,,100,70.3
2025-12-10,10:08:07.127048041,T,KO,I,56,70.3
2025-12-10,10:08:07.127051206,T,KO,,100,70.3
2025-12-10,10:08:07.127051206,T,KO,I,40,70.3
2025-12-10,10:08:07.127060118,T,KO,I,1,70.3
2025-12-10,10:08:07.127069069,T,KO,F I,99,70.3
2025-12-10,10:08:09.599462152,T,KO,F I,20,70.31
2025-12-10,10:08:09.599462152,T,KO,F I,20,70.31
2025-12-10,10:08:09.599464509,T,KO,F I,1,70.31
2025-12-10,10:08:09.599738160,T,KO,F,100,70.31
2025-12-10,10:08:09.599759233,T,KO,I,1,70.31
2025-12-10,10:08:13.081141927,T,KO,F,100,70.33
2025-12-10,10:08:13.081141927,T,KO,F,100,70.33
2025-12-10,10:08:13.081144791,T,KO,F I,85,70.33
2025-12-10,10:08:13.081157064,T,KO,I,1,70.33
2025-12-10,10:08:13.081159846,T,KO,I,68,70.33
2025-12-10,10:08:13.081277019,T,KO,F I,6,70.33
2025-12-10,10:08:14.079104392,T,KO,F,100,70.34
2025-12-10,10:08:14.085846529,T,KO,,100,70.345
2025-12-10,10:08:23.444158612,T,KO,F I,3,70.34
2025-12-10,10:08:23.444161760,T,KO,F I,53,70.34
2025-12-10,10:08:23.444164754,T,KO,F,100,70.34
2025-12-10,10:08:23.444167748,T,KO,F I,10,70.34
2025-12-10,10:08:23.962752790,T,KO,,100,70.34
2025-12-10,10:08:23.962752790,T,KO,,200,70.34
2025-12-10,10:08:31.801467772,T,KO,F,100,70.35
2025-12-10,10:08:35.274709807,T,KO,I,5,70.355
2025-12-10,10:08:52.264925295,T,KO,,100,70.355
2025-12-10,10:08:52.264964420,T,KO,I,67,70.36
2025-12-10,10:08:52.264985896,T,KO,F I,33,70.36
2025-12-10,10:08:52.264988427,T,KO,F I,5,70.36
2025-12-10,10:08:52.265304227,T,KO,F,100,70.36
2025-12-10,10:08:52.362185924,T,KO,I,57,70.36
2025-12-10,10:08:54.766457634,T,KO,F I,58,70.36
2025-12-10,10:08:54.781920060,T,KO,,100,70.365
2025-12-10,10:08:55.225918362,T,KO,,100,70.365
2025-12-10,10:08:56.363371486,T,KO,F I,31,70.36
2025-12-10,10:09:00.172062226,T,KO,,100,70.355
2025-12-10,10:09:03.415825193,T,KO,F,100,70.36
2025-12-10,10:09:03.415827903,T,KO,F I,50,70.36
2025-12-10,10:09:03.415846598,T,KO,I,1,70.36
2025-12-10,10:09:03.415858274,T,KO,F I,29,70.36
2025-12-10,10:09:03.415858274,T,KO,F I,21,70.36
2025-12-10,10:09:03.415930242,T,KO,I,50,70.36
2025-12-10,10:09:05.263656519,T,KO,,100,70.365
2025-12-10,10:09:19.803534480,T,KO,,100,70.365
2025-12-10,10:09:21.682632745,T,KO,F I,2,70.36
2025-12-10,10:09:21.682635397,T,KO,F,100,70.36
2025-12-10,10:09:21.682638095,T,KO,F I,10,70.36
2025-12-10,10:09:21.682640873,T,KO,F I,54,70.36
2025-12-10,10:09:21.682644728,T,KO,F I,12,70.36
2025-12-10,10:09:21.682644728,T,KO,F I,2,70.36
2025-12-10,10:09:21.682649948,T,KO,F,100,70.36
2025-12-10,10:09:21.863711103,T,KO,F,100,70.36
2025-12-10,10:09:25.930648149,T,KO,,100,70.365
2025-12-10,10:09:33.376456865,T,KO,F I,36,70.36
2025-12-10,10:09:33.376460052,T,KO,F,200,70.36
2025-12-10,10:09:33.376463163,T,KO,F I,1,70.36
2025-12-10,10:09:33.376463163,T,KO,F,100,70.36
2025-12-10,10:09:33.376465441,T,KO,F I,10,70.36
2025-12-10,10:09:33.467847668,T,KO,,100,70.36
2025-12-10,10:09:33.467850216,T,KO,,100,70.36
2025-12-10,10:09:33.467853049,T,KO,I,36,70.36
2025-12-10,10:09:33.467853049,T,KO,,100,70.36
2025-12-10,10:09:38.401378954,T,KO,F I,70,70.36
2025-12-10,10:09:38.401381891,T,KO,F I,1,70.36
2025-12-10,10:09:38.401384963,T,KO,F I,2,70.36
2025-12-10,10:09:40.205925640,T,KO,I,1,70.36
2025-12-10,10:09:40.205928664,T,KO,I,28,70.36
2025-12-10,10:09:40.302557959,T,KO,,100,70.36
2025-12-10,10:09:40.302557959,T,KO,,100,70.36
2025-12-10,10:09:46.209264496,T,KO,I,20,70.36
2025-12-10,10:09:49.678915864,T,KO,F,100,70.35
2025-12-10,10:09:49.862418923,T,KO,I,50,70.345
2025-12-10,10:09:49.876351134,T,KO,I,50,70.345
2025-12-10,10:09:49.950173919,T,KO,F,100,70.345
2025-12-10,10:09:49.950177589,T,KO,F,100,70.34
2025-12-10,10:09:49.950179905,T,KO,F I,4,70.34
2025-12-10,10:09:50.395366228,T,KO,,100,70.32
2025-12-10,10:09:50.395369171,T,KO,,100,70.32
2025-12-10,10:09:50.395384569,T,KO,I,1,70.32
2025-12-10,10:09:53.774414921,T,KO,F I,10,70.31
2025-12-10,10:09:53.775229845,T,KO,F I,57,70.31
2025-12-10,10:09:54.275489319,T,KO,I,41,70.31
2025-12-10,10:09:54.275510384,T,KO,I,59,70.31
2025-12-10,10:09:54.275510384,T,KO,I,57,70.31
2025-12-10,10:09:54.275513389,T,KO,,100,70.31
2025-12-10,10:09:54.276415494,T,KO,,100,70.31
2025-12-10,10:09:54.276442595,T,KO,F I,58,70.31
2025-12-10,10:09:55.889837033,T,KO,F I,29,70.315
2025-12-10,10:09:55.889971862,T,KO,F I,71,70.315
2025-12-10,10:09:55.889971862,T,KO,F,100,70.32
2025-12-10,10:09:55.889974429,T,KO,F I,29,70.32
2025-12-10,10:09:55.889993120,T,KO,I,1,70.32
2025-12-10,10:09:55.889993120,T,KO,F I,62,70.32
2025-12-10,10:09:55.889995877,T,KO,F I,8,70.32
2025-12-10,10:09:55.889998475,T,KO,F I,39,70.32
2025-12-10,10:09:55.890028489,T,KO,I,61,70.32
2025-12-10,10:09:58.886810094,T,KO,,100,70.33
2025-12-10,10:09:58.886812772,T,KO,I,49,70.33
2025-12-10,10:09:58.886830799,T,KO,I,1,70.33
2025-12-10,10:09:58.887426275,T,KO,,100,70.33
2025-12-10,10:09:58.888259510,T,KO,F I,58,70.33
2025-12-10,10:09:58.888262412,T,KO,F I,14,70.33
2025-12-10,10:09:58.888274970,T,KO,F I,22,70.33
2025-12-10,10:09:58.888277421,T,KO,F I,58,70.33
2025-12-10,10:09:58.888277421,T,KO,F,100,70.33
2025-12-10,10:09:58.888280332,T,KO,F,100,70.33
2025-12-10,10:10:02.835102545,T,KO,F I,58,70.32
2025-12-10,10:10:02.835105108,T,KO,F I,71,70.32
2025-12-10,10:10:02.835108201,T,KO,F,100,70.32
2025-12-10,10:10:09.460373058,T,KO,I,10,70.335
2025-12-10,10:10:12.579390383,T,KO,F I,33,70.33
2025-12-10,10:10:12.579392501,T,KO,F I,10,70.33
2025-12-10,10:10:12.579395754,T,KO,F I,50,70.33
2025-12-10,10:10:12.579789275,T,KO,F I,1,70.33
2025-12-10,10:10:23.343128595,T,KO,F,100,70.33
2025-12-10,10:10:32.900821619,T,KO,F I,57,70.35
2025-12-10,10:10:32.901275728,T,KO,I,58,70.35
2025-12-10,10:10:32.901278653,T,KO,I,42,70.35
2025-12-10,10:10:32.901293712,T,KO,I,1,70.35
2025-12-10,10:10:32.901314713,T,KO,I,57,70.35
2025-12-10,10:10:32.901318298,T,KO,,100,70.35
2025-12-10,10:10:32.901320980,T,KO,,100,70.35
2025-12-10,10:10:32.901320980,T,KO,,100,70.35
2025-12-10,10:10:32.901323986,T,KO,I,50,70.35
2025-12-10,10:10:32.901327143,T,KO,I,20,70.35
2025-12-10,10:10:32.901329763,T,KO,,300,70.35
2025-12-10,10:10:32.902698042,T,KO,F,100,70.35
2025-12-10,10:10:32.902725408,T,KO,F I,58,70.35
2025-12-10,10:10:32.902725408,T,KO,F I,31,70.35
2025-12-10,10:10:32.902728078,T,KO,I,1,70.35
2025-12-10,10:10:32.946719960,T,KO,,100,70.35
2025-12-10,10:10:32.946723561,T,KO,I,32,70.35
2025-12-10,10:10:32.946728883,T,KO,I,73,70.35
2025-12-10,10:10:32.946728883,T,KO,I,50,70.35
2025-12-10,10:10:32.946731977,T,KO,,100,70.35
2025-12-10,10:10:37.491940058,T,KO,F,100,70.34
2025-12-10,10:10:37.491944255,T,KO,F I,10,70.34
2025-12-10,10:10:37.491946007,T,KO,F,100,70.34
2025-12-10,10:10:37.491949241,T,KO,F I,27,70.34
2025-12-10,10:10:37.491952069,T,KO,F I,50,70.34
2025-12-10,10:10:37.491952069,T,KO,F I,1,70.34
2025-12-10,10:10:38.092449754,T,KO,,100,70.33
2025-12-10,10:10:38.092452163,T,KO,,100,70.33
