DATE,TIME_M,EX,SYM_ROOT,TR_SCOND,SIZE,PRICE
2025-12-15,9:30:00.376683371,T,KO,TI,1,70.32
2025-12-15,9:30:00.711590989,T,KO,TI,1,70.48
2025-12-15,9:30:01.137988583,T,KO,F I,7,70.4
2025-12-15,9:30:01.137988583,T,KO,F I,32,70.4
2025-12-15,9:30:01.138003594,T,KO,Q,7,70.4
2025-12-15,9:30:01.143521702,T,KO,F,700,70.44
2025-12-15,9:30:01.362142455,T,KO,F,100,70.44
2025-12-15,9:30:01.362148584,T,KO,F,850,70.44
2025-12-15,9:30:01.362416024,T,KO,F I,20,70.45
2025-12-15,9:30:01.376255425,T,KO,I,50,70.45
2025-12-15,9:30:01.376264752,T,KO,I,50,70.44
2025-12-15,9:30:01.376264752,T,KO,I,50,70.44
2025-12-15,9:30:01.376327168,T,KO,F,100,70.44
2025-12-15,9:30:01.717634153,T,KO,I,50,70.48
2025-12-15,9:30:01.728508072,T,KO,F I,20,70.5
2025-12-15,9:30:01.728514055,T,KO,F I,50,70.5
2025-12-15,9:30:01.877717428,T,KO,I,2,70.5
2025-12-15,9:30:01.877720468,T,KO,I,3,70.5
2025-12-15,9:30:01.877729426,T,KO,I,50,70.5
2025-12-15,9:30:01.955145836,T,KO,F I,20,70.52
2025-12-15,9:30:01.955151888,T,KO,F,100,70.52
2025-12-15,9:30:02.026454671,T,KO,F,3326,70.54
2025-12-15,9:30:02.026783361,T,KO,F,100,70.54
2025-12-15,9:30:02.027095224,T,KO,F,100,70.55
2025-12-15,9:30:02.027266701,T,KO,,100,70.55
2025-12-15,9:30:02.472982193,T,KO,,100,70.56
2025-12-15,9:30:02.556692599,T,KO,I,50,70.57
2025-12-15,9:30:02.677451836,T,KO,,100,70.57
2025-12-15,9:30:02.677454312,T,KO,I,50,70.57
2025-12-15,9:30:02.677469252,T,KO,I,1,70.57
2025-12-15,9:30:02.677511304,T,KO,I,50,70.58
2025-12-15,9:30:02.677745886,T,KO,F,100,70.58
2025-12-15,9:30:02.677960003,T,KO,I,50,70.58
2025-12-15,9:30:02.678320401,T,KO,F I,17,70.58
2025-12-15,9:30:02.691281099,T,KO,F,100,70.6
2025-12-15,9:30:03.211111179,T,KO,I,50,70.62
2025-12-15,9:30:03.211114208,T,KO,I,64,70.62
2025-12-15,9:30:03.279581233,T,KO,I,10,70.62
2025-12-15,9:30:03.436032699,T,KO,I,1,70.625
2025-12-15,9:30:03.436035208,T,KO,I,90,70.62
2025-12-15,9:30:03.436038283,T,KO,,100,70.62
2025-12-15,9:30:03.436041480,T,KO,,100,70.62
2025-12-15,9:30:03.436041480,T,KO,I,99,70.62
2025-12-15,9:30:03.436044840,T,KO,F I,1,70.62
2025-12-15,9:30:03.436047066,T,KO,F,249,70.62
2025-12-15,9:30:03.436088961,T,KO,,100,70.62
2025-12-15,9:30:03.465477997,T,KO,,100,70.62
2025-12-15,9:30:03.465524007,T,KO,,100,70.62
2025-12-15,9:30:03.465526092,T,KO,I,37,70.62
2025-12-15,9:30:03.548054744,T,KO,F I,1,70.62
2025-12-15,9:30:03.548117937,T,KO,I,99,70.62
2025-12-15,9:30:03.548117937,T,KO,I,1,70.62
2025-12-15,9:30:03.555184634,T,KO,I,99,70.62
2025-12-15,9:30:03.555184634,T,KO,I,1,70.62
2025-12-15,9:30:03.559939544,T,KO,I,99,70.62
2025-12-15,9:30:03.559942072,T,KO,I,1,70.62
2025-12-15,9:30:03.565454167,T,KO,I,99,70.62
2025-12-15,9:30:03.565457096,T,KO,I,1,70.62
2025-12-15,9:30:03.739983905,T,KO,,298,70.625
2025-12-15,9:30:04.273661965,T,KO,I,49,70.67
2025-12-15,9:30:04.275430637,T,KO,I,3,70.68
2025-12-15,9:30:04.275433099,T,KO,I,50,70.68
2025-12-15,9:30:04.326395404,T,KO,F I,20,70.7
2025-12-15,9:30:04.326398576,T,KO,F I,4,70.7
2025-12-15,9:30:04.332496969,T,KO,I,61,70.72
2025-12-15,9:30:04.332499973,T,KO,I,3,70.72
2025-12-15,9:30:04.332503129,T,KO,,100,70.72
2025-12-15,9:30:04.332503129,T,KO,I,50,70.72
2025-12-15,9:30:04.333447698,T,KO,I,61,70.71
2025-12-15,9:30:04.333450269,T,KO,I,39,70.71
2025-12-15,9:30:04.333468249,T,KO,I,1,70.71
2025-12-15,9:30:04.616327916,T,KO,F I,49,70.71
2025-12-15,9:30:04.873828350,T,KO,I,4,70.73
2025-12-15,9:30:04.992623254,T,KO,F I,61,70.73
2025-12-15,9:30:04.992740412,T,KO,F I,50,70.74
2025-12-15,9:30:05.067330074,T,KO,,400,70.74
2025-12-15,9:30:05.067333259,T,KO,,600,70.74
2025-12-15,9:30:05.067351148,T,KO,I,1,70.74
2025-12-15,9:30:05.073921786,T,KO,,399,70.74
2025-12-15,9:30:05.074562899,T,KO,,400,70.74
2025-12-15,9:30:05.074565353,T,KO,,400,70.74
2025-12-15,9:30:05.076511227,T,KO,,400,70.74
2025-12-15,9:30:05.076550127,T,KO,I,20,70.74
2025-12-15,9:30:06.039593835,T,KO,,100,70.75
2025-12-15,9:30:06.039596581,T,KO,,100,70.75
2025-12-15,9:30:06.039912455,T,KO,,100,70.745
2025-12-15,9:30:06.039912455,T,KO,I,50,70.74
2025-12-15,9:30:06.726627842,T,KO,I,50,70.78
2025-12-15,9:30:06.726630926,T,KO,,100,70.78
2025-12-15,9:30:06.917604363,T,KO,I,3,70.79
2025-12-15,9:30:06.917606761,T,KO,I,2,70.79
2025-12-15,9:30:08.087254942,T,KO,F I,4,70.8
2025-12-15,9:30:08.087257433,T,KO,F I,3,70.8
2025-12-15,9:30:09.170088393,T,KO,,200,70.79
2025-12-15,9:30:09.170106488,T,KO,I,1,70.79
2025-12-15,9:30:09.170181637,T,KO,F,199,70.79
2025-12-15,9:30:10.035378206,T,KO,F I,10,70.84
2025-12-15,9:30:10.036027706,T,KO,F I,53,70.85
2025-12-15,9:30:10.036052377,T,KO,F,447,70.85
2025-12-15,9:30:10.036052377,T,KO,F I,10,70.85
2025-12-15,9:30:10.446000386,T,KO,I,50,70.86
2025-12-15,9:30:10.446550880,T,KO,,100,70.85
2025-12-15,9:30:10.446553562,T,KO,,300,70.85
2025-12-15,9:30:10.446553562,T,KO,,100,70.85
2025-12-15,9:30:10.446572283,T,KO,I,1,70.85
2025-12-15,9:30:10.446583497,T,KO,F,200,70.85
2025-12-15,9:30:10.446598565,T,KO,I,99,70.85
2025-12-15,9:30:10.446598565,T,KO,I,1,70.85
2025-12-15,9:30:10.955172912,T,KO,F,100,70.86
2025-12-15,9:30:11.245334026,T,KO,F,300,70.91
2025-12-15,9:30:11.245337051,T,KO,F I,50,70.91
2025-12-15,9:30:11.245379134,T,KO,F,138,70.91
2025-12-15,9:30:11.245610694,T,KO,F,162,70.91
2025-12-15,9:30:11.245655723,T,KO,F,100,70.91
2025-12-15,9:30:11.248774225,T,KO,I,14,70.92
2025-12-15,9:30:11.248777231,T,KO,,850,70.92
2025-12-15,9:30:11.351201146,T,KO,I,39,70.94
2025-12-15,9:30:11.401529121,T,KO,I,39,70.94
2025-12-15,9:30:11.401568725,T,KO,,300,70.93
2025-12-15,9:30:11.401574207,T,KO,,3700,70.93
2025-12-15,9:30:11.402253806,T,KO,F,250,70.93
2025-12-15,9:30:11.402256787,T,KO,F,200,70.93
2025-12-15,9:30:11.402259803,T,KO,F,100,70.94
2025-12-15,9:30:11.402262785,T,KO,F I,50,70.94
2025-12-15,9:30:11.402275142,T,KO,I,1,70.94
2025-12-15,9:30:11.903905484,T,KO,I,55,70.93
2025-12-15,9:30:11.903905484,T,KO,I,3,70.93
2025-12-15,9:30:11.954452880,T,KO,I,58,70.93
2025-12-15,9:30:12.005508598,T,KO,I,58,70.93
2025-12-15,9:30:12.055842304,T,KO,I,33,70.93
2025-12-15,9:30:12.154315215,T,KO,I,25,70.93
2025-12-15,9:30:12.154317954,T,KO,I,33,70.93
2025-12-15,9:30:12.154320932,T,KO,I,92,70.92
2025-12-15,9:30:12.154402033,T,KO,F I,8,70.92
2025-12-15,9:30:12.154405034,T,KO,F I,50,70.92
2025-12-15,9:30:12.154874231,T,KO,F I,50,70.91
2025-12-15,9:30:12.154976446,T,KO,F,100,70.91
2025-12-15,9:30:12.158579007,T,KO,,100,70.905
2025-12-15,9:30:13.000813050,T,KO,I,50,70.92
2025-12-15,9:30:13.000816014,T,KO,,400,70.91
2025-12-15,9:30:13.000818995,T,KO,,250,70.91
2025-12-15,9:30:13.001092614,T,KO,I,50,70.91
2025-12-15,9:30:13.001095794,T,KO,,300,70.91
2025-12-15,9:30:13.001294134,T,KO,,100,70.92
2025-12-15,9:30:15.186887487,T,KO,I,30,70.92
2025-12-15,9:30:15.297295409,T,KO,F I,35,70.91
2025-12-15,9:30:15.297295409,T,KO,F I,23,70.91
2025-12-15,9:30:15.297310803,T,KO,F I,50,70.9
2025-12-15,9:30:15.297322520,T,KO,F I,92,70.9
2025-12-15,9:30:15.297457980,T,KO,F I,8,70.9
2025-12-15,9:30:15.297460756,T,KO,F I,92,70.9
2025-12-15,9:30:15.297496825,T,KO,F I,8,70.9
2025-12-15,9:30:15.297505962,T,KO,F I,50,70.9
2025-12-15,9:30:15.297532871,T,KO,I,50,70.9
2025-12-15,9:30:15.297566017,T,KO,F,100,70.9
2025-12-15,9:30:15.304981664,T,KO,F,100,70.9
2025-12-15,9:30:15.304999767,T,KO,I,1,70.9
2025-12-15,9:30:15.305017746,T,KO,F I,99,70.9
2025-12-15,9:30:15.305020812,T,KO,F I,1,70.9
2025-12-15,9:30:15.305041797,T,KO,F I,99,70.9
2025-12-15,9:30:15.305041797,T,KO,F I,1,70.9
2025-12-15,9:30:15.305056805,T,KO,F I,99,70.9
2025-12-15,9:30:15.305056805,T,KO,F I,1,70.9
2025-12-15,9:30:15.305081442,T,KO,F I,99,70.9
2025-12-15,9:30:15.305084838,T,KO,F I,1,70.9
2025-12-15,9:30:15.305084838,T,KO,F I,50,70.9
2025-12-15,9:30:15.305096000,T,KO,F I,49,70.9
2025-12-15,9:30:15.305096000,T,KO,F I,51,70.9
2025-12-15,9:30:15.305119983,T,KO,F I,49,70.9
2025-12-15,9:30:15.305123037,T,KO,F I,51,70.9
2025-12-15,9:30:15.305135056,T,KO,F I,49,70.9
2025-12-15,9:30:15.305141069,T,KO,F I,51,70.9
2025-12-15,9:30:15.305141069,T,KO,I,49,70.9
2025-12-15,9:30:15.305168151,T,KO,F,100,70.9
2025-12-15,9:30:15.307176884,T,KO,I,50,70.9
2025-12-15,9:30:15.308097138,T,KO,F,100,70.9
2025-12-15,9:30:15.309110566,T,KO,F,100,70.9
2025-12-15,9:30:15.309149626,T,KO,F,100,70.9
2025-12-15,9:30:15.309152664,T,KO,F,100,70.9
2025-12-15,9:30:15.309188639,T,KO,F,100,70.9
2025-12-15,9:30:15.309224726,T,KO,F,100,70.9
2025-12-15,9:30:15.309257900,T,KO,F,100,70.9
2025-12-15,9:30:15.309260823,T,KO,F,100,70.9
2025-12-15,9:30:15.309296969,T,KO,F I,50,70.9
2025-12-15,9:30:15.309305986,T,KO,I,50,70.9
2025-12-15,9:30:15.311221503,T,KO,I,50,70.9
2025-12-15,9:30:15.311922236,T,KO,I,50,70.9
2025-12-15,9:30:15.311925259,T,KO,,100,70.9
2025-12-15,9:30:15.317407320,T,KO,,164,70.9
2025-12-15,9:30:15.317416402,T,KO,F I,36,70.9
2025-12-15,9:30:15.317416402,T,KO,F,100,70.9
2025-12-15,9:30:15.317419669,T,KO,F I,28,70.9
2025-12-15,9:30:15.317461425,T,KO,,100,70.9
2025-12-15,9:30:15.317704936,T,KO,F I,50,70.9
2025-12-15,9:30:15.324245605,T,KO,F,100,70.9
2025-12-15,9:30:15.324705675,T,KO,F,100,70.9
2025-12-15,9:30:15.324759735,T,KO,F,100,70.9
2025-12-15,9:30:15.324783777,T,KO,,100,70.9
2025-12-15,9:30:15.324795906,T,KO,I,37,70.9
2025-12-15,9:30:15.324820768,T,KO,I,63,70.9
2025-12-15,9:30:15.324820768,T,KO,,100,70.9
2025-12-15,9:30:15.324823314,T,KO,,622,70.9
2025-12-15,9:30:15.324826023,T,KO,,100,70.9
2025-12-15,9:30:15.324829563,T,KO,,250,70.9
2025-12-15,9:30:15.324829563,T,KO,,100,70.9
2025-12-15,9:30:15.325740064,T,KO,,100,70.9
2025-12-15,9:30:15.325740064,T,KO,,100,70.9
2025-12-15,9:30:15.332807037,T,KO,F I,50,70.88
2025-12-15,9:30:15.333970678,T,KO,F,100,70.87
2025-12-15,9:30:15.478630185,T,KO,F,100,70.86
2025-12-15,9:30:15.478633830,T,KO,F,250,70.86
2025-12-15,9:30:15.478765548,T,KO,I,10,70.865
2025-12-15,9:30:15.478768688,T,KO,,100,70.87
2025-12-15,9:30:15.478768688,T,KO,,100,70.87
2025-12-15,9:30:15.478771537,T,KO,I,14,70.87
2025-12-15,9:30:15.478873783,T,KO,F,100,70.87
2025-12-15,9:30:17.125992770,T,KO,I,77,70.86
2025-12-15,9:30:17.126007795,T,KO,F I,23,70.86
2025-12-15,9:30:17.188995725,T,KO,F I,24,70.85
2025-12-15,9:30:17.189005245,T,KO,F,300,70.85
2025-12-15,9:30:17.189007776,T,KO,F,400,70.85
2025-12-15,9:30:17.189011002,T,KO,,200,70.85
2025-12-15,9:30:17.213847013,T,KO,,400,70.83
2025-12-15,9:30:17.213855927,T,KO,I,50,70.83
2025-12-15,9:30:17.213859026,T,KO,,100,70.83
2025-12-15,9:30:17.471136750,T,KO,,100,70.85
2025-12-15,9:30:17.471187898,T,KO,I,14,70.84
2025-12-15,9:30:17.471545781,T,KO,,100,70.85
2025-12-15,9:30:19.571522220,T,KO,I,50,70.88
2025-12-15,9:30:19.571522220,T,KO,I,3,70.88
2025-12-15,9:30:19.572328148,T,KO,F,100,70.87
2025-12-15,9:30:19.572349210,T,KO,I,1,70.87
2025-12-15,9:30:24.463083349,T,KO,F I,7,70.9
2025-12-15,9:30:24.463119824,T,KO,,200,70.89
2025-12-15,9:30:24.463122864,T,KO,,2411,70.89
2025-12-15,9:30:24.463140658,T,KO,I,1,70.89
2025-12-15,9:30:24.463143748,T,KO,I,96,70.89
2025-12-15,9:30:24.463168073,T,KO,I,92,70.89
2025-12-15,9:30:24.463170517,T,KO,I,87,70.89
2025-12-15,9:30:24.463543439,T,KO,F,113,70.89
2025-12-15,9:30:24.464668159,T,KO,I,20,70.9
2025-12-15,9:30:25.392191106,T,KO,F,100,70.94
2025-12-15,9:30:25.392194123,T,KO,F,100,70.94
2025-12-15,9:30:27.051035045,T,KO,F I,1,70.96
2025-12-15,9:30:27.497156478,T,KO,I,65,70.93
2025-12-15,9:30:28.427572506,T,KO,F,100,70.93
2025-12-15,9:30:30.457824784,T,KO,I,7,70.92
2025-12-15,9:30:30.457827912,T,KO,,193,70.91
2025-12-15,9:30:30.458065415,T,KO,F,200,70.9
2025-12-15,9:30:30.458089455,T,KO,I,1,70.9
2025-12-15,9:30:30.458176647,T,KO,,199,70.9
2025-12-15,9:30:30.458176647,T,KO,I,1,70.9
2025-12-15,9:30:30.458826243,T,KO,,200,70.9
2025-12-15,9:30:30.458829495,T,KO,,100,70.9
2025-12-15,9:30:30.458832216,T,KO,,267,70.9
2025-12-15,9:30:30.474496573,T,KO,,100,70.905
2025-12-15,9:30:31.293818975,T,KO,,100,70.92
2025-12-15,9:30:34.317376112,T,KO,F,100,70.95
2025-12-15,9:30:34.317830445,T,KO,I,19,70.95
2025-12-15,9:30:34.317914333,T,KO,F I,25,70.97
2025-12-15,9:30:34.318040617,T,KO,I,31,70.96
2025-12-15,9:30:34.318043672,T,KO,I,50,70.95
2025-12-15,9:30:34.318043672,T,KO,I,5,70.95
2025-12-15,9:30:34.325904435,T,KO,I,31,70.97
2025-12-15,9:30:34.325907314,T,KO,,100,70.97
2025-12-15,9:30:35.133694268,T,KO,I,27,70.98
2025-12-15,9:30:35.787754968,T,KO,I,73,70.98
2025-12-15,9:30:35.787758043,T,KO,I,92,70.97
2025-12-15,9:30:35.787770087,T,KO,,208,70.97
2025-12-15,9:30:35.787770087,T,KO,I,54,70.97
2025-12-15,9:30:35.787776862,T,KO,I,9,70.97
2025-12-15,9:30:35.787776862,T,KO,I,15,70.97
2025-12-15,9:30:35.787782267,T,KO,,208,70.97
2025-12-15,9:30:35.787785146,T,KO,I,1,70.97
2025-12-15,9:30:35.788552660,T,KO,F,300,70.97
2025-12-15,9:30:35.788556686,T,KO,F,200,70.97
2025-12-15,9:30:35.788556686,T,KO,F,100,70.97
2025-12-15,9:30:35.788560950,T,KO,F I,50,70.97
2025-12-15,9:30:35.788560950,T,KO,F,100,70.97
2025-12-15,9:30:35.788564689,T,KO,F,100,70.97
2025-12-15,9:30:35.788564689,T,KO,F,100,70.97
2025-12-15,9:30:35.788570427,T,KO,F,100,70.97
2025-12-15,9:30:35.788570427,T,KO,F,195,70.97
2025-12-15,9:30:35.788574331,T,KO,F,100,70.97
2025-12-15,9:30:35.788589072,T,KO,,100,70.98
2025-12-15,9:30:35.788589072,T,KO,I,11,70.98
2025-12-15,9:30:35.788594048,T,KO,,300,70.97
2025-12-15,9:30:35.788594048,T,KO,,1976,70.97
2025-12-15,9:30:35.788597088,T,KO,,300,70.97
2025-12-15,9:30:35.788599976,T,KO,,300,70.97
2025-12-15,9:30:35.788599976,T,KO,,100,70.97
2025-12-15,9:30:35.788603034,T,KO,I,56,70.97
2025-12-15,9:30:35.788609087,T,KO,F,114,70.97
2025-12-15,9:30:35.788609087,T,KO,I,1,70.98
2025-12-15,9:30:35.788615057,T,KO,I,24,70.97
2025-12-15,9:30:35.788747354,T,KO,I,76,70.97
2025-12-15,9:30:35.789105302,T,KO,F,100,70.97
2025-12-15,9:30:35.789105302,T,KO,F,100,70.97
2025-12-15,9:30:35.789300763,T,KO,I,76,70.96
2025-12-15,9:30:35.821558566,T,KO,I,60,70.97
2025-12-15,9:30:35.821576753,T,KO,F I,16,70.97
2025-12-15,9:30:36.248118413,T,KO,,300,70.975
2025-12-15,9:30:36.318862848,T,KO,,250,70.975
2025-12-15,9:30:36.318862848,T,KO,I,50,70.97
2025-12-15,9:30:36.319078592,T,KO,F I,50,70.97
2025-12-15,9:30:36.319081459,T,KO,F,100,70.97
2025-12-15,9:30:36.319087462,T,KO,F,100,70.97
2025-12-15,9:30:36.811910253,T,KO,,100,70.98
2025-12-15,9:30:36.812683110,T,KO,F I,1,70.99
2025-12-15,9:30:36.812755190,T,KO,I,67,70.99
2025-12-15,9:30:36.812791324,T,KO,F,133,70.99
2025-12-15,9:30:36.813279188,T,KO,F I,1,71.0
2025-12-15,9:30:36.813282180,T,KO,F I,80,71.0
2025-12-15,9:30:36.813285034,T,KO,F,100,71.0
2025-12-15,9:30:36.813287538,T,KO,F I,1,71.0
2025-12-15,9:30:36.813287538,T,KO,F I,58,71.0
2025-12-15,9:30:36.813299475,T,KO,I,42,71.0
2025-12-15,9:30:36.813910207,T,KO,F,100,71.0
2025-12-15,9:30:36.814147552,T,KO,F I,25,71.01
2025-12-15,9:30:36.814336991,T,KO,,100,71.01
2025-12-15,9:30:36.814421309,T,KO,F I,12,71.01
2025-12-15,9:30:36.815139965,T,KO,F,100,71.01
2025-12-15,9:30:36.816475086,T,KO,,100,71.02
2025-12-15,9:30:36.817515628,T,KO,,219,71.025
2025-12-15,9:30:36.817524623,T,KO,F I,31,71.025
2025-12-15,9:30:36.817524623,T,KO,F,100,71.02
2025-12-15,9:30:36.817527555,T,KO,F I,88,71.02
2025-12-15,9:30:36.817530639,T,KO,F I,31,71.02
2025-12-15,9:30:37.270045431,T,KO,,100,70.98
2025-12-15,9:30:37.270460484,T,KO,F I,50,70.99
2025-12-15,9:30:37.270460484,T,KO,F,100,70.99
2025-12-15,9:30:37.270463312,T,KO,F,100,70.99
2025-12-15,9:30:37.270700914,T,KO,I,72,70.99
2025-12-15,9:30:37.270833185,T,KO,I,16,70.99
2025-12-15,9:30:37.368698372,T,KO,I,1,70.99
2025-12-15,9:30:37.368747320,T,KO,I,11,70.99
2025-12-15,9:30:37.368749452,T,KO,,100,70.99
2025-12-15,9:30:37.368752437,T,KO,,100,70.99
2025-12-15,9:30:37.368770575,T,KO,F,100,70.99
2025-12-15,9:30:37.368770575,T,KO,I,1,70.99
2025-12-15,9:30:37.722334519,T,KO,F,100,70.99
2025-12-15,9:30:37.722337580,T,KO,F,100,70.99
2025-12-15,9:30:37.722346567,T,KO,F,100,70.99
2025-12-15,9:30:37.722349715,T,KO,F,600,70.99
2025-12-15,9:30:37.722376808,T,KO,F,100,70.99
2025-12-15,9:30:37.722548033,T,KO,F,100,70.99
2025-12-15,9:30:37.722560115,T,KO,F,200,70.99
2025-12-15,9:30:37.722746573,T,KO,F,100,70.99
2025-12-15,9:30:37.722945080,T,KO,F,100,70.99
2025-12-15,9:30:37.722945080,T,KO,F,100,70.99
2025-12-15,9:30:37.722951658,T,KO,F I,88,70.99
2025-12-15,9:30:37.722951658,T,KO,F,100,70.99
2025-12-15,9:30:37.722981042,T,KO,F I,12,70.99
2025-12-15,9:30:37.722984167,T,KO,F I,88,70.99
2025-12-15,9:30:37.722987584,T,KO,F I,12,70.99
2025-12-15,9:30:37.722987584,T,KO,F I,88,70.99
2025-12-15,9:30:37.722993192,T,KO,F,100,70.99
2025-12-15,9:30:37.722996240,T,KO,F,100,70.99
2025-12-15,9:30:37.723002212,T,KO,F,100,70.99
2025-12-15,9:30:37.723002212,T,KO,F,100,70.99
2025-12-15,9:30:37.723005146,T,KO,,342,70.99
2025-12-15,9:30:37.723008493,T,KO,F,100,70.99
2025-12-15,9:30:37.723011234,T,KO,F,100,70.99
2025-12-15,9:30:37.723044259,T,KO,F,100,70.99
2025-12-15,9:30:37.723077337,T,KO,F I,77,70.99
2025-12-15,9:30:37.723128500,T,KO,F,100,70.99
2025-12-15,9:30:37.723170497,T,KO,F,100,70.99
2025-12-15,9:30:37.723182555,T,KO,F,100,70.99
2025-12-15,9:30:37.723194659,T,KO,F,100,70.99
2025-12-15,9:30:37.723263826,T,KO,F,100,70.99
2025-12-15,9:30:37.723326885,T,KO,F,100,70.99
2025-12-15,9:30:37.723354544,T,KO,F,100,70.99
2025-12-15,9:30:37.723366014,T,KO,F,100,70.99
2025-12-15,9:30:37.723372014,T,KO,F,100,70.99
2025-12-15,9:30:37.723405076,T,KO,F,100,70.99
2025-12-15,9:30:37.723940494,T,KO,,100,70.99
2025-12-15,9:30:37.723982519,T,KO,F,100,70.99
2025-12-15,9:30:37.724003557,T,KO,,100,70.99
2025-12-15,9:30:37.724012604,T,KO,F,100,70.99
2025-12-15,9:30:37.745919808,T,KO,,250,70.99
2025-12-15,9:30:37.746009960,T,KO,F,100,70.99
2025-12-15,9:30:37.746031120,T,KO,I,92,70.99
2025-12-15,9:30:37.746034010,T,KO,I,8,70.99
2025-12-15,9:30:37.746043010,T,KO,F I,92,70.99
2025-12-15,9:30:37.746061143,T,KO,I,92,70.99
2025-12-15,9:30:37.747895541,T,KO,,100,70.99
2025-12-15,9:30:37.747898438,T,KO,,100,70.99
2025-12-15,9:30:37.747901787,T,KO,I,50,70.99
2025-12-15,9:30:37.747901787,T,KO,,100,70.99
2025-12-15,9:30:37.771005433,T,KO,I,99,70.99
2025-12-15,9:30:39.986186282,T,KO,F,100,70.99
2025-12-15,9:30:39.986189298,T,KO,F I,24,70.99
2025-12-15,9:30:40.966746702,T,KO,I,10,71.0
2025-12-15,9:30:40.966749683,T,KO,I,65,71.0
2025-12-15,9:30:40.966782859,T,KO,,600,70.99
2025-12-15,9:30:40.966786049,T,KO,,1800,70.99
2025-12-15,9:30:40.967871450,T,KO,I,20,70.985
2025-12-15,9:30:40.968018795,T,KO,I,50,70.97
2025-12-15,9:30:41.008038015,T,KO,I,1,70.95
2025-12-15,9:30:41.366095048,T,KO,F I,50,70.97
2025-12-15,9:30:41.366146024,T,KO,F I,50,70.98
2025-12-15,9:30:41.367938247,T,KO,F,300,70.98
2025-12-15,9:30:45.326425087,T,KO,,250,70.97
2025-12-15,9:30:45.327420463,T,KO,,100,70.96
2025-12-15,9:30:45.327468561,T,KO,,100,70.97
2025-12-15,9:30:45.327486659,T,KO,I,43,70.97
2025-12-15,9:30:45.327489598,T,KO,I,1,70.97
2025-12-15,9:30:48.246352541,T,KO,F I,49,71.01
2025-12-15,9:30:48.246352541,T,KO,F I,15,71.01
2025-12-15,9:30:48.944910086,T,KO,,100,71.02
2025-12-15,9:30:50.262399610,T,KO,F I,11,71.0
2025-12-15,9:30:50.262420242,T,KO,F,268,71.0
2025-12-15,9:30:50.262423081,T,KO,F I,43,71.0
2025-12-15,9:30:50.262423081,T,KO,F I,61,71.0
2025-12-15,9:30:50.281608754,T,KO,F I,45,70.98
2025-12-15,9:30:50.281611718,T,KO,F I,28,70.98
2025-12-15,9:30:57.247759922,T,KO,F I,24,70.99
2025-12-15,9:30:57.247759922,T,KO,F I,24,70.99
2025-12-15,9:30:57.247762867,T,KO,F I,24,70.99
2025-12-15,9:30:57.247762867,T,KO,F I,24,70.99
2025-12-15,9:30:57.247774819,T,KO,I,24,70.99
2025-12-15,9:30:59.141766664,T,KO,F,100,70.99
2025-12-15,9:31:01.100953989,T,KO,F,100,70.98
2025-12-15,9:31:01.188648855,T,KO,F,100,70.97
2025-12-15,9:31:01.188670546,T,KO,I,1,70.97
2025-12-15,9:31:01.188693922,T,KO,F I,99,70.97
2025-12-15,9:31:01.188697169,T,KO,I,29,70.97
2025-12-15,9:31:01.188733296,T,KO,F I,71,70.97
2025-12-15,9:31:01.188733296,T,KO,F I,29,70.97
2025-12-15,9:31:01.188742198,T,KO,F I,71,70.97
2025-12-15,9:31:01.188742198,T,KO,F,100,70.97
2025-12-15,9:31:01.188775457,T,KO,F,100,70.97
2025-12-15,9:31:01.188778936,T,KO,F,400,70.97
2025-12-15,9:31:01.188778936,T,KO,F,500,70.97
2025-12-15,9:31:01.188781668,T,KO,F I,21,70.97
2025-12-15,9:31:01.188784181,T,KO,F,100,70.97
2025-12-15,9:31:01.188793407,T,KO,F,279,70.97
2025-12-15,9:31:01.188793407,T,KO,F,453,70.97
2025-12-15,9:31:01.188805970,T,KO,F I,47,70.97
2025-12-15,9:31:01.188808219,T,KO,F I,53,70.97
2025-12-15,9:31:01.188817183,T,KO,,269,70.97
2025-12-15,9:31:01.188841670,T,KO,I,78,70.97
2025-12-15,9:31:01.188841670,T,KO,I,22,70.97
2025-12-15,9:31:01.188862374,T,KO,F I,4,70.97
2025-12-15,9:31:01.189066858,T,KO,F,100,70.97
2025-12-15,9:31:01.189078835,T,KO,F,100,70.97
2025-12-15,9:31:01.193607628,T,KO,,300,70.97
2025-12-15,9:31:03.201002377,T,KO,F I,1,70.97
2025-12-15,9:31:03.201014413,T,KO,F,300,70.97
2025-12-15,9:31:03.203122500,T,KO,F I,5,70.96
2025-12-15,9:31:07.597828052,T,KO,F,200,70.95
2025-12-15,9:31:07.597846950,T,KO,,118,70.95
2025-12-15,9:31:07.597849181,T,KO,I,1,70.95
2025-12-15,9:31:07.597855171,T,KO,F I,80,70.95
2025-12-15,9:31:07.597873482,T,KO,,100,70.94
2025-12-15,9:31:07.597876201,T,KO,,200,70.935
2025-12-15,9:31:07.597900305,T,KO,I,1,70.945
2025-12-15,9:31:07.597903598,T,KO,I,11,70.95
2025-12-15,9:31:07.597912569,T,KO,,100,70.94
2025-12-15,9:31:07.597915613,T,KO,,100,70.93
2025-12-15,9:31:07.597918401,T,KO,,100,70.93
2025-12-15,9:31:07.597921436,T,KO,,100,70.93
2025-12-15,9:31:07.597921436,T,KO,,100,70.93
2025-12-15,9:31:07.597925139,T,KO,,100,70.93
2025-12-15,9:31:07.597925139,T,KO,,100,70.93
2025-12-15,9:31:07.597927294,T,KO,,100,70.93
2025-12-15,9:31:07.598110737,T,KO,I,90,70.93
2025-12-15,9:31:07.598135481,T,KO,F I,10,70.93
2025-12-15,9:31:07.598324297,T,KO,,100,70.93
2025-12-15,9:31:07.598327303,T,KO,I,5,70.93
2025-12-15,9:31:07.600086423,T,KO,F,100,70.94
2025-12-15,9:31:07.600089462,T,KO,F,100,70.94
2025-12-15,9:31:07.600089462,T,KO,F,100,70.94
2025-12-15,9:31:07.600429395,T,KO,F I,89,70.95
2025-12-15,9:31:07.600432219,T,KO,F I,50,70.95
2025-12-15,9:31:07.600850281,T,KO,F I,7,70.96
2025-12-15,9:31:08.459683671,T,KO,I,30,70.965
2025-12-15,9:31:08.459695733,T,KO,I,17,70.965
2025-12-15,9:31:08.794877045,T,KO,I,50,70.965
2025-12-15,9:31:08.846383776,T,KO,I,50,70.965
2025-12-15,9:31:10.067844919,T,KO,,100,70.965
2025-12-15,9:31:10.781925981,T,KO,I,83,70.965
2025-12-15,9:31:10.781932591,T,KO,,100,70.96
2025-12-15,9:31:10.781934546,T,KO,I,4,70.95
2025-12-15,9:31:10.781970792,T,KO,I,78,70.95
2025-12-15,9:31:10.781973793,T,KO,I,5,70.95
2025-12-15,9:31:10.781973793,T,KO,,100,70.95
2025-12-15,9:31:10.781976605,T,KO,,100,70.95
2025-12-15,9:31:10.781994632,T,KO,I,1,70.96
2025-12-15,9:31:10.782178137,T,KO,,100,70.96
2025-12-15,9:31:10.783170456,T,KO,F I,52,70.96
2025-12-15,9:31:10.783170456,T,KO,F I,28,70.96
2025-12-15,9:31:10.785952536,T,KO,,100,70.97
2025-12-15,9:31:10.785952536,T,KO,,100,70.97
2025-12-15,9:31:10.785958278,T,KO,I,21,70.97
2025-12-15,9:31:10.785958278,T,KO,I,79,70.97
2025-12-15,9:31:10.785961606,T,KO,,100,70.97
2025-12-15,9:31:10.785961606,T,KO,I,50,70.97
2025-12-15,9:31:10.785964106,T,KO,I,47,70.97
2025-12-15,9:31:10.786433237,T,KO,F I,1,70.98
2025-12-15,9:31:10.787597037,T,KO,F,100,70.99
2025-12-15,9:31:10.789064532,T,KO,I,50,71.0
2025-12-15,9:31:10.789067579,T,KO,I,10,71.0
2025-12-15,9:31:10.789662952,T,KO,I,50,71.02
2025-12-15,9:31:10.789665919,T,KO,I,87,71.02
2025-12-15,9:31:10.789684202,T,KO,I,13,71.02
2025-12-15,9:31:10.789687474,T,KO,,136,71.02
2025-12-15,9:31:10.789708075,T,KO,I,90,71.02
2025-12-15,9:31:10.789900460,T,KO,F,157,71.01
2025-12-15,9:31:10.789903664,T,KO,F I,61,71.01
2025-12-15,9:31:10.789907274,T,KO,F I,81,71.01
2025-12-15,9:31:10.789907274,T,KO,F I,50,71.01
2025-12-15,9:31:10.790745492,T,KO,F,100,71.0
2025-12-15,9:31:10.790748549,T,KO,F,100,71.0
2025-12-15,9:31:10.843632878,T,KO,,100,70.99
2025-12-15,9:31:10.843632878,T,KO,,100,70.99
2025-12-15,9:31:10.843635503,T,KO,,130,70.99
2025-12-15,9:31:10.844435356,T,KO,F,100,70.99
2025-12-15,9:31:10.963693389,T,KO,F,350,70.98
2025-12-15,9:31:10.963726719,T,KO,,750,70.98
2025-12-15,9:31:10.963730419,T,KO,I,50,70.97
2025-12-15,9:31:10.963730419,T,KO,,100,70.97
2025-12-15,9:31:10.963732995,T,KO,,100,70.97
2025-12-15,9:31:10.963735512,T,KO,I,2,70.97
2025-12-15,9:31:10.964697817,T,KO,,100,70.97
2025-12-15,9:31:10.964821093,T,KO,,100,70.975
2025-12-15,9:31:10.965184962,T,KO,,100,70.98
2025-12-15,9:31:10.978479581,T,KO,I,90,70.98
2025-12-15,9:31:11.906719082,T,KO,I,50,70.98
2025-12-15,9:31:11.906722148,T,KO,,500,70.98
2025-12-15,9:31:11.906724415,T,KO,,300,70.98
2025-12-15,9:31:11.906763555,T,KO,,100,70.98
2025-12-15,9:31:11.907121369,T,KO,F,250,70.98
2025-12-15,9:31:11.966209116,T,KO,F,200,70.99
2025-12-15,9:31:15.077130232,T,KO,,100,71.01
2025-12-15,9:31:15.077142331,T,KO,I,1,71.01
2025-12-15,9:31:15.077148987,T,KO,F I,99,71.01
2025-12-15,9:31:15.077169341,T,KO,,157,71.0
2025-12-15,9:31:15.077169341,T,KO,I,43,71.0
2025-12-15,9:31:15.077193430,T,KO,I,1,71.0
2025-12-15,9:31:15.077470140,T,KO,I,99,71.01
2025-12-15,9:31:15.077494595,T,KO,F I,23,71.01
2025-12-15,9:31:15.077497648,T,KO,F,314,71.01
2025-12-15,9:31:15.077651543,T,KO,I,99,71.0
2025-12-15,9:31:15.077656561,T,KO,I,99,71.0
2025-12-15,9:31:15.077656561,T,KO,,314,71.0
2025-12-15,9:31:15.077689582,T,KO,,100,71.0
2025-12-15,9:31:15.077693841,T,KO,,100,70.99
2025-12-15,9:31:15.077693841,T,KO,,200,70.99
2025-12-15,9:31:15.077696002,T,KO,,237,70.99
2025-12-15,9:31:15.077843050,T,KO,F,100,71.0
2025-12-15,9:31:15.077846984,T,KO,F,100,71.0
2025-12-15,9:31:15.077849716,T,KO,F,157,71.0
2025-12-15,9:31:15.077849716,T,KO,F I,99,71.0
2025-12-15,9:31:15.965136279,T,KO,,100,71.025
2025-12-15,9:31:19.154661779,T,KO,I,50,71.02
2025-12-15,9:31:19.154698464,T,KO,I,34,71.02
2025-12-15,9:31:19.154701226,T,KO,I,86,71.02
2025-12-15,9:31:19.154701226,T,KO,,100,71.02
2025-12-15,9:31:19.155067779,T,KO,F,100,71.02
2025-12-15,9:31:19.155326383,T,KO,F I,50,71.02
2025-12-15,9:31:19.155368509,T,KO,,100,71.01
2025-12-15,9:31:19.155642075,T,KO,F I,89,71.015
2025-12-15,9:31:19.155660177,T,KO,,100,71.015
2025-12-15,9:31:19.158956028,T,KO,F I,87,71.02
2025-12-15,9:31:19.986203160,T,KO,,300,71.03
2025-12-15,9:31:19.986203160,T,KO,I,6,71.02
2025-12-15,9:31:19.986208142,T,KO,,100,71.02
2025-12-15,9:31:19.986211174,T,KO,I,6,71.02
2025-12-15,9:31:19.986226959,T,KO,F I,94,71.02
2025-12-15,9:31:19.986226959,T,KO,F,100,71.02
2025-12-15,9:31:19.986230318,T,KO,F I,6,71.02
2025-12-15,9:31:19.986230318,T,KO,F I,94,71.02
2025-12-15,9:31:19.986235239,T,KO,I,1,71.02
2025-12-15,9:31:19.986806691,T,KO,F,100,71.03
2025-12-15,9:31:19.986810195,T,KO,F,100,71.03
2025-12-15,9:31:19.986812665,T,KO,F,100,71.03
2025-12-15,9:31:19.987681673,T,KO,F I,5,71.04
2025-12-15,9:31:19.990306953,T,KO,F,100,71.05
2025-12-15,9:31:19.990761074,T,KO,F I,73,71.06
2025-12-15,9:31:19.990785179,T,KO,I,27,71.06
2025-12-15,9:31:19.990827253,T,KO,,100,71.06
2025-12-15,9:31:19.991224090,T,KO,,100,71.06
2025-12-15,9:31:19.991783911,T,KO,I,98,71.07
2025-12-15,9:31:19.991807643,T,KO,F,100,71.07
2025-12-15,9:31:19.992366980,T,KO,F,400,71.07
2025-12-15,9:31:19.992366980,T,KO,F,125,71.07
2025-12-15,9:31:19.992369969,T,KO,F,525,71.07
2025-12-15,9:31:19.992388002,T,KO,F,138,71.07
2025-12-15,9:31:19.992388002,T,KO,F I,27,71.07
2025-12-15,9:31:20.172400005,T,KO,F,100,71.05
2025-12-15,9:31:20.172400005,T,KO,F,100,71.05
2025-12-15,9:31:20.172471865,T,KO,,100,71.05
2025-12-15,9:31:20.172471865,T,KO,I,1,71.05
2025-12-15,9:31:20.690004387,T,KO,F,100,71.04
2025-12-15,9:31:20.690398411,T,KO,I,16,71.04
2025-12-15,9:31:20.690410337,T,KO,,100,71.04
2025-12-15,9:31:20.690413427,T,KO,I,80,71.04
2025-12-15,9:31:21.271264837,T,KO,,100,71.03
2025-12-15,9:31:22.696145470,T,KO,I,26,71.04
2025-12-15,9:31:23.292763346,T,KO,F,100,71.05
2025-12-15,9:31:23.292766498,T,KO,F,100,71.05
2025-12-15,9:31:23.292813275,T,KO,I,80,71.05
2025-12-15,9:31:23.292813275,T,KO,,100,71.04
2025-12-15,9:31:23.292817548,T,KO,,100,71.04
2025-12-15,9:31:23.292817548,T,KO,I,38,71.04
2025-12-15,9:31:23.292829530,T,KO,I,1,71.04
2025-12-15,9:31:23.292886855,T,KO,,100,71.04
2025-12-15,9:31:23.292886855,T,KO,I,74,71.04
2025-12-15,9:31:23.292889845,T,KO,,100,71.04
2025-12-15,9:31:23.292895698,T,KO,,100,71.04
2025-12-15,9:31:23.292964958,T,KO,,100,71.04
2025-12-15,9:31:23.292976941,T,KO,F,100,71.05
2025-12-15,9:31:23.789651813,T,KO,F I,50,71.06
2025-12-15,9:31:23.789654877,T,KO,F,100,71.06
2025-12-15,9:31:23.789681940,T,KO,I,7,71.06
2025-12-15,9:31:23.789720971,T,KO,,100,71.06
2025-12-15,9:31:26.015535376,T,KO,,100,71.07
2025-12-15,9:31:26.015535376,T,KO,I,50,71.07
2025-12-15,9:31:27.477897298,T,KO,,100,71.075
2025-12-15,9:31:27.478212937,T,KO,,100,71.075
2025-12-15,9:31:27.478312149,T,KO,F,100,71.075
2025-12-15,9:31:27.478315611,T,KO,F,100,71.08
2025-12-15,9:31:27.478321186,T,KO,F I,50,71.08
2025-12-15,9:31:27.478333745,T,KO,I,1,71.08
2025-12-15,9:31:27.478342277,T,KO,,100,71.08
2025-12-15,9:31:27.478348219,T,KO,,100,71.08
2025-12-15,9:31:27.479154336,T,KO,,100,71.09
2025-12-15,9:31:27.968789318,T,KO,F I,81,71.11
2025-12-15,9:31:27.968792443,T,KO,F I,1,71.11
2025-12-15,9:31:27.968832344,T,KO,I,26,71.1
2025-12-15,9:31:27.968846550,T,KO,,170,71.1
2025-12-15,9:31:27.968858508,T,KO,,100,71.1
2025-12-15,9:31:27.968864880,T,KO,I,50,71.1
2025-12-15,9:31:27.968867545,T,KO,I,38,71.1
2025-12-15,9:31:27.968867545,T,KO,I,1,71.1
2025-12-15,9:31:27.969014851,T,KO,I,74,71.11
2025-12-15,9:31:27.969068972,T,KO,F,188,71.1
2025-12-15,9:31:27.969105776,T,KO,F I,50,71.1
2025-12-15,9:31:27.969141141,T,KO,,100,71.1
2025-12-15,9:31:27.969709486,T,KO,,100,71.1
2025-12-15,9:31:28.019733736,T,KO,I,70,71.1
2025-12-15,9:31:28.078644057,T,KO,I,70,71.1
2025-12-15,9:31:28.078647004,T,KO,I,10,71.1
2025-12-15,9:31:28.144744485,T,KO,I,70,71.1
2025-12-15,9:31:28.682858074,T,KO,I,72,71.1
2025-12-15,9:31:28.736108846,T,KO,I,72,71.1
2025-12-15,9:31:28.828269381,T,KO,I,72,71.1
2025-12-15,9:31:28.880960919,T,KO,I,72,71.1
2025-12-15,9:31:28.933246480,T,KO,I,72,71.1
2025-12-15,9:31:29.605265956,T,KO,F I,96,71.11
2025-12-15,9:31:29.605265956,T,KO,F,188,71.11
2025-12-15,9:31:29.605269098,T,KO,F I,12,71.11
2025-12-15,9:31:29.605272122,T,KO,F I,91,71.11
2025-12-15,9:31:29.605275306,T,KO,F I,9,71.11
2025-12-15,9:31:29.605278148,T,KO,F I,16,71.11
2025-12-15,9:31:29.605278148,T,KO,F,100,71.11
2025-12-15,9:31:29.605281165,T,KO,F I,50,71.11
2025-12-15,9:31:29.605281165,T,KO,F,100,71.11
2025-12-15,9:31:29.605308725,T,KO,,100,71.1
2025-12-15,9:31:29.605308725,T,KO,I,25,71.1
2025-12-15,9:31:29.605374212,T,KO,F,100,71.11
2025-12-15,9:31:29.605377247,T,KO,F,100,71.11
2025-12-15,9:31:29.605985020,T,KO,,130,71.11
2025-12-15,9:31:29.605988041,T,KO,,100,71.105
2025-12-15,9:31:29.605988041,T,KO,I,70,71.105
2025-12-15,9:31:29.660829333,T,KO,,150,71.105
2025-12-15,9:31:29.778947675,T,KO,F I,1,71.1
2025-12-15,9:31:29.779010830,T,KO,I,99,71.1
2025-12-15,9:31:29.779058909,T,KO,,300,71.1
2025-12-15,9:31:29.793830087,T,KO,F,350,71.1
2025-12-15,9:31:29.793833051,T,KO,,172,71.1
2025-12-15,9:31:29.793863132,T,KO,,300,71.1
2025-12-15,9:31:29.800084933,T,KO,,100,71.1
2025-12-15,9:31:30.237573048,T,KO,F,198,71.09
2025-12-15,9:31:30.237588014,T,KO,F I,2,71.09
2025-12-15,9:31:30.237624023,T,KO,,200,71.09
2025-12-15,9:31:30.237813580,T,KO,F,151,71.09
2025-12-15,9:31:30.237817065,T,KO,F I,49,71.09
2025-12-15,9:31:30.237819511,T,KO,F,151,71.09
2025-12-15,9:31:30.237832046,T,KO,F I,48,71.09
2025-12-15,9:31:30.237834584,T,KO,F,152,71.09
2025-12-15,9:31:30.237864674,T,KO,F I,49,71.09
2025-12-15,9:31:30.237867631,T,KO,F,151,71.09
2025-12-15,9:31:30.237870661,T,KO,F I,48,71.09
2025-12-15,9:31:30.240474952,T,KO,I,50,71.09
2025-12-15,9:31:30.250188099,T,KO,,150,71.09
2025-12-15,9:31:30.250188099,T,KO,I,7,71.09
2025-12-15,9:31:30.250477414,T,KO,F I,5,71.08
2025-12-15,9:31:30.250477414,T,KO,F I,20,71.08
2025-12-15,9:31:30.250479686,T,KO,F,200,71.08
2025-12-15,9:31:30.250482660,T,KO,F I,50,71.08
2025-12-15,9:31:30.250482660,T,KO,F,275,71.08
2025-12-15,9:31:30.250485704,T,KO,F I,25,71.08
2025-12-15,9:31:30.250750386,T,KO,F,100,71.07
2025-12-15,9:31:30.250789423,T,KO,F,100,71.07
2025-12-15,9:31:30.251463032,T,KO,F,100,71.07
2025-12-15,9:31:30.251463032,T,KO,F,100,71.07
2025-12-15,9:31:30.251721669,T,KO,F,100,71.07
2025-12-15,9:31:30.251721669,T,KO,F,100,71.07
2025-12-15,9:31:30.251751735,T,KO,,100,71.07
2025-12-15,9:31:30.277935096,T,KO,,130,71.06
2025-12-15,9:31:30.361558289,T,KO,F,200,71.06
2025-12-15,9:31:30.361603326,T,KO,F,100,71.06
2025-12-15,9:31:30.543645139,T,KO,,250,71.055
2025-12-15,9:31:30.543666001,T,KO,,300,71.055
2025-12-15,9:31:30.555685626,T,KO,,300,71.055
2025-12-15,9:31:30.555685626,T,KO,I,50,71.055
2025-12-15,9:31:30.843323820,T,KO,F,100,71.05
2025-12-15,9:31:30.843345096,T,KO,,100,71.05
2025-12-15,9:31:30.843504156,T,KO,,100,71.05
2025-12-15,9:31:30.844806332,T,KO,,250,71.05
2025-12-15,9:31:30.845534227,T,KO,,100,71.05
2025-12-15,9:31:30.845534227,T,KO,,164,71.05
2025-12-15,9:31:30.845537109,T,KO,I,7,71.05
2025-12-15,9:31:31.004182829,T,KO,F I,29,71.05
2025-12-15,9:31:31.004185818,T,KO,F I,24,71.05
2025-12-15,9:31:31.004198022,T,KO,F I,29,71.05
2025-12-15,9:31:31.004212922,T,KO,F I,97,71.05
2025-12-15,9:31:31.004212922,T,KO,F,200,71.05
2025-12-15,9:31:31.004215964,T,KO,F,228,71.05
2025-12-15,9:31:31.004327264,T,KO,I,29,71.05
2025-12-15,9:31:31.004574369,T,KO,F I,64,71.05
2025-12-15,9:31:31.004576875,T,KO,F,286,71.05
2025-12-15,9:31:31.004949713,T,KO,,114,71.05
2025-12-15,9:31:31.649991901,T,KO,,100,71.045
2025-12-15,9:31:31.875282456,T,KO,I,68,71.04
2025-12-15,9:31:31.875300550,T,KO,F I,32,71.04
2025-12-15,9:31:31.875304060,T,KO,I,32,71.04
2025-12-15,9:31:31.875306698,T,KO,F I,32,71.04
2025-12-15,9:31:31.875315537,T,KO,F I,32,71.04
2025-12-15,9:31:31.875324692,T,KO,I,4,71.04
2025-12-15,9:31:31.875324692,T,KO,I,68,71.04
2025-12-15,9:31:31.875339739,T,KO,F I,32,71.04
2025-12-15,9:31:31.875339739,T,KO,F I,68,71.04
2025-12-15,9:31:31.875351664,T,KO,F I,32,71.04
2025-12-15,9:31:31.875354625,T,KO,F,493,71.04
2025-12-15,9:31:31.875357663,T,KO,I,4,71.04
2025-12-15,9:31:31.875877886,T,KO,F I,3,71.04
2025-12-15,9:31:31.875877886,T,KO,F,347,71.04
2025-12-15,9:31:31.876365084,T,KO,F,153,71.04
2025-12-15,9:31:31.876365084,T,KO,F,197,71.04
2025-12-15,9:31:31.876464317,T,KO,,250,71.04
2025-12-15,9:31:31.876581920,T,KO,F I,53,71.04
2025-12-15,9:31:31.876584578,T,KO,F,297,71.04
2025-12-15,9:31:31.876722969,T,KO,F,203,71.04
2025-12-15,9:31:31.876722969,T,KO,F,147,71.04
2025-12-15,9:31:31.876740945,T,KO,,100,71.04
2025-12-15,9:31:31.876762370,T,KO,F,253,71.04
2025-12-15,9:31:31.876762370,T,KO,F I,97,71.04
2025-12-15,9:31:31.876840255,T,KO,F,350,71.04
2025-12-15,9:31:31.876882311,T,KO,I,53,71.04
2025-12-15,9:31:31.876885300,T,KO,I,47,71.04
2025-12-15,9:31:31.877267207,T,KO,,100,71.03
2025-12-15,9:31:31.877955870,T,KO,I,50,71.03
2025-12-15,9:31:31.877958849,T,KO,,202,71.03
2025-12-15,9:31:31.879444487,T,KO,F I,1,71.04
2025-12-15,9:31:31.879444487,T,KO,F I,99,71.04
2025-12-15,9:31:31.879475054,T,KO,I,1,71.04
2025-12-15,9:31:32.827924884,T,KO,,100,71.02
2025-12-15,9:31:32.827924884,T,KO,I,50,71.01
2025-12-15,9:31:32.827927377,T,KO,,300,71.01
2025-12-15,9:31:32.827930384,T,KO,,100,71.01
2025-12-15,9:31:32.828679493,T,KO,F,100,71.02
2025-12-15,9:31:32.828679493,T,KO,F,226,71.02
2025-12-15,9:31:32.828682203,T,KO,F I,50,71.02
2025-12-15,9:31:32.828682203,T,KO,F,100,71.02
2025-12-15,9:31:32.828697620,T,KO,I,1,71.02
2025-12-15,9:31:32.828700775,T,KO,F,149,71.02
2025-12-15,9:31:32.828733262,T,KO,F I,50,71.02
2025-12-15,9:31:32.828823565,T,KO,F,100,71.02
2025-12-15,9:31:32.829034507,T,KO,F I,53,71.02
2025-12-15,9:31:32.829058143,T,KO,F I,26,71.02
2025-12-15,9:31:32.829193346,T,KO,F I,47,71.02
2025-12-15,9:31:33.091544178,T,KO,,100,71.02
2025-12-15,9:31:33.091544178,T,KO,I,67,71.02
2025-12-15,9:31:33.091559415,T,KO,I,1,71.02
2025-12-15,9:31:33.091565293,T,KO,F I,32,71.02
2025-12-15,9:31:33.091565293,T,KO,F I,1,71.02
2025-12-15,9:31:33.091574245,T,KO,F I,33,71.02
2025-12-15,9:31:33.091577329,T,KO,F I,33,71.02
2025-12-15,9:31:33.091583250,T,KO,F I,4,71.02
2025-12-15,9:31:33.091595449,T,KO,I,29,71.02
2025-12-15,9:31:33.091595449,T,KO,,100,71.02
2025-12-15,9:31:33.091598326,T,KO,I,3,71.02
2025-12-15,9:31:33.091601623,T,KO,F I,97,71.02
2025-12-15,9:31:33.091604310,T,KO,F I,3,71.02
2025-12-15,9:31:33.092157670,T,KO,F,350,71.02
2025-12-15,9:31:33.092398306,T,KO,F,147,71.02
2025-12-15,9:31:33.092401295,T,KO,F,203,71.02
2025-12-15,9:31:33.092431463,T,KO,,250,71.02
2025-12-15,9:31:33.094124386,T,KO,I,8,71.02
2025-12-15,9:31:33.094124386,T,KO,I,39,71.02
2025-12-15,9:31:36.928391252,T,KO,,100,70.98
2025-12-15,9:31:36.929413723,T,KO,I,40,70.96
2025-12-15,9:31:36.929476975,T,KO,F I,5,70.96
2025-12-15,9:31:36.930412592,T,KO,I,4,70.95
2025-12-15,9:31:36.930523426,T,KO,,100,70.96
2025-12-15,9:31:36.930544368,T,KO,I,1,70.96
2025-12-15,9:31:36.930598966,T,KO,I,99,70.96
2025-12-15,9:31:36.930602199,T,KO,,101,70.96
2025-12-15,9:31:36.930628654,T,KO,F,100,70.96
2025-12-15,9:31:36.930902281,T,KO,F,100,70.96
2025-12-15,9:31:36.930902281,T,KO,F I,8,70.96
2025-12-15,9:31:36.930959452,T,KO,I,50,70.96
2025-12-15,9:31:38.827080308,T,KO,I,6,70.97
2025-12-15,9:31:38.872918563,T,KO,I,20,70.97
2025-12-15,9:31:39.634459182,T,KO,I,9,70.96
2025-12-15,9:31:39.634459182,T,KO,,100,70.96
2025-12-15,9:31:39.634464322,T,KO,,250,70.96
2025-12-15,9:31:39.634464322,T,KO,,200,70.96
2025-12-15,9:31:39.634473232,T,KO,I,1,70.96
2025-12-15,9:31:39.634500916,T,KO,F,199,70.96
2025-12-15,9:31:39.634500916,T,KO,F I,1,70.96
2025-12-15,9:31:39.634504049,T,KO,F I,66,70.96
2025-12-15,9:31:39.634509621,T,KO,F I,33,70.96
2025-12-15,9:31:39.634509621,T,KO,F,167,70.96
2025-12-15,9:31:39.634512568,T,KO,,133,70.96
2025-12-15,9:31:39.634512568,T,KO,I,66,70.96
2025-12-15,9:31:39.634521691,T,KO,,134,70.96
2025-12-15,9:31:39.634521691,T,KO,I,65,70.96
2025-12-15,9:31:39.634527424,T,KO,,199,70.96
2025-12-15,9:31:39.634551586,T,KO,F I,36,70.96
2025-12-15,9:31:39.634551586,T,KO,F,200,70.96
2025-12-15,9:31:39.634554464,T,KO,F,214,70.96
2025-12-15,9:31:39.634659712,T,KO,F I,86,70.96
2025-12-15,9:31:39.634662738,T,KO,F,121,70.96
2025-12-15,9:31:39.635038589,T,KO,F I,8,70.96
2025-12-15,9:31:39.635041634,T,KO,F,100,70.96
2025-12-15,9:31:39.635463513,T,KO,I,8,70.96
2025-12-15,9:31:39.635463513,T,KO,,100,70.96
2025-12-15,9:31:39.635465614,T,KO,,100,70.96
2025-12-15,9:31:39.635477675,T,KO,I,74,70.96
2025-12-15,9:31:39.635483706,T,KO,I,5,70.96
2025-12-15,9:31:39.635487372,T,KO,,202,70.96
2025-12-15,9:31:39.635487372,T,KO,I,98,70.96
2025-12-15,9:31:39.635489696,T,KO,I,31,70.96
2025-12-15,9:31:39.635514042,T,KO,F,100,70.96
2025-12-15,9:31:39.635516792,T,KO,F,100,70.96
2025-12-15,9:31:39.636370753,T,KO,I,50,70.95
2025-12-15,9:31:39.636376910,T,KO,F,100,70.96
2025-12-15,9:31:39.636759348,T,KO,F I,50,70.96
2025-12-15,9:31:39.637119825,T,KO,F I,26,70.97
2025-12-15,9:31:39.637119825,T,KO,F I,24,70.97
2025-12-15,9:31:39.637471467,T,KO,I,37,70.97
2025-12-15,9:31:39.637471467,T,KO,I,42,70.97
2025-12-15,9:31:39.637748074,T,KO,F I,50,70.97
2025-12-15,9:31:39.641076973,T,KO,,181,70.96
2025-12-15,9:31:39.641076973,T,KO,I,19,70.96
2025-12-15,9:31:39.650729948,T,KO,,100,70.97
2025-12-15,9:31:39.651535974,T,KO,I,24,70.97
2025-12-15,9:31:39.877782800,T,KO,I,59,70.96
2025-12-15,9:31:40.735521672,T,KO,,100,70.95
2025-12-15,9:31:40.735584729,T,KO,,189,70.95
2025-12-15,9:31:40.735653948,T,KO,F I,11,70.95
2025-12-15,9:31:40.963641907,T,KO,F,200,70.94
2025-12-15,9:31:40.963645122,T,KO,F,100,70.94
2025-12-15,9:31:40.963645122,T,KO,F,200,70.94
2025-12-15,9:31:40.963663410,T,KO,I,1,70.94
2025-12-15,9:31:40.963672128,T,KO,F,199,70.94
2025-12-15,9:31:40.963672128,T,KO,F I,1,70.94
2025-12-15,9:31:40.963684116,T,KO,F I,99,70.94
2025-12-15,9:31:40.963684116,T,KO,F,101,70.94
2025-12-15,9:31:40.963690002,T,KO,,199,70.94
2025-12-15,9:31:40.963690002,T,KO,I,1,70.94
2025-12-15,9:31:40.963729082,T,KO,F I,99,70.94
2025-12-15,9:31:40.963870573,T,KO,F,100,70.94
2025-12-15,9:31:40.963870573,T,KO,F,300,70.94
2025-12-15,9:31:40.963873491,T,KO,F,100,70.94
2025-12-15,9:31:40.963983019,T,KO,,100,70.95
2025-12-15,9:31:40.963983019,T,KO,,100,70.95
2025-12-15,9:31:40.963987706,T,KO,,100,70.95
2025-12-15,9:31:40.963987706,T,KO,,100,70.95
2025-12-15,9:31:40.963991696,T,KO,,100,70.95
2025-12-15,9:31:40.963994395,T,KO,I,7,70.95
2025-12-15,9:31:40.963994395,T,KO,I,36,70.95
2025-12-15,9:31:40.963996724,T,KO,I,50,70.95
2025-12-15,9:31:41.645542989,T,KO,,250,70.965
2025-12-15,9:31:41.645600075,T,KO,,177,70.965
2025-12-15,9:31:41.662783079,T,KO,I,50,70.965
2025-12-15,9:31:43.135676084,T,KO,F,135,70.95
2025-12-15,9:31:43.135679805,T,KO,F,100,70.95
2025-12-15,9:31:43.135682550,T,KO,F I,50,70.95
2025-12-15,9:31:43.135685080,T,KO,F,100,70.95
2025-12-15,9:31:43.135688704,T,KO,F,200,70.95
2025-12-15,9:31:43.135688704,T,KO,F I,1,70.95
2025-12-15,9:31:43.135694081,T,KO,I,1,70.95
2025-12-15,9:31:43.135701335,T,KO,,199,70.95
2025-12-15,9:31:43.135703173,T,KO,,100,70.95
2025-12-15,9:31:43.135706285,T,KO,I,2,70.95
2025-12-15,9:31:43.135709740,T,KO,F,200,70.95
2025-12-15,9:31:43.135718878,T,KO,I,98,70.95
2025-12-15,9:31:43.135721275,T,KO,,203,70.95
2025-12-15,9:31:43.135736474,T,KO,F I,64,70.95
2025-12-15,9:31:43.135739576,T,KO,F I,97,70.95
2025-12-15,9:31:43.135742257,T,KO,F I,38,70.95
2025-12-15,9:31:43.135880603,T,KO,F I,62,70.95
2025-12-15,9:31:43.136157259,T,KO,,200,70.94
2025-12-15,9:31:43.136202406,T,KO,,100,70.94
2025-12-15,9:31:43.136701730,T,KO,F,200,70.94
2025-12-15,9:31:43.136701730,T,KO,F I,14,70.94
2025-12-15,9:31:43.136704600,T,KO,F I,1,70.94
2025-12-15,9:31:43.138475744,T,KO,F,100,70.93
2025-12-15,9:31:43.138932837,T,KO,F I,1,70.93
2025-12-15,9:31:43.141059036,T,KO,F I,99,70.93
2025-12-15,9:31:43.141061851,T,KO,F,100,70.93
2025-12-15,9:31:43.646189920,T,KO,I,1,70.915
2025-12-15,9:31:48.039124315,T,KO,I,20,70.92
2025-12-15,9:31:48.039271765,T,KO,,180,70.92
2025-12-15,9:31:48.076208668,T,KO,F I,50,70.93
2025-12-15,9:31:48.076208668,T,KO,F,101,70.93
2025-12-15,9:31:48.076214707,T,KO,F,100,70.93
2025-12-15,9:31:48.076214707,T,KO,F,165,70.93
2025-12-15,9:31:48.076217773,T,KO,F,100,70.93
2025-12-15,9:31:48.076224655,T,KO,,100,70.915
2025-12-15,9:31:48.076227401,T,KO,,300,70.915
2025-12-15,9:31:48.076229873,T,KO,I,56,70.91
2025-12-15,9:31:48.076789914,T,KO,,100,70.92
2025-12-15,9:31:48.076789914,T,KO,I,57,70.92
2025-12-15,9:31:48.076810611,T,KO,I,1,70.92
2025-12-15,9:31:48.077540898,T,KO,I,50,70.925
2025-12-15,9:31:48.096546691,T,KO,F,100,70.93
2025-12-15,9:31:48.096546691,T,KO,F,100,70.93
2025-12-15,9:31:48.096549119,T,KO,F I,50,70.93
2025-12-15,9:31:48.096552113,T,KO,F,165,70.93
2025-12-15,9:31:48.097584527,T,KO,I,34,70.94
2025-12-15,9:31:48.097584527,T,KO,,100,70.94
2025-12-15,9:31:48.097587387,T,KO,I,31,70.94
2025-12-15,9:31:48.687526388,T,KO,F,165,70.96
2025-12-15,9:31:48.687528582,T,KO,F,165,70.96
2025-12-15,9:31:48.687531665,T,KO,F I,50,70.96
2025-12-15,9:31:48.732130910,T,KO,,100,70.98
2025-12-15,9:31:49.332489709,T,KO,,100,71.01
2025-12-15,9:31:52.641561780,T,KO,,156,71.035
2025-12-15,9:31:52.656754653,T,KO,I,94,71.035
2025-12-15,9:31:52.656757261,T,KO,I,6,71.05
2025-12-15,9:31:52.656799344,T,KO,,266,71.04
2025-12-15,9:31:52.656799344,T,KO,I,88,71.03
2025-12-15,9:31:52.657187449,T,KO,F,266,71.04
2025-12-15,9:31:52.657229204,T,KO,,100,71.04
2025-12-15,9:31:52.657229204,T,KO,I,94,71.05
2025-12-15,9:31:52.657236497,T,KO,,100,71.05
2025-12-15,9:31:52.657236497,T,KO,,124,71.05
2025-12-15,9:31:52.657241215,T,KO,,225,71.05
2025-12-15,9:31:52.657250762,T,KO,I,1,71.04
2025-12-15,9:31:52.657286370,T,KO,F I,34,71.04
2025-12-15,9:31:52.657295649,T,KO,F,100,71.03
2025-12-15,9:31:52.657295649,T,KO,F,200,71.02
2025-12-15,9:31:52.657307377,T,KO,F I,4,71.02
2025-12-15,9:31:52.657358413,T,KO,F I,50,71.02
2025-12-15,9:31:52.667899283,T,KO,F I,39,71.04
2025-12-15,9:31:52.667905014,T,KO,F,100,71.04
2025-12-15,9:31:52.667905014,T,KO,F,203,71.04
2025-12-15,9:31:52.667905014,T,KO,F I,1,71.04
2025-12-15,9:31:52.667907578,T,KO,F,433,71.04
2025-12-15,9:31:52.667910537,T,KO,F I,99,71.04
2025-12-15,9:31:52.667998496,T,KO,F I,4,71.04
2025-12-15,9:31:54.865515688,T,KO,,200,71.0
2025-12-15,9:31:54.865520955,T,KO,,200,71.0
2025-12-15,9:31:54.865533030,T,KO,I,1,71.0
2025-12-15,9:31:54.865535837,T,KO,I,99,71.0
2025-12-15,9:31:54.865539779,T,KO,I,19,71.0
2025-12-15,9:31:54.865544612,T,KO,I,1,71.0
2025-12-15,9:31:54.865544612,T,KO,F,100,71.0
2025-12-15,9:31:54.865556779,T,KO,F I,1,71.0
2025-12-15,9:31:54.865556779,T,KO,I,1,71.0
2025-12-15,9:31:54.865562753,T,KO,I,78,71.0
2025-12-15,9:31:54.865562753,T,KO,,146,71.0
2025-12-15,9:31:54.865571990,T,KO,I,54,71.0
2025-12-15,9:31:54.865571990,T,KO,I,45,71.0
2025-12-15,9:31:54.866067897,T,KO,I,55,71.0
2025-12-15,9:31:54.866070963,T,KO,,245,71.0
2025-12-15,9:31:54.867309984,T,KO,F I,55,71.0
2025-12-15,9:31:56.215913723,T,KO,F,100,70.98
2025-12-15,9:31:56.215934852,T,KO,,100,70.98
2025-12-15,9:31:56.215938550,T,KO,I,1,70.98
2025-12-15,9:31:56.215965193,T,KO,F I,81,70.98
2025-12-15,9:31:56.215968055,T,KO,I,19,70.98
2025-12-15,9:31:56.215968055,T,KO,I,81,70.98
2025-12-15,9:31:56.216560335,T,KO,I,18,70.98
2025-12-15,9:31:56.216635496,T,KO,,100,70.98
2025-12-15,9:31:56.218145050,T,KO,,100,70.98
2025-12-15,9:31:56.218166466,T,KO,I,1,70.98
2025-12-15,9:31:56.218169715,T,KO,F,176,70.98
2025-12-15,9:31:56.218172553,T,KO,F,267,70.98
2025-12-15,9:31:56.218172553,T,KO,F,100,70.98
2025-12-15,9:31:56.218187192,T,KO,F,167,70.98
2025-12-15,9:31:56.417444751,T,KO,F I,83,70.99
2025-12-15,9:31:56.417465804,T,KO,I,52,70.99
2025-12-15,9:31:56.417595036,T,KO,,359,70.99
2025-12-15,9:31:56.417598055,T,KO,,332,70.99
2025-12-15,9:31:56.951630978,T,KO,,250,70.985
2025-12-15,9:31:56.954403665,T,KO,,200,70.98
2025-12-15,9:31:56.954505779,T,KO,,200,70.98
2025-12-15,9:31:58.492831649,T,KO,,130,70.99
2025-12-15,9:31:58.492831649,T,KO,F,161,70.99
2025-12-15,9:31:58.493652506,T,KO,,100,71.01
2025-12-15,9:31:59.486689687,T,KO,I,33,71.01
2025-12-15,9:32:02.638186570,T,KO,,200,70.99
2025-12-15,9:32:02.638189593,T,KO,I,5,70.99
2025-12-15,9:32:02.638676605,T,KO,F,100,70.97
2025-12-15,9:32:02.638679730,T,KO,F I,50,70.97
2025-12-15,9:32:02.638730841,T,KO,F,100,70.97
2025-12-15,9:32:02.638730841,T,KO,F I,50,70.97
2025-12-15,9:32:02.640510972,T,KO,F,101,70.96
2025-12-15,9:32:02.640513994,T,KO,F,100,70.96
2025-12-15,9:32:04.129678689,T,KO,F I,50,70.99
2025-12-15,9:32:04.131576234,T,KO,F I,1,71.0
2025-12-15,9:32:04.131579157,T,KO,F,100,71.0
2025-12-15,9:32:06.158066539,T,KO,F I,13,71.02
2025-12-15,9:32:07.093095424,T,KO,F,100,71.055
2025-12-15,9:32:07.099479834,T,KO,,100,71.06
2025-12-15,9:32:07.099990881,T,KO,,150,71.06
2025-12-15,9:32:07.100595310,T,KO,F I,50,71.07
2025-12-15,9:32:07.101121710,T,KO,F I,9,71.07
2025-12-15,9:32:07.101121710,T,KO,F I,9,71.07
2025-12-15,9:32:07.101124861,T,KO,F,100,71.07
2025-12-15,9:32:07.106540512,T,KO,F,250,71.07
2025-12-15,9:32:07.106540512,T,KO,F I,50,71.07
2025-12-15,9:32:07.106892296,T,KO,F I,46,71.07
2025-12-15,9:32:07.106892296,T,KO,F I,46,71.07
2025-12-15,9:32:08.111570182,T,KO,F I,30,71.08
2025-12-15,9:32:08.111591517,T,KO,I,3,71.08
2025-12-15,9:32:08.111591517,T,KO,I,14,71.08
2025-12-15,9:32:11.288099308,T,KO,F I,50,71.11
2025-12-15,9:32:11.288627839,T,KO,F I,15,71.11
2025-12-15,9:32:11.288630755,T,KO,F I,47,71.11
2025-12-15,9:32:11.510715687,T,KO,I,2,71.135
2025-12-15,9:32:11.847484849,T,KO,,400,71.12
2025-12-15,9:32:11.847493803,T,KO,F,200,71.12
2025-12-15,9:32:11.847493803,T,KO,F,100,71.12
2025-12-15,9:32:11.847984055,T,KO,F I,13,71.11
2025-12-15,9:32:11.848005093,T,KO,F,287,71.11
2025-12-15,9:32:13.788595888,T,KO,,200,71.1
2025-12-15,9:32:13.788599129,T,KO,,100,71.1
2025-12-15,9:32:13.788614609,T,KO,I,1,71.1
2025-12-15,9:32:13.788644188,T,KO,,199,71.1
2025-12-15,9:32:13.788647082,T,KO,I,1,71.1
2025-12-15,9:32:13.788890865,T,KO,F I,88,71.11
2025-12-15,9:32:13.788894277,T,KO,F,100,71.11
2025-12-15,9:32:13.788897496,T,KO,F,100,71.11
2025-12-15,9:32:13.788897496,T,KO,F,100,71.11
2025-12-15,9:32:13.788900369,T,KO,F,100,71.11
2025-12-15,9:32:13.788900369,T,KO,F,100,71.11
2025-12-15,9:32:13.788905926,T,KO,F,100,71.11
2025-12-15,9:32:13.788905926,T,KO,F I,50,71.11
2025-12-15,9:32:13.789046986,T,KO,F I,61,71.11
2025-12-15,9:32:13.789053032,T,KO,I,10,71.11
2025-12-15,9:32:14.300532207,T,KO,,100,71.115
2025-12-15,9:32:15.651433646,T,KO,,100,71.11
2025-12-15,9:32:15.651433646,T,KO,I,82,71.11
2025-12-15,9:32:15.651452074,T,KO,I,18,71.11
2025-12-15,9:32:15.651454641,T,KO,,100,71.11
2025-12-15,9:32:15.651457574,T,KO,,100,71.11
2025-12-15,9:32:15.651457574,T,KO,F,218,71.11
2025-12-15,9:32:15.651460681,T,KO,F I,82,71.11
2025-12-15,9:32:15.651478752,T,KO,F I,18,71.11
2025-12-15,9:32:15.651484646,T,KO,F,100,71.11
2025-12-15,9:32:15.651484646,T,KO,,184,71.11
2025-12-15,9:32:19.358403679,T,KO,F I,96,71.12
2025-12-15,9:32:19.358403679,T,KO,F,200,71.12
2025-12-15,9:32:19.358428949,T,KO,,118,71.12
2025-12-15,9:32:19.358428949,T,KO,I,1,71.12
2025-12-15,9:32:19.358431632,T,KO,F I,81,71.12
2025-12-15,9:32:19.358434441,T,KO,F I,44,71.12
2025-12-15,9:32:21.774683560,T,KO,F,100,71.15
2025-12-15,9:32:21.774683560,T,KO,F,100,71.15
2025-12-15,9:32:21.774734357,T,KO,I,77,71.14
2025-12-15,9:32:21.774770375,T,KO,I,77,71.15
2025-12-15,9:32:21.779022522,T,KO,,100,71.15
2025-12-15,9:32:21.781241803,T,KO,I,5,71.16
2025-12-15,9:32:21.796001020,T,KO,,100,71.16
2025-12-15,9:32:21.796265842,T,KO,F I,95,71.16
2025-12-15,9:32:21.796265842,T,KO,F I,10,71.16
2025-12-15,9:32:22.697593887,T,KO,,104,71.15
2025-12-15,9:32:22.697596792,T,KO,,100,71.15
2025-12-15,9:32:22.697600077,T,KO,,100,71.15
2025-12-15,9:32:22.697600077,T,KO,F,200,71.15
2025-12-15,9:32:22.697602405,T,KO,F,100,71.15
2025-12-15,9:32:22.697605254,T,KO,F I,4,71.15
2025-12-15,9:32:22.697608801,T,KO,F,196,71.15
2025-12-15,9:32:22.697611464,T,KO,F,108,71.15
2025-12-15,9:32:22.697615413,T,KO,I,1,71.15
2025-12-15,9:32:22.697618730,T,KO,F,191,71.15
2025-12-15,9:32:22.697618730,T,KO,F,200,71.15
2025-12-15,9:32:22.797888215,T,KO,F,100,71.14
2025-12-15,9:32:22.797888215,T,KO,F,100,71.14
2025-12-15,9:32:22.797894446,T,KO,F I,7,71.14
2025-12-15,9:32:22.797894446,T,KO,F,100,71.14
2025-12-15,9:32:22.797897377,T,KO,F,100,71.14
2025-12-15,9:32:22.797897377,T,KO,F,100,71.14
2025-12-15,9:32:22.797900097,T,KO,F,100,71.14
2025-12-15,9:32:22.797910405,T,KO,F,100,71.14
2025-12-15,9:32:22.797910405,T,KO,F,200,71.14
2025-12-15,9:32:24.096428857,T,KO,F,100,71.12
2025-12-15,9:32:24.096446912,T,KO,,100,71.12
2025-12-15,9:32:24.096458947,T,KO,I,13,71.12
2025-12-15,9:32:24.096471468,T,KO,I,87,71.12
2025-12-15,9:32:24.096474015,T,KO,I,13,71.12
2025-12-15,9:32:24.096483174,T,KO,F I,87,71.12
2025-12-15,9:32:24.096483174,T,KO,F I,13,71.12
2025-12-15,9:32:24.096486092,T,KO,I,14,71.12
2025-12-15,9:32:24.096501066,T,KO,F I,73,71.12
2025-12-15,9:32:27.866330529,T,KO,F I,20,71.11
2025-12-15,9:32:27.866357598,T,KO,,180,71.11
2025-12-15,9:32:27.866372687,T,KO,I,1,71.11
2025-12-15,9:32:27.866390687,T,KO,F,199,71.11
2025-12-15,9:32:27.866643249,T,KO,I,3,71.115
2025-12-15,9:32:27.867073352,T,KO,,200,71.1
2025-12-15,9:32:28.400014652,T,KO,F,200,71.1
2025-12-15,9:32:28.400018259,T,KO,F,100,71.1
2025-12-15,9:32:28.400018259,T,KO,,299,71.1
2025-12-15,9:32:28.400023634,T,KO,I,1,71.1
2025-12-15,9:32:28.400036356,T,KO,,118,71.1
2025-12-15,9:32:28.400090147,T,KO,F I,82,71.1
2025-12-15,9:32:28.400090147,T,KO,F,200,71.1
2025-12-15,9:32:28.400092826,T,KO,F I,68,71.1
2025-12-15,9:32:28.400183031,T,KO,F I,6,71.1
2025-12-15,9:32:28.400201230,T,KO,,226,71.1
2025-12-15,9:32:31.043878511,T,KO,,250,71.08
2025-12-15,9:32:31.395045826,T,KO,F I,59,71.08
2025-12-15,9:32:32.591328014,T,KO,F,100,71.1
2025-12-15,9:32:32.591340147,T,KO,F,100,71.1
2025-12-15,9:32:32.662468548,T,KO,,200,71.1
2025-12-15,9:32:32.662487032,T,KO,I,1,71.1
2025-12-15,9:32:32.662745031,T,KO,F,100,71.11
2025-12-15,9:32:32.662751053,T,KO,F,100,71.11
2025-12-15,9:32:32.662751053,T,KO,F I,83,71.11
2025-12-15,9:32:32.662781228,T,KO,,100,71.11
2025-12-15,9:32:32.662781228,T,KO,,100,71.11
2025-12-15,9:32:32.662784176,T,KO,I,11,71.11
2025-12-15,9:32:32.662788699,T,KO,,100,71.1
2025-12-15,9:32:32.662788699,T,KO,I,5,71.1
2025-12-15,9:32:32.662790279,T,KO,,100,71.1
2025-12-15,9:32:32.662796402,T,KO,,100,71.1
2025-12-15,9:32:32.662796402,T,KO,,100,71.1
2025-12-15,9:32:32.662800054,T,KO,I,37,71.1
2025-12-15,9:32:32.662800054,T,KO,I,52,71.1
2025-12-15,9:32:32.662823308,T,KO,I,2,71.11
2025-12-15,9:32:32.662838368,T,KO,,500,71.11
2025-12-15,9:32:32.663093924,T,KO,F,100,71.11
2025-12-15,9:32:32.663135991,T,KO,F I,42,71.11
2025-12-15,9:32:32.663202146,T,KO,F,100,71.11
2025-12-15,9:32:32.877919547,T,KO,F,104,71.11
2025-12-15,9:32:32.877922519,T,KO,F,100,71.11
2025-12-15,9:32:32.877925549,T,KO,,200,71.11
2025-12-15,9:32:34.831083825,T,KO,F,100,71.1
2025-12-15,9:32:34.831083825,T,KO,F I,79,71.1
2025-12-15,9:32:34.831089408,T,KO,F,100,71.1
2025-12-15,9:32:34.831092768,T,KO,F I,79,71.1
2025-12-15,9:32:34.831095983,T,KO,I,1,71.1
2025-12-15,9:32:34.831105106,T,KO,F I,99,71.1
2025-12-15,9:32:34.831105106,T,KO,F I,1,71.1
2025-12-15,9:32:34.831122544,T,KO,F I,96,71.1
2025-12-15,9:32:34.831131562,T,KO,F I,3,71.1
2025-12-15,9:32:34.831131562,T,KO,F I,21,71.1
2025-12-15,9:32:35.845973584,T,KO,F,100,71.11
2025-12-15,9:32:35.846274224,T,KO,F I,50,71.12
2025-12-15,9:32:37.855374368,T,KO,,100,71.12
2025-12-15,9:32:38.664084299,T,KO,,100,71.125
2025-12-15,9:32:38.788875514,T,KO,,100,71.125
2025-12-15,9:32:39.302306392,T,KO,,200,71.12
2025-12-15,9:32:39.302790510,T,KO,F,200,71.11
2025-12-15,9:32:39.302992028,T,KO,,100,71.11
2025-12-15,9:32:44.288436693,T,KO,,180,71.12
2025-12-15,9:32:54.229065909,T,KO,F,147,71.11
2025-12-15,9:32:54.229065909,T,KO,F I,53,71.11
2025-12-15,9:32:54.229071066,T,KO,F,100,71.11
2025-12-15,9:32:54.229389775,T,KO,F,100,71.1
2025-12-15,9:32:54.230349129,T,KO,,200,71.09
2025-12-15,9:32:54.230352080,T,KO,,200,71.09
2025-12-15,9:32:54.230391240,T,KO,F,200,71.09
2025-12-15,9:32:54.230391240,T,KO,F,100,71.09
2025-12-15,9:32:54.304391409,T,KO,F I,78,71.11
2025-12-15,9:32:54.309961542,T,KO,F,100,71.115
2025-12-15,9:32:54.309961542,T,KO,F,100,71.11
2025-12-15,9:32:54.309966712,T,KO,F I,11,71.11
2025-12-15,9:32:54.309972713,T,KO,F,100,71.11
2025-12-15,9:32:54.310032873,T,KO,F,100,71.11
2025-12-15,9:32:54.310057124,T,KO,I,1,71.11
2025-12-15,9:32:54.310057124,T,KO,I,52,71.11
2025-12-15,9:32:54.310059940,T,KO,I,11,71.11
2025-12-15,9:32:54.310544365,T,KO,,100,71.11
2025-12-15,9:32:54.310547465,T,KO,,100,71.11
2025-12-15,9:32:54.310547465,T,KO,I,8,71.11
2025-12-15,9:32:54.310554057,T,KO,I,1,71.11
2025-12-15,9:32:54.310554057,T,KO,I,2,71.11
2025-12-15,9:32:54.310556063,T,KO,I,50,71.11
2025-12-15,9:32:54.310637294,T,KO,F,100,71.11
2025-12-15,9:32:54.311443970,T,KO,F I,78,71.12
2025-12-15,9:32:54.311443970,T,KO,F,100,71.12
2025-12-15,9:32:54.311446194,T,KO,F I,47,71.12
2025-12-15,9:32:54.311464625,T,KO,,168,71.12
2025-12-15,9:32:54.311467334,T,KO,I,16,71.12
2025-12-15,9:32:54.312333477,T,KO,F,100,71.13
2025-12-15,9:32:54.312333477,T,KO,F,153,71.13
2025-12-15,9:32:54.314766067,T,KO,I,87,71.13
2025-12-15,9:32:54.320554852,T,KO,F I,11,71.13
2025-12-15,9:32:54.320554852,T,KO,F I,61,71.13
2025-12-15,9:32:54.320557893,T,KO,F I,12,71.13
2025-12-15,9:32:54.320557893,T,KO,F I,87,71.13
2025-12-15,9:32:55.302943544,T,KO,F I,71,71.12
2025-12-15,9:32:55.783984214,T,KO,I,4,71.12
2025-12-15,9:32:55.783987199,T,KO,,100,71.12
2025-12-15,9:32:55.801657382,T,KO,,196,71.12
2025-12-15,9:32:55.845044609,T,KO,,200,71.12
2025-12-15,9:32:56.727893307,T,KO,F,100,71.12
2025-12-15,9:32:57.986946853,T,KO,F,260,71.12
2025-12-15,9:32:58.066227672,T,KO,I,10,71.12
2025-12-15,9:32:58.472880252,T,KO,I,90,71.12
2025-12-15,9:32:59.014169491,T,KO,F,200,71.14
2025-12-15,9:32:59.014188009,T,KO,F,100,71.14
2025-12-15,9:32:59.612793145,T,KO,F I,7,71.16
2025-12-15,9:33:00.169491006,T,KO,,100,71.165
2025-12-15,9:33:00.169743620,T,KO,F,100,71.16
2025-12-15,9:33:00.169746631,T,KO,F I,25,71.16
2025-12-15,9:33:00.169746631,T,KO,F I,27,71.16
2025-12-15,9:33:00.169764709,T,KO,I,29,71.16
2025-12-15,9:33:00.169764709,T,KO,I,1,71.16
2025-12-15,9:33:00.169812807,T,KO,,100,71.16
2025-12-15,9:33:00.170014255,T,KO,,100,71.16
2025-12-15,9:33:00.170017243,T,KO,I,10,71.16
2025-12-15,9:33:00.170164563,T,KO,F,100,71.16
2025-12-15,9:33:00.217569528,T,KO,,100,71.155
2025-12-15,9:33:00.217581496,T,KO,F I,1,71.15
2025-12-15,9:33:00.217599569,T,KO,F,199,71.15
2025-12-15,9:33:00.217602625,T,KO,F,100,71.15
2025-12-15,9:33:00.276085856,T,KO,F,350,71.14
2025-12-15,9:33:00.276230268,T,KO,,200,71.14
2025-12-15,9:33:00.276440674,T,KO,F,350,71.14
2025-12-15,9:33:00.276473817,T,KO,F,350,71.14
2025-12-15,9:33:00.297409798,T,KO,,100,71.145
2025-12-15,9:33:00.316622396,T,KO,F,100,71.14
2025-12-15,9:33:00.318619151,T,KO,I,50,71.14
2025-12-15,9:33:00.319001125,T,KO,F,100,71.12
2025-12-15,9:33:00.330491497,T,KO,F I,1,71.11
2025-12-15,9:33:00.330510974,T,KO,F,199,71.11
2025-12-15,9:33:00.330510974,T,KO,F,100,71.11
2025-12-15,9:33:00.330515781,T,KO,F,100,71.11
2025-12-15,9:33:00.330548562,T,KO,F,200,71.11
2025-12-15,9:33:00.330557830,T,KO,,100,71.11
2025-12-15,9:33:00.330557830,T,KO,,150,71.11
2025-12-15,9:33:00.330560677,T,KO,F I,50,71.11
2025-12-15,9:33:00.330566636,T,KO,F I,50,71.11
2025-12-15,9:33:00.330587733,T,KO,F,100,71.11
2025-12-15,9:33:00.331240209,T,KO,I,50,71.11
2025-12-15,9:33:00.331243252,T,KO,,200,71.11
2025-12-15,9:33:00.331243252,T,KO,I,50,71.11
2025-12-15,9:33:01.709984956,T,KO,,300,71.115
2025-12-15,9:33:02.976030369,T,KO,F,200,71.11
2025-12-15,9:33:02.976042299,T,KO,I,1,71.11
2025-12-15,9:33:02.976069477,T,KO,F,199,71.11
2025-12-15,9:33:02.976099449,T,KO,F,200,71.11
2025-12-15,9:33:02.976469388,T,KO,F,200,71.11
2025-12-15,9:33:02.976493317,T,KO,,116,71.11
2025-12-15,9:33:02.976509337,T,KO,F I,84,71.11
2025-12-15,9:33:02.976509337,T,KO,F I,16,71.11
2025-12-15,9:33:02.976520562,T,KO,F,184,71.11
2025-12-15,9:33:02.976523484,T,KO,F I,16,71.11
2025-12-15,9:33:02.976553555,T,KO,F,200,71.11
2025-12-15,9:33:02.976598721,T,KO,F,200,71.11
2025-12-15,9:33:02.976619847,T,KO,,118,71.11
2025-12-15,9:33:02.976640824,T,KO,F I,82,71.11
2025-12-15,9:33:02.976643685,T,KO,F,118,71.11
2025-12-15,9:33:03.156297591,T,KO,,100,71.095
2025-12-15,9:33:05.587918947,T,KO,F I,5,71.09
2025-12-15,9:33:05.587918947,T,KO,F,161,71.09
2025-12-15,9:33:05.587934095,T,KO,I,1,71.09
2025-12-15,9:33:05.587937303,T,KO,I,38,71.09
2025-12-15,9:33:05.587937303,T,KO,,166,71.09
2025-12-15,9:33:05.587940944,T,KO,F I,34,71.09
2025-12-15,9:33:05.587940944,T,KO,F I,5,71.09
2025-12-15,9:33:05.587946491,T,KO,F I,15,71.09
2025-12-15,9:33:05.588012147,T,KO,F I,35,71.09
2025-12-15,9:33:05.588012147,T,KO,F I,39,71.09
2025-12-15,9:33:05.588264685,T,KO,I,3,71.095
2025-12-15,9:33:05.588270771,T,KO,F,131,71.09
2025-12-15,9:33:05.588523309,T,KO,F,200,71.09
2025-12-15,9:33:05.588631930,T,KO,I,75,71.09
2025-12-15,9:33:05.588634622,T,KO,,200,71.09
2025-12-15,9:33:05.589311165,T,KO,,200,71.08
2025-12-15,9:33:05.589344308,T,KO,,200,71.08
2025-12-15,9:33:05.589368412,T,KO,,100,71.08
2025-12-15,9:33:05.909964923,T,KO,,260,71.045
2025-12-15,9:33:05.928004827,T,KO,I,40,71.045
2025-12-15,9:33:08.069143302,T,KO,F,300,71.05
2025-12-15,9:33:08.069173578,T,KO,,100,71.06
2025-12-15,9:33:08.069251878,T,KO,I,72,71.05
2025-12-15,9:33:08.069251878,T,KO,,100,71.05
2025-12-15,9:33:08.069258191,T,KO,,100,71.05
2025-12-15,9:33:08.069258191,T,KO,,100,71.05
2025-12-15,9:33:08.069262154,T,KO,,100,71.05
2025-12-15,9:33:08.069262154,T,KO,I,50,71.05
2025-12-15,9:33:08.069266668,T,KO,,100,71.04
2025-12-15,9:33:08.069266668,T,KO,,100,71.04
2025-12-15,9:33:08.069270287,T,KO,I,72,71.04
2025-12-15,9:33:08.069270287,T,KO,,100,71.04
2025-12-15,9:33:08.069273548,T,KO,I,20,71.04
2025-12-15,9:33:08.069468177,T,KO,F,100,71.05
2025-12-15,9:33:08.069474554,T,KO,F I,20,71.05
2025-12-15,9:33:08.069474554,T,KO,F,100,71.05
2025-12-15,9:33:08.069477093,T,KO,F I,90,71.05
2025-12-15,9:33:08.069766203,T,KO,I,49,71.06
2025-12-15,9:33:08.069768808,T,KO,I,12,71.06
2025-12-15,9:33:08.069789873,T,KO,I,30,71.06
2025-12-15,9:33:08.069826132,T,KO,F I,44,71.06
2025-12-15,9:33:08.069841008,T,KO,I,25,71.06
2025-12-15,9:33:08.069952254,T,KO,F I,50,71.06
2025-12-15,9:33:08.069973913,T,KO,I,1,71.06
2025-12-15,9:33:08.069973913,T,KO,,100,71.06
2025-12-15,9:33:08.069979912,T,KO,I,50,71.05
2025-12-15,9:33:08.069979912,T,KO,,100,71.05
2025-12-15,9:33:08.069982352,T,KO,I,44,71.06
2025-12-15,9:33:08.069991340,T,KO,I,25,71.06
2025-12-15,9:33:08.070006457,T,KO,F I,31,71.06
2025-12-15,9:33:08.121708600,T,KO,F I,3,71.05
2025-12-15,9:33:08.121750605,T,KO,F I,97,71.05
2025-12-15,9:33:08.121753697,T,KO,F I,1,71.05
2025-12-15,9:33:08.121771721,T,KO,F I,99,71.05
2025-12-15,9:33:09.151060086,T,KO,F I,1,71.04
2025-12-15,9:33:09.151249635,T,KO,F I,98,71.04
2025-12-15,9:33:09.151270662,T,KO,I,1,71.04
2025-12-15,9:33:09.151345747,T,KO,,200,71.04
2025-12-15,9:33:09.151345747,T,KO,,200,71.04
2025-12-15,9:33:09.151367527,T,KO,,100,71.04
2025-12-15,9:33:09.179664205,T,KO,,100,71.045
2025-12-15,9:33:09.179694345,T,KO,F I,31,71.05
2025-12-15,9:33:09.179697358,T,KO,F,100,71.05
2025-12-15,9:33:09.179970942,T,KO,I,23,71.05
2025-12-15,9:33:10.674301962,T,KO,F I,23,71.06
2025-12-15,9:33:10.674316989,T,KO,I,8,71.06
2025-12-15,9:33:10.680099778,T,KO,F I,13,71.06
2025-12-15,9:33:10.680701179,T,KO,F,100,71.05
2025-12-15,9:33:10.680722440,T,KO,I,1,71.05
2025-12-15,9:33:10.680734338,T,KO,I,99,71.05
2025-12-15,9:33:10.680737600,T,KO,,100,71.05
2025-12-15,9:33:10.680741191,T,KO,,100,71.05
2025-12-15,9:33:10.680741191,T,KO,I,1,71.05
2025-12-15,9:33:10.681543283,T,KO,I,1,71.05
2025-12-15,9:33:18.152611880,T,KO,,100,71.055
2025-12-15,9:33:18.293720406,T,KO,,100,71.05
2025-12-15,9:33:18.293720406,T,KO,,100,71.05
2025-12-15,9:33:18.293736672,T,KO,I,4,71.05
2025-12-15,9:33:18.293736672,T,KO,I,1,71.05
2025-12-15,9:33:18.293747739,T,KO,F I,95,71.05
2025-12-15,9:33:18.293747739,T,KO,F I,5,71.05
2025-12-15,9:33:18.293753406,T,KO,F I,93,71.05
2025-12-15,9:33:18.293753406,T,KO,F,100,71.05
2025-12-15,9:33:18.293756060,T,KO,F,157,71.05
2025-12-15,9:33:18.293801425,T,KO,F I,45,71.05
2025-12-15,9:33:18.293801425,T,KO,F I,55,71.05
2025-12-15,9:33:18.293807235,T,KO,I,45,71.05
2025-12-15,9:33:18.293807235,T,KO,I,55,71.05
2025-12-15,9:33:18.293810481,T,KO,F I,98,71.05
2025-12-15,9:33:18.293813236,T,KO,F I,47,71.05
2025-12-15,9:33:18.293816263,T,KO,F,100,71.05
2025-12-15,9:33:18.293816263,T,KO,F,104,71.04
2025-12-15,9:33:18.294213977,T,KO,F I,96,71.04
2025-12-15,9:33:18.294216213,T,KO,F I,1,71.04
2025-12-15,9:33:18.294271211,T,KO,F,200,71.04
2025-12-15,9:33:18.294271211,T,KO,F,100,71.04
2025-12-15,9:33:18.296273074,T,KO,F,200,71.03
2025-12-15,9:33:18.296300128,T,KO,F,200,71.03
2025-12-15,9:33:18.296300128,T,KO,F,100,71.03
2025-12-15,9:33:18.296304070,T,KO,F I,50,71.03
2025-12-15,9:33:18.296306154,T,KO,F,150,71.03
2025-12-15,9:33:18.296309167,T,KO,F I,50,71.03
2025-12-15,9:33:18.296811413,T,KO,,150,71.03
2025-12-15,9:33:18.296811413,T,KO,,100,71.03
2025-12-15,9:33:21.566748156,T,KO,,100,71.02
2025-12-15,9:33:21.566751242,T,KO,I,83,71.02
2025-12-15,9:33:23.266621783,T,KO,F I,83,71.03
2025-12-15,9:33:23.266621783,T,KO,F,100,71.03
2025-12-15,9:33:23.266657890,T,KO,F I,71,71.04
2025-12-15,9:33:23.266672935,T,KO,,100,71.02
2025-12-15,9:33:23.266675839,T,KO,I,66,71.02
2025-12-15,9:33:23.266682156,T,KO,,100,71.02
2025-12-15,9:33:23.266682156,T,KO,I,34,71.02
2025-12-15,9:33:23.266693992,T,KO,I,1,71.02
2025-12-15,9:33:23.267001114,T,KO,I,34,71.04
2025-12-15,9:33:23.267004179,T,KO,I,50,71.04
2025-12-15,9:33:23.267004179,T,KO,I,1,71.04
2025-12-15,9:33:23.267006621,T,KO,I,83,71.04
2025-12-15,9:33:23.267009603,T,KO,,100,71.04
2025-12-15,9:33:23.268621564,T,KO,F I,1,71.04
2025-12-15,9:33:23.268624560,T,KO,F I,1,71.04
2025-12-15,9:33:23.268627836,T,KO,F I,49,71.04
2025-12-15,9:33:23.268627836,T,KO,F I,49,71.04
2025-12-15,9:33:24.138016065,T,KO,F I,82,71.06
2025-12-15,9:33:24.138044018,T,KO,F,100,71.07
2025-12-15,9:33:24.138044018,T,KO,F I,50,71.07
2025-12-15,9:33:24.138115289,T,KO,F I,1,71.07
2025-12-15,9:33:24.165408346,T,KO,,100,71.075
2025-12-15,9:33:24.166286390,T,KO,,100,71.08
2025-12-15,9:33:24.166497191,T,KO,F I,50,71.07
2025-12-15,9:33:24.543610050,T,KO,,100,71.07
2025-12-15,9:33:24.565174653,T,KO,,100,71.08
2025-12-15,9:33:24.565174653,T,KO,,100,71.08
2025-12-15,9:33:24.565177548,T,KO,,200,71.08
2025-12-15,9:33:25.740595932,T,KO,,100,71.07
2025-12-15,9:33:25.740598894,T,KO,,200,71.07
2025-12-15,9:33:25.740617427,T,KO,I,1,71.07
2025-12-15,9:33:25.740629331,T,KO,F I,3,71.07
2025-12-15,9:33:25.740629331,T,KO,F I,50,71.07
2025-12-15,9:33:25.740631961,T,KO,F,100,71.07
2025-12-15,9:33:25.740668689,T,KO,,100,71.07
2025-12-15,9:33:25.740671302,T,KO,I,18,71.07
2025-12-15,9:33:25.740674060,T,KO,F I,81,71.07
2025-12-15,9:33:25.740893696,T,KO,F,100,71.08
2025-12-15,9:33:25.740896620,T,KO,F I,50,71.08
2025-12-15,9:33:25.865844880,T,KO,F,100,71.08
2025-12-15,9:33:25.865847612,T,KO,F,100,71.08
2025-12-15,9:33:25.865850220,T,KO,F,100,71.08
2025-12-15,9:33:27.173671148,T,KO,I,50,71.065
2025-12-15,9:33:27.863108007,T,KO,I,50,71.07
2025-12-15,9:33:28.625949906,T,KO,I,1,71.065
2025-12-15,9:33:29.472511068,T,KO,,100,71.065
2025-12-15,9:33:29.473058445,T,KO,,100,71.065
2025-12-15,9:33:31.397416627,T,KO,F,260,71.09
2025-12-15,9:33:31.397416627,T,KO,F I,1,71.09
2025-12-15,9:33:31.397420357,T,KO,F I,89,71.09
2025-12-15,9:33:31.990455985,T,KO,I,50,71.09
2025-12-15,9:33:32.799485777,T,KO,F I,50,71.07
2025-12-15,9:33:33.424977618,T,KO,F,100,71.06
2025-12-15,9:33:33.424989712,T,KO,F,100,71.06
2025-12-15,9:33:33.425332424,T,KO,F,200,71.05
2025-12-15,9:33:33.425362611,T,KO,F,200,71.05
2025-12-15,9:33:33.425365846,T,KO,F,100,71.05
2025-12-15,9:33:33.425365846,T,KO,F I,50,71.05
2025-12-15,9:33:33.425371729,T,KO,F,200,71.05
2025-12-15,9:33:33.425380530,T,KO,F I,50,71.05
2025-12-15,9:33:33.425384567,T,KO,F,100,71.05
2025-12-15,9:33:33.425386623,T,KO,F,200,71.05
2025-12-15,9:33:33.648575991,T,KO,F I,1,71.04
2025-12-15,9:33:33.648575991,T,KO,F,199,71.04
2025-12-15,9:33:33.648578208,T,KO,F I,50,71.04
2025-12-15,9:33:33.648584716,T,KO,F,100,71.04
2025-12-15,9:33:33.648587941,T,KO,F,100,71.04
2025-12-15,9:33:33.648590269,T,KO,F I,49,71.04
2025-12-15,9:33:33.648593182,T,KO,,249,71.04
2025-12-15,9:33:33.648599343,T,KO,I,1,71.04
2025-12-15,9:33:33.648611178,T,KO,I,1,71.04
2025-12-15,9:33:35.107755469,T,KO,,100,71.03
2025-12-15,9:33:35.107773979,T,KO,I,1,71.03
2025-12-15,9:33:35.107786357,T,KO,F I,99,71.03
2025-12-15,9:33:35.107786357,T,KO,F I,1,71.03
2025-12-15,9:33:35.107791436,T,KO,F I,99,71.03
2025-12-15,9:33:35.107794512,T,KO,F,100,71.03
2025-12-15,9:33:35.107797453,T,KO,F,151,71.03
2025-12-15,9:33:35.107797453,T,KO,F,100,71.03
2025-12-15,9:33:35.107806530,T,KO,F I,49,71.03
2025-12-15,9:33:35.107806530,T,KO,F I,51,71.03
2025-12-15,9:33:35.107821521,T,KO,F I,70,71.03
2025-12-15,9:33:35.107971867,T,KO,F I,79,71.03
2025-12-15,9:33:35.107975515,T,KO,F,271,71.03
2025-12-15,9:33:35.108029105,T,KO,F I,29,71.03
2025-12-15,9:33:35.108029105,T,KO,F,300,71.03
2025-12-15,9:33:35.548806841,T,KO,F,100,71.03
2025-12-15,9:33:35.549360094,T,KO,F,100,71.04
2025-12-15,9:33:37.676307890,T,KO,,100,71.055
2025-12-15,9:33:41.422633860,T,KO,I,50,71.05
2025-12-15,9:33:41.429700153,T,KO,I,7,71.055
2025-12-15,9:33:47.260356351,T,KO,F,100,71.06
2025-12-15,9:33:47.260370958,T,KO,I,1,71.06
2025-12-15,9:33:47.260374513,T,KO,I,99,71.06
2025-12-15,9:33:47.260377349,T,KO,I,1,71.06
2025-12-15,9:33:47.260382872,T,KO,F,100,71.06
2025-12-15,9:33:47.260392075,T,KO,I,99,71.06
2025-12-15,9:33:47.260434923,T,KO,,100,71.05
2025-12-15,9:33:47.260434923,T,KO,,100,71.05
2025-12-15,9:33:47.260437033,T,KO,I,61,71.05
2025-12-15,9:33:47.260452265,T,KO,I,1,71.05
2025-12-15,9:33:47.260473282,T,KO,,130,71.06
2025-12-15,9:33:47.260548275,T,KO,F,100,71.06
2025-12-15,9:33:47.260593554,T,KO,F,100,71.06
2025-12-15,9:33:47.260593554,T,KO,F,100,71.06
2025-12-15,9:33:47.260827956,T,KO,F,143,71.06
2025-12-15,9:33:47.260936366,T,KO,I,99,71.05
2025-12-15,9:33:47.260939537,T,KO,I,50,71.05
2025-12-15,9:33:48.373252402,T,KO,F,100,71.04
2025-12-15,9:33:48.373300522,T,KO,F,100,71.04
2025-12-15,9:33:48.373345857,T,KO,F I,54,71.04
2025-12-15,9:33:48.373391333,T,KO,I,46,71.04
2025-12-15,9:33:48.373393738,T,KO,I,54,71.04
2025-12-15,9:33:48.373751518,T,KO,F I,46,71.04
2025-12-15,9:33:48.373751518,T,KO,F,100,71.04
2025-12-15,9:33:48.373799647,T,KO,I,36,71.04
2025-12-15,9:33:48.373805755,T,KO,I,64,71.04
2025-12-15,9:33:48.373805755,T,KO,,200,71.04
2025-12-15,9:33:48.373808624,T,KO,I,36,71.04
2025-12-15,9:33:48.378731485,T,KO,,100,71.04
2025-12-15,9:33:48.378734673,T,KO,I,13,71.04
2025-12-15,9:33:48.378734673,T,KO,I,51,71.04
2025-12-15,9:33:48.378767445,T,KO,,300,71.04
2025-12-15,9:33:48.386730507,T,KO,I,13,71.04
2025-12-15,9:33:52.590520742,T,KO,,300,71.035
2025-12-15,9:33:52.590523443,T,KO,I,1,71.035
2025-12-15,9:33:52.590523443,T,KO,I,49,71.035
2025-12-15,9:33:52.590761475,T,KO,,100,71.04
2025-12-15,9:33:52.590761475,T,KO,,100,71.03
2025-12-15,9:33:52.590767022,T,KO,,200,71.03
2025-12-15,9:33:52.590782040,T,KO,I,1,71.03
2025-12-15,9:33:52.591061990,T,KO,I,99,71.03
2025-12-15,9:33:52.591061990,T,KO,I,4,71.03
2025-12-15,9:33:52.591064749,T,KO,,100,71.03
2025-12-15,9:33:52.591067825,T,KO,I,50,71.03
2025-12-15,9:33:52.591070674,T,KO,,100,71.03
2025-12-15,9:33:52.591070674,T,KO,,100,71.03
2025-12-15,9:33:52.591350433,T,KO,,100,71.03
2025-12-15,9:33:52.591353468,T,KO,,100,71.03
2025-12-15,9:33:52.591419723,T,KO,,100,71.03
2025-12-15,9:33:52.591419723,T,KO,,100,71.03
2025-12-15,9:33:52.591921732,T,KO,I,26,71.03
2025-12-15,9:34:01.315990989,T,KO,F,100,71.03
2025-12-15,9:34:01.315993712,T,KO,F,100,71.03
2025-12-15,9:34:01.315996675,T,KO,F,100,71.03
2025-12-15,9:34:01.315996675,T,KO,F I,1,71.03
2025-12-15,9:34:01.316072180,T,KO,F I,10,71.04
2025-12-15,9:34:01.316118198,T,KO,I,14,71.03
2025-12-15,9:34:01.316124200,T,KO,,100,71.03
2025-12-15,9:34:01.316124200,T,KO,,100,71.03
2025-12-15,9:34:01.316128922,T,KO,,100,71.03
2025-12-15,9:34:01.316128922,T,KO,I,58,71.03
2025-12-15,9:34:01.316132486,T,KO,,221,71.025
2025-12-15,9:34:01.316372711,T,KO,F I,58,71.04
2025-12-15,9:34:01.316372711,T,KO,F,100,71.04
2025-12-15,9:34:01.316490500,T,KO,F,100,71.03
2025-12-15,9:34:01.316490500,T,KO,F,100,71.03
2025-12-15,9:34:01.316493045,T,KO,F,100,71.03
2025-12-15,9:34:01.316496099,T,KO,F,100,71.03
2025-12-15,9:34:01.316496099,T,KO,F I,50,71.03
2025-12-15,9:34:01.316498900,T,KO,F,143,71.03
2025-12-15,9:34:01.316510889,T,KO,I,1,71.03
2025-12-15,9:34:01.316697323,T,KO,,156,71.03
2025-12-15,9:34:01.316908149,T,KO,,534,71.03
2025-12-15,9:34:01.317642246,T,KO,,100,71.04
2025-12-15,9:34:01.317644728,T,KO,,200,71.035
2025-12-15,9:34:01.317647740,T,KO,,100,71.03
2025-12-15,9:34:01.317650593,T,KO,,422,71.03
2025-12-15,9:34:01.320682244,T,KO,F,256,71.04
2025-12-15,9:34:01.320682244,T,KO,F I,50,71.04
2025-12-15,9:34:01.320688272,T,KO,F,100,71.04
2025-12-15,9:34:01.320688272,T,KO,F,100,71.04
2025-12-15,9:34:01.320688272,T,KO,F,100,71.04
2025-12-15,9:34:01.324025832,T,KO,,100,71.045
2025-12-15,9:34:01.364884213,T,KO,F,236,71.04
2025-12-15,9:34:01.364887488,T,KO,F,256,71.04
2025-12-15,9:34:01.364887488,T,KO,F,110,71.04
2025-12-15,9:34:01.562235125,T,KO,,100,71.04
2025-12-15,9:34:01.593488581,T,KO,I,10,71.03
2025-12-15,9:34:04.633167097,T,KO,F,100,71.04
2025-12-15,9:34:04.633182438,T,KO,I,1,71.04
2025-12-15,9:34:04.633185395,T,KO,F I,99,71.04
2025-12-15,9:34:04.633188743,T,KO,F,200,71.04
2025-12-15,9:34:04.633648316,T,KO,,100,71.035
2025-12-15,9:34:04.633648316,T,KO,,282,71.035
2025-12-15,9:34:04.636078677,T,KO,F,100,71.04
2025-12-15,9:34:04.679672913,T,KO,,100,71.05
2025-12-15,9:34:04.679961554,T,KO,,100,71.05
2025-12-15,9:34:04.679991658,T,KO,F,100,71.04
2025-12-15,9:34:04.680138934,T,KO,F I,80,71.04
2025-12-15,9:34:04.680590297,T,KO,F,100,71.04
2025-12-15,9:34:04.680617123,T,KO,F I,32,71.03
2025-12-15,9:34:04.680620066,T,KO,F,100,71.03
2025-12-15,9:34:04.680623713,T,KO,F I,50,71.03
2025-12-15,9:34:04.680623713,T,KO,F,100,71.03
2025-12-15,9:34:04.681056126,T,KO,,100,71.04
2025-12-15,9:34:04.681660613,T,KO,F,100,71.04
2025-12-15,9:34:04.681660613,T,KO,F,100,71.04
2025-12-15,9:34:04.681667314,T,KO,F I,57,71.04
2025-12-15,9:34:04.681667314,T,KO,F,100,71.04
2025-12-15,9:34:04.694164418,T,KO,F I,57,71.05
2025-12-15,9:34:07.621907602,T,KO,F I,74,71.09
2025-12-15,9:34:07.621910446,T,KO,F I,90,71.09
2025-12-15,9:34:07.621910446,T,KO,F,100,71.09
2025-12-15,9:34:07.621913370,T,KO,F,261,71.09
2025-12-15,9:34:07.621916285,T,KO,F,140,71.09
2025-12-15,9:34:07.621916285,T,KO,F I,1,71.09
2025-12-15,9:34:07.635482227,T,KO,F I,1,71.07
2025-12-15,9:34:07.635484623,T,KO,F I,39,71.07
2025-12-15,9:34:11.256116983,T,KO,F,100,71.09
2025-12-15,9:34:11.557163860,T,KO,I,4,71.095
2025-12-15,9:34:11.761509670,T,KO,F,100,71.09
2025-12-15,9:34:11.761509670,T,KO,F,100,71.09
2025-12-15,9:34:11.761512455,T,KO,F I,50,71.09
2025-12-15,9:34:11.761515476,T,KO,,250,71.09
2025-12-15,9:34:11.761527893,T,KO,I,1,71.09
2025-12-15,9:34:11.761732097,T,KO,I,6,71.09
2025-12-15,9:34:11.762286033,T,KO,,100,71.095
2025-12-15,9:34:11.762388591,T,KO,F,100,71.1
2025-12-15,9:34:11.762394471,T,KO,F,100,71.1
2025-12-15,9:34:11.762399650,T,KO,F,100,71.1
2025-12-15,9:34:11.762399650,T,KO,F I,59,71.1
2025-12-15,9:34:11.762402931,T,KO,F I,50,71.1
2025-12-15,9:34:11.762402931,T,KO,F,100,71.1
2025-12-15,9:34:11.762411862,T,KO,I,1,71.1
2025-12-15,9:34:11.762932259,T,KO,F I,99,71.1
2025-12-15,9:34:11.768128320,T,KO,F I,6,71.11
2025-12-15,9:34:11.797300711,T,KO,F,100,71.1
2025-12-15,9:34:11.797300711,T,KO,F I,74,71.1
2025-12-15,9:34:11.797664656,T,KO,F I,74,71.09
2025-12-15,9:34:11.797673678,T,KO,F I,74,71.09
2025-12-15,9:34:11.797712700,T,KO,F,350,71.09
2025-12-15,9:34:11.797817934,T,KO,,124,71.09
2025-12-15,9:34:11.799336644,T,KO,F I,62,71.1
2025-12-15,9:34:11.799339668,T,KO,F I,4,71.1
2025-12-15,9:34:11.799342952,T,KO,F I,51,71.1
2025-12-15,9:34:11.799342952,T,KO,F I,9,71.1
2025-12-15,9:34:11.799360691,T,KO,I,50,71.1
2025-12-15,9:34:11.820693392,T,KO,F I,9,71.105
2025-12-15,9:34:12.685315662,T,KO,F,118,71.1
2025-12-15,9:34:12.685318604,T,KO,F I,70,71.1
2025-12-15,9:34:12.761523161,T,KO,F,300,71.09
2025-12-15,9:34:12.761526227,T,KO,F I,50,71.09
2025-12-15,9:34:12.761538191,T,KO,I,50,71.09
2025-12-15,9:34:12.761538191,T,KO,,100,71.09
2025-12-15,9:34:12.789540913,T,KO,F I,99,71.1
2025-12-15,9:34:12.812130675,T,KO,F I,1,71.1
2025-12-15,9:34:12.824384879,T,KO,F I,6,71.11
2025-12-15,9:34:22.440050204,T,KO,F I,4,71.12
2025-12-15,9:34:24.008992728,T,KO,F,100,71.115
2025-12-15,9:34:24.008992728,T,KO,F,200,71.11
2025-12-15,9:34:24.008994913,T,KO,F I,34,71.11
2025-12-15,9:34:24.008998002,T,KO,F,100,71.11
2025-12-15,9:34:24.008998002,T,KO,,100,71.11
2025-12-15,9:34:24.009000950,T,KO,,300,71.11
2025-12-15,9:34:24.009250579,T,KO,I,27,71.11
2025-12-15,9:34:24.012402101,T,KO,,100,71.115
2025-12-15,9:34:24.016170047,T,KO,F,119,71.115
2025-12-15,9:34:24.057762058,T,KO,F I,20,71.1
2025-12-15,9:34:24.058098921,T,KO,F,200,71.09
2025-12-15,9:34:24.058120001,T,KO,I,1,71.09
2025-12-15,9:34:24.058156150,T,KO,F,199,71.09
2025-12-15,9:34:24.058156150,T,KO,F I,1,71.09
2025-12-15,9:34:24.058159050,T,KO,I,99,71.09
2025-12-15,9:34:24.058159050,T,KO,,101,71.09
2025-12-15,9:34:24.062119585,T,KO,I,99,71.09
2025-12-15,9:34:24.062119585,T,KO,,200,71.09
2025-12-15,9:34:24.064020805,T,KO,I,50,71.08
2025-12-15,9:34:24.064020805,T,KO,,200,71.08
2025-12-15,9:34:24.064026005,T,KO,,100,71.08
2025-12-15,9:34:24.064026005,T,KO,I,28,71.08
2025-12-15,9:34:24.064029170,T,KO,,100,71.08
2025-12-15,9:34:24.919999700,T,KO,I,10,71.09
2025-12-15,9:34:28.476011026,T,KO,,300,71.085
2025-12-15,9:34:29.889106365,T,KO,F I,29,71.1
2025-12-15,9:34:29.889124821,T,KO,I,71,71.1
2025-12-15,9:34:29.889127478,T,KO,,100,71.1
2025-12-15,9:34:29.889127478,T,KO,I,28,71.1
2025-12-15,9:34:29.889145561,T,KO,I,1,71.1
2025-12-15,9:34:29.890071726,T,KO,I,85,71.1
2025-12-15,9:34:29.890071726,T,KO,I,15,71.1
2025-12-15,9:34:29.890098744,T,KO,F I,44,71.1
2025-12-15,9:34:29.890111356,T,KO,I,3,71.09
2025-12-15,9:34:29.890111356,T,KO,I,84,71.09
2025-12-15,9:34:29.890117552,T,KO,I,50,71.09
2025-12-15,9:34:29.891719603,T,KO,F,100,71.08
2025-12-15,9:34:29.892017413,T,KO,F,100,71.08
2025-12-15,9:34:29.903113810,T,KO,I,41,71.08
2025-12-15,9:34:29.917632388,T,KO,F I,59,71.085
2025-12-15,9:34:29.973283217,T,KO,F I,10,71.09
2025-12-15,9:34:29.983633507,T,KO,F I,1,71.09
2025-12-15,9:34:29.995544954,T,KO,F I,5,71.09
2025-12-15,9:34:30.421891329,T,KO,F I,10,71.09
2025-12-15,9:34:30.421909358,T,KO,F I,4,71.09
2025-12-15,9:34:30.421913369,T,KO,F I,84,71.09
2025-12-15,9:34:30.421913369,T,KO,F I,53,71.09
2025-12-15,9:34:30.459790651,T,KO,,120,71.11
2025-12-15,9:34:30.466544743,T,KO,F I,40,71.1
2025-12-15,9:34:30.474703155,T,KO,F I,59,71.09
2025-12-15,9:34:30.474706218,T,KO,F,100,71.09
2025-12-15,9:34:30.475897375,T,KO,F I,59,71.09
2025-12-15,9:34:30.475897375,T,KO,F,300,71.09
2025-12-15,9:34:30.475900145,T,KO,F,100,71.1
2025-12-15,9:34:30.475902997,T,KO,F,100,71.1
2025-12-15,9:34:30.475905951,T,KO,F I,59,71.1
2025-12-15,9:34:30.475905951,T,KO,F,249,71.1
2025-12-15,9:34:30.476366617,T,KO,F I,59,71.09
2025-12-15,9:34:30.476366617,T,KO,F,100,71.09
2025-12-15,9:34:30.476372226,T,KO,F,100,71.09
2025-12-15,9:34:30.476372226,T,KO,F I,91,71.09
2025-12-15,9:34:30.476453405,T,KO,F I,46,71.09
2025-12-15,9:34:30.476453405,T,KO,F,100,71.08
2025-12-15,9:34:30.476688120,T,KO,F I,73,71.08
2025-12-15,9:34:30.476691421,T,KO,F I,50,71.08
2025-12-15,9:34:30.765562179,T,KO,F,100,71.07
2025-12-15,9:34:30.765562179,T,KO,F I,27,71.07
2025-12-15,9:34:30.778077599,T,KO,F I,50,71.05
2025-12-15,9:34:30.778077599,T,KO,F,100,71.05
2025-12-15,9:34:32.531541794,T,KO,I,50,71.04
2025-12-15,9:34:32.531541794,T,KO,I,1,71.04
2025-12-15,9:34:32.545449970,T,KO,F I,36,71.04
2025-12-15,9:34:32.668764650,T,KO,F I,2,71.04
2025-12-15,9:34:33.302193335,T,KO,F,100,71.03
2025-12-15,9:34:33.380809610,T,KO,F I,6,71.03
2025-12-15,9:34:34.951086360,T,KO,F I,6,71.02
2025-12-15,9:34:36.844786668,T,KO,F,100,71.01
2025-12-15,9:34:36.874524504,T,KO,F I,47,71.0
2025-12-15,9:34:38.296250555,T,KO,F I,3,71.0
2025-12-15,9:34:38.296268513,T,KO,I,97,71.0
2025-12-15,9:34:38.296271565,T,KO,I,2,71.0
2025-12-15,9:34:38.296274535,T,KO,I,15,71.0
2025-12-15,9:34:38.296296833,T,KO,,100,70.995
2025-12-15,9:34:38.296299770,T,KO,I,1,70.995
2025-12-15,9:34:38.296313666,T,KO,I,56,71.0
2025-12-15,9:34:38.296370737,T,KO,I,5,70.99
2025-12-15,9:34:38.296370737,T,KO,I,72,70.99
2025-12-15,9:34:38.296373811,T,KO,I,2,70.99
2025-12-15,9:34:38.296373811,T,KO,I,50,70.99
2025-12-15,9:34:38.307437117,T,KO,F I,30,70.98
2025-12-15,9:34:38.307464184,T,KO,F I,26,70.98
2025-12-15,9:34:38.319294407,T,KO,F I,3,70.99
2025-12-15,9:34:39.433445055,T,KO,,100,70.99
2025-12-15,9:34:39.433463096,T,KO,,100,70.99
2025-12-15,9:34:39.465423111,T,KO,I,3,71.0
2025-12-15,9:34:39.465426202,T,KO,,100,71.0
2025-12-15,9:34:39.465909365,T,KO,F I,56,70.99
2025-12-15,9:34:39.465909365,T,KO,F I,11,70.99
2025-12-15,9:34:39.465913350,T,KO,F I,50,70.99
2025-12-15,9:34:39.476594858,T,KO,F I,34,70.99
2025-12-15,9:34:39.476630902,T,KO,F I,22,70.99
2025-12-15,9:34:39.476630902,T,KO,F I,22,70.99
2025-12-15,9:34:39.476982708,T,KO,I,56,71.0
2025-12-15,9:34:39.477271855,T,KO,I,56,71.0
2025-12-15,9:34:39.477274662,T,KO,I,22,71.0
2025-12-15,9:34:39.477277341,T,KO,I,22,71.0
2025-12-15,9:34:39.478041177,T,KO,F I,22,71.0
2025-12-15,9:34:39.488265512,T,KO,F I,23,71.01
2025-12-15,9:34:39.678020536,T,KO,I,50,71.01
2025-12-15,9:34:40.237485242,T,KO,F I,1,71.02
2025-12-15,9:34:41.388533283,T,KO,F I,81,71.02
2025-12-15,9:34:41.388554293,T,KO,F I,18,71.02
2025-12-15,9:34:41.388557372,T,KO,F,100,71.02
2025-12-15,9:34:41.787730976,T,KO,,100,71.025
2025-12-15,9:34:46.163738227,T,KO,F,100,71.02
2025-12-15,9:34:46.164468924,T,KO,F,200,71.03
2025-12-15,9:34:46.164487866,T,KO,F,100,71.03
2025-12-15,9:34:46.164489942,T,KO,F,100,71.03
2025-12-15,9:34:46.184514691,T,KO,F I,97,71.04
2025-12-15,9:34:46.184532734,T,KO,I,1,71.04
2025-12-15,9:34:46.184554460,T,KO,I,2,71.04
2025-12-15,9:34:46.868003459,T,KO,I,3,71.055
2025-12-15,9:34:46.870192637,T,KO,F I,50,71.04
2025-12-15,9:34:47.294954344,T,KO,,100,71.04
2025-12-15,9:34:47.294954344,T,KO,I,25,71.05
2025-12-15,9:34:47.295023460,T,KO,,261,71.04
2025-12-15,9:34:47.301754105,T,KO,F I,50,71.04
2025-12-15,9:34:47.301756557,T,KO,F I,50,71.04
2025-12-15,9:34:47.301774524,T,KO,I,1,71.04
2025-12-15,9:34:47.314549020,T,KO,F I,5,71.04
2025-12-15,9:34:48.217022329,T,KO,,300,71.03
2025-12-15,9:34:48.230067548,T,KO,F I,18,71.04
2025-12-15,9:34:48.251758135,T,KO,F I,1,71.04
2025-12-15,9:34:48.317091671,T,KO,F I,34,71.03
2025-12-15,9:34:49.756073085,T,KO,F I,6,71.025
2025-12-15,9:34:49.778752842,T,KO,F I,1,71.025
2025-12-15,9:34:50.683878517,T,KO,I,20,71.025
2025-12-15,9:34:50.692668527,T,KO,F I,1,71.025
2025-12-15,9:34:51.110405295,T,KO,F I,50,71.02
2025-12-15,9:34:51.110408298,T,KO,F I,83,71.02
2025-12-15,9:34:51.110426335,T,KO,F I,2,71.02
2025-12-15,9:34:51.115021365,T,KO,F I,7,71.02
2025-12-15,9:34:51.123802250,T,KO,F I,1,71.02
2025-12-15,9:34:51.990141545,T,KO,,186,71.02
2025-12-15,9:34:51.990159929,T,KO,I,1,71.02
2025-12-15,9:34:51.990159929,T,KO,I,12,71.02
2025-12-15,9:34:51.990165655,T,KO,F,350,71.02
2025-12-15,9:34:51.990568798,T,KO,I,54,71.02
2025-12-15,9:34:51.990568798,T,KO,,100,71.02
2025-12-15,9:34:51.990586603,T,KO,I,1,71.02
2025-12-15,9:34:52.004266228,T,KO,I,5,71.025
2025-12-15,9:34:52.007865782,T,KO,F I,36,71.025
2025-12-15,9:34:52.019449450,T,KO,F I,2,71.025
2025-12-15,9:34:53.673830465,T,KO,F I,41,71.02
2025-12-15,9:34:53.673830465,T,KO,F I,1,71.02
2025-12-15,9:34:53.673845548,T,KO,F I,1,71.02
2025-12-15,9:34:53.674131160,T,KO,F I,24,71.02
2025-12-15,9:34:53.674840871,T,KO,I,54,71.02
2025-12-15,9:34:53.674844830,T,KO,I,54,71.02
2025-12-15,9:34:53.674848012,T,KO,,100,71.02
2025-12-15,9:34:53.674852953,T,KO,,100,71.02
2025-12-15,9:34:53.674868755,T,KO,I,1,71.02
2025-12-15,9:34:53.695827849,T,KO,F I,94,71.025
2025-12-15,9:34:53.695933154,T,KO,,104,71.025
2025-12-15,9:34:53.696194732,T,KO,,300,71.025
2025-12-15,9:34:53.705607220,T,KO,F I,25,71.03
2025-12-15,9:34:53.705643224,T,KO,,375,71.03
2025-12-15,9:34:53.730578641,T,KO,F,100,71.04
2025-12-15,9:34:53.730578641,T,KO,F I,54,71.04
2025-12-15,9:34:53.730581697,T,KO,F,100,71.04
2025-12-15,9:34:53.739425704,T,KO,F I,29,71.04
2025-12-15,9:34:57.353111293,T,KO,I,5,71.02
2025-12-15,9:34:57.354130683,T,KO,F I,1,71.01
2025-12-15,9:34:57.354137072,T,KO,F I,50,71.01
2025-12-15,9:34:57.354151748,T,KO,F,100,71.01
2025-12-15,9:34:57.883439331,T,KO,F,100,70.98
2025-12-15,9:34:57.883460325,T,KO,I,1,70.98
2025-12-15,9:35:00.617707408,T,KO,F,100,70.99
2025-12-15,9:35:00.617713747,T,KO,F,100,70.99
2025-12-15,9:35:00.617713747,T,KO,F I,2,70.99
2025-12-15,9:35:00.617713747,T,KO,F,145,70.99
2025-12-15,9:35:00.617717626,T,KO,F,100,70.99
2025-12-15,9:35:00.617719506,T,KO,F,155,70.99
2025-12-15,9:35:00.625354608,T,KO,I,10,70.99
2025-12-15,9:35:00.638838755,T,KO,F I,11,70.99
2025-12-15,9:35:00.639635657,T,KO,F,100,70.99
2025-12-15,9:35:00.639638753,T,KO,F,100,70.99
2025-12-15,9:35:00.639638753,T,KO,F I,53,70.99
2025-12-15,9:35:00.639641702,T,KO,F I,15,70.99
2025-12-15,9:35:00.698756412,T,KO,I,7,70.98
2025-12-15,9:35:00.699237635,T,KO,F I,46,70.98
2025-12-15,9:35:00.699243657,T,KO,F I,29,70.98
2025-12-15,9:35:00.699265467,T,KO,F,119,70.98
2025-12-15,9:35:00.699267723,T,KO,F I,21,70.98
2025-12-15,9:35:00.699282724,T,KO,F,129,70.98
2025-12-15,9:35:00.726572798,T,KO,F I,53,70.98
2025-12-15,9:35:00.726575752,T,KO,F I,67,70.98
2025-12-15,9:35:00.726578746,T,KO,F I,16,70.98
2025-12-15,9:35:00.738613490,T,KO,F I,53,70.99
2025-12-15,9:35:00.738613490,T,KO,F I,47,70.99
2025-12-15,9:35:00.738634399,T,KO,I,1,70.99
2025-12-15,9:35:00.739602792,T,KO,F I,50,70.99
2025-12-15,9:35:00.739602792,T,KO,I,50,70.99
2025-12-15,9:35:00.739629852,T,KO,F I,17,70.99
2025-12-15,9:35:00.739861349,T,KO,F I,53,70.99
2025-12-15,9:35:03.327145470,T,KO,F I,5,70.95
2025-12-15,9:35:03.327145470,T,KO,F I,1,70.95
2025-12-15,9:35:03.327148551,T,KO,F,158,70.95
2025-12-15,9:35:03.327151362,T,KO,F I,6,70.95
2025-12-15,9:35:03.327151362,T,KO,F,104,70.95
2025-12-15,9:35:05.681443590,T,KO,F I,90,70.93
2025-12-15,9:35:05.682664397,T,KO,F I,50,70.93
2025-12-15,9:35:05.683082734,T,KO,I,50,70.93
2025-12-15,9:35:05.683085807,T,KO,I,80,70.93
2025-12-15,9:35:05.683085807,T,KO,F I,70,70.93
2025-12-15,9:35:05.683142571,T,KO,F I,53,70.93
2025-12-15,9:35:05.685304758,T,KO,I,53,70.94
2025-12-15,9:35:05.685719674,T,KO,,100,70.93
2025-12-15,9:35:05.862910696,T,KO,F,100,70.93
2025-12-15,9:35:08.038908266,T,KO,,100,70.91
2025-12-15,9:35:08.038927341,T,KO,I,1,70.91
2025-12-15,9:35:08.038929431,T,KO,I,24,70.91
2025-12-15,9:35:08.038947405,T,KO,F I,1,70.91
2025-12-15,9:35:08.039254168,T,KO,I,74,70.91
2025-12-15,9:35:09.469253342,T,KO,F,100,70.93
2025-12-15,9:35:13.151038678,T,KO,F,100,70.91
2025-12-15,9:35:13.152009994,T,KO,F I,23,70.9
2025-12-15,9:35:15.725665663,T,KO,F,100,70.91
2025-12-15,9:35:16.965286912,T,KO,F I,2,70.92
2025-12-15,9:35:16.965301956,T,KO,F,100,70.92
2025-12-15,9:35:17.690301809,T,KO,F I,40,70.92
2025-12-15,9:35:17.727079660,T,KO,,300,70.9
2025-12-15,9:35:17.727079660,T,KO,,260,70.9
2025-12-15,9:35:17.727431123,T,KO,F,100,70.89
2025-12-15,9:35:17.727897220,T,KO,F I,50,70.88
2025-12-15,9:35:17.729385828,T,KO,F,110,70.87
2025-12-15,9:35:17.729385828,T,KO,F I,1,70.87
2025-12-15,9:35:17.731053188,T,KO,F,100,70.86
2025-12-15,9:35:17.731053188,T,KO,F I,50,70.86
2025-12-15,9:35:17.731058615,T,KO,F I,28,70.86
2025-12-15,9:35:17.731058615,T,KO,F I,28,70.86
2025-12-15,9:35:17.731301369,T,KO,F,100,70.86
2025-12-15,9:35:17.731574978,T,KO,F I,15,70.86
2025-12-15,9:35:17.731908785,T,KO,,300,70.86
2025-12-15,9:35:17.732967352,T,KO,F,100,70.86
2025-12-15,9:35:17.733205234,T,KO,F,100,70.86
2025-12-15,9:35:17.733208729,T,KO,F,100,70.86
2025-12-15,9:35:17.733208729,T,KO,F I,15,70.86
2025-12-15,9:35:17.733210976,T,KO,F I,50,70.86
2025-12-15,9:35:17.733319349,T,KO,,100,70.86
2025-12-15,9:35:17.733319349,T,KO,I,15,70.86
2025-12-15,9:35:17.733322632,T,KO,,100,70.86
2025-12-15,9:35:17.733325676,T,KO,I,1,70.86
2025-12-15,9:35:17.733325676,T,KO,I,17,70.86
2025-12-15,9:35:17.733340277,T,KO,F I,4,70.86
2025-12-15,9:35:17.736570413,T,KO,F I,3,70.85
2025-12-15,9:35:17.736570413,T,KO,F,100,70.85
2025-12-15,9:35:17.736573130,T,KO,F I,28,70.85
2025-12-15,9:35:17.736573130,T,KO,F I,28,70.85
2025-12-15,9:35:17.736578892,T,KO,F I,14,70.85
2025-12-15,9:35:17.736584912,T,KO,F I,50,70.85
2025-12-15,9:35:17.736584912,T,KO,F,100,70.85
2025-12-15,9:35:17.736588580,T,KO,F,100,70.85
2025-12-15,9:35:17.800466035,T,KO,F I,1,70.85
2025-12-15,9:35:17.800487157,T,KO,I,99,70.85
2025-12-15,9:35:17.800490517,T,KO,,100,70.85
2025-12-15,9:35:17.800490517,T,KO,I,50,70.85
2025-12-15,9:35:17.812444458,T,KO,,100,70.85
2025-12-15,9:35:17.812446687,T,KO,,100,70.85
2025-12-15,9:35:17.894172817,T,KO,F,200,70.85
2025-12-15,9:35:17.894172817,T,KO,F,100,70.86
2025-12-15,9:35:17.894175427,T,KO,F I,51,70.86
2025-12-15,9:35:17.894178390,T,KO,F,100,70.86
2025-12-15,9:35:17.894178390,T,KO,F I,50,70.86
2025-12-15,9:35:17.895499135,T,KO,F I,63,70.87
2025-12-15,9:35:17.895501713,T,KO,F,100,70.86
2025-12-15,9:35:17.895505880,T,KO,F I,4,70.86
2025-12-15,9:35:17.895505880,T,KO,F,100,70.86
2025-12-15,9:35:17.895510956,T,KO,F I,29,70.86
2025-12-15,9:35:17.895510956,T,KO,F I,50,70.86
2025-12-15,9:35:17.895514521,T,KO,F,100,70.86
2025-12-15,9:35:17.895514521,T,KO,F,300,70.86
2025-12-15,9:35:17.895519565,T,KO,F,100,70.85
2025-12-15,9:35:17.895519565,T,KO,F,100,70.85
2025-12-15,9:35:17.895519565,T,KO,F I,51,70.85
2025-12-15,9:35:17.895522507,T,KO,F I,15,70.85
2025-12-15,9:35:17.895525451,T,KO,F I,50,70.85
2025-12-15,9:35:17.895525451,T,KO,F I,25,70.85
2025-12-15,9:35:17.895535156,T,KO,I,15,70.86
2025-12-15,9:35:17.895696896,T,KO,I,50,70.87
2025-12-15,9:35:17.895754056,T,KO,F I,15,70.87
2025-12-15,9:35:17.895799104,T,KO,F I,48,70.87
2025-12-15,9:35:17.895802199,T,KO,F I,15,70.87
2025-12-15,9:35:17.895862280,T,KO,F,100,70.87
2025-12-15,9:35:17.895868297,T,KO,F,100,70.87
2025-12-15,9:35:17.895884254,T,KO,F I,7,70.87
2025-12-15,9:35:17.895884254,T,KO,F I,56,70.87
2025-12-15,9:35:17.896118742,T,KO,,100,70.86
2025-12-15,9:35:17.896118742,T,KO,,100,70.86
2025-12-15,9:35:17.896141947,T,KO,,100,70.86
2025-12-15,9:35:17.897020073,T,KO,F I,44,70.86
2025-12-15,9:35:17.897916212,T,KO,I,12,70.86
2025-12-15,9:35:17.897916212,T,KO,I,50,70.86
2025-12-15,9:35:17.897919199,T,KO,,100,70.86
2025-12-15,9:35:17.898634970,T,KO,I,15,70.86
2025-12-15,9:35:17.901600010,T,KO,,100,70.87
2025-12-15,9:35:17.956026599,T,KO,I,51,70.88
2025-12-15,9:35:17.956026599,T,KO,I,8,70.88
2025-12-15,9:35:17.956044680,T,KO,F I,42,70.88
2025-12-15,9:35:17.956047646,T,KO,F,100,70.88
2025-12-15,9:35:17.956844519,T,KO,F I,51,70.89
2025-12-15,9:35:17.956853551,T,KO,F I,15,70.89
2025-12-15,9:35:17.968948381,T,KO,F,100,70.88
2025-12-15,9:35:17.968948381,T,KO,F,100,70.88
2025-12-15,9:35:19.905365265,T,KO,F,267,70.88
2025-12-15,9:35:19.905365265,T,KO,F,100,70.88
2025-12-15,9:35:20.002292158,T,KO,I,5,70.865
2025-12-15,9:35:20.717894374,T,KO,F,100,70.87
2025-12-15,9:35:20.717912549,T,KO,I,1,70.87
2025-12-15,9:35:20.717936520,T,KO,F I,99,70.87
2025-12-15,9:35:20.717957560,T,KO,I,1,70.87
2025-12-15,9:35:20.718005756,T,KO,F I,99,70.87
2025-12-15,9:35:20.718799624,T,KO,,100,70.87
2025-12-15,9:35:20.718802614,T,KO,I,50,70.87
2025-12-15,9:35:20.718802614,T,KO,,100,70.87
2025-12-15,9:35:20.718823686,T,KO,I,1,70.87
2025-12-15,9:35:20.718935167,T,KO,,100,70.87
2025-12-15,9:35:20.718937972,T,KO,I,16,70.87
2025-12-15,9:35:21.126733176,T,KO,F,150,70.875
2025-12-15,9:35:21.126958737,T,KO,F,110,70.875
2025-12-15,9:35:21.126961926,T,KO,F I,16,70.87
2025-12-15,9:35:21.126961926,T,KO,F I,24,70.87
2025-12-15,9:35:21.127331625,T,KO,,110,70.87
2025-12-15,9:35:21.128528415,T,KO,F,100,70.87
2025-12-15,9:35:21.128531826,T,KO,F I,16,70.87
2025-12-15,9:35:21.128531826,T,KO,F I,15,70.87
2025-12-15,9:35:21.776118002,T,KO,I,50,70.89
2025-12-15,9:35:21.776121894,T,KO,I,24,70.89
2025-12-15,9:35:21.776121894,T,KO,I,17,70.89
2025-12-15,9:35:26.278509987,T,KO,F I,50,70.89
2025-12-15,9:35:26.812804394,T,KO,I,10,70.89
2025-12-15,9:35:28.030022384,T,KO,I,43,70.865
2025-12-15,9:35:28.116953413,T,KO,I,67,70.87
2025-12-15,9:35:34.552277323,T,KO,,300,70.89
2025-12-15,9:35:35.404768627,T,KO,,200,70.91
2025-12-15,9:35:35.430828643,T,KO,F,100,70.92
2025-12-15,9:35:35.430831961,T,KO,F,100,70.91
2025-12-15,9:35:35.430831961,T,KO,F I,4,70.91
2025-12-15,9:35:35.430835549,T,KO,F,100,70.91
2025-12-15,9:35:35.430835549,T,KO,F I,50,70.91
2025-12-15,9:35:35.431153407,T,KO,,100,70.91
2025-12-15,9:35:35.431312762,T,KO,,100,70.92
2025-12-15,9:35:35.431333835,T,KO,I,1,70.92
2025-12-15,9:35:36.946811140,T,KO,F,300,70.92
2025-12-15,9:35:37.427503322,T,KO,F I,1,70.91
2025-12-15,9:35:37.427506066,T,KO,F I,35,70.91
2025-12-15,9:35:37.427527499,T,KO,,100,70.91
2025-12-15,9:35:37.481809423,T,KO,F I,48,70.92
2025-12-15,9:35:37.481809423,T,KO,F,100,70.92
2025-12-15,9:35:40.972162290,T,KO,F I,48,70.91
2025-12-15,9:35:40.973936557,T,KO,,100,70.91
2025-12-15,9:35:40.973939477,T,KO,I,71,70.91
2025-12-15,9:35:40.973957531,T,KO,I,1,70.91
2025-12-15,9:35:40.973993845,T,KO,,100,70.91
2025-12-15,9:35:40.973996722,T,KO,I,16,70.91
2025-12-15,9:35:40.985050950,T,KO,,270,70.905
2025-12-15,9:35:44.812954790,T,KO,I,7,70.89
2025-12-15,9:35:45.228276840,T,KO,F I,1,70.9
2025-12-15,9:35:45.228279950,T,KO,F I,77,70.9
2025-12-15,9:35:45.228282914,T,KO,F I,16,70.9
2025-12-15,9:35:45.228282914,T,KO,F,100,70.9
2025-12-15,9:35:45.228306923,T,KO,F,100,70.9
2025-12-15,9:35:46.101526666,T,KO,F,200,70.905
2025-12-15,9:35:46.101526666,T,KO,F,150,70.9
2025-12-15,9:35:47.637876691,T,KO,I,20,70.9
2025-12-15,9:35:49.043009344,T,KO,,100,70.91
2025-12-15,9:35:49.043177738,T,KO,F I,10,70.91
2025-12-15,9:35:49.044161081,T,KO,F I,3,70.9
2025-12-15,9:35:50.479861338,T,KO,F I,1,70.88
2025-12-15,9:35:50.480922988,T,KO,F I,38,70.87
2025-12-15,9:35:50.625573531,T,KO,,110,70.865
2025-12-15,9:35:51.316974142,T,KO,,110,70.87
2025-12-15,9:35:52.382489842,T,KO,F I,50,70.88
2025-12-15,9:35:55.094053942,T,KO,,110,70.9
2025-12-15,9:35:55.191789729,T,KO,,300,70.9
2025-12-15,9:35:56.219400220,T,KO,F,100,70.92
2025-12-15,9:35:56.219421261,T,KO,I,1,70.92
2025-12-15,9:35:56.349832853,T,KO,I,46,70.91
2025-12-15,9:35:56.349839039,T,KO,,100,70.91
2025-12-15,9:35:56.366414321,T,KO,F,113,70.9
2025-12-15,9:35:58.941486458,T,KO,F I,46,70.9
2025-12-15,9:35:58.941489523,T,KO,F I,80,70.9
2025-12-15,9:35:58.941507589,T,KO,I,20,70.9
2025-12-15,9:35:58.941507589,T,KO,I,1,70.9
2025-12-15,9:35:58.941510766,T,KO,F I,99,70.9
2025-12-15,9:35:58.979205228,T,KO,F I,45,70.89
2025-12-15,9:35:58.979211943,T,KO,F,100,70.89
2025-12-15,9:35:58.979211943,T,KO,F I,50,70.89
2025-12-15,9:36:00.321325939,T,KO,F I,2,70.88
2025-12-15,9:36:00.321660032,T,KO,I,50,70.9
2025-12-15,9:36:00.321660032,T,KO,,100,70.9
2025-12-15,9:36:00.321662409,T,KO,I,50,70.9
2025-12-15,9:36:00.322549527,T,KO,F I,1,70.88
2025-12-15,9:36:00.333369470,T,KO,I,50,70.88
2025-12-15,9:36:00.333372317,T,KO,I,30,70.88
2025-12-15,9:36:00.333438479,T,KO,F I,16,70.88
2025-12-15,9:36:02.280557952,T,KO,F I,16,70.88
2025-12-15,9:36:02.545937774,T,KO,F I,23,70.87
2025-12-15,9:36:02.545937774,T,KO,F I,4,70.87
2025-12-15,9:36:02.545939892,T,KO,F I,17,70.87
2025-12-15,9:36:07.592736625,T,KO,F,100,70.85
2025-12-15,9:36:08.350818237,T,KO,F I,45,70.86
2025-12-15,9:36:08.350818237,T,KO,F I,97,70.86
2025-12-15,9:36:09.314135481,T,KO,,100,70.88
2025-12-15,9:36:09.326173129,T,KO,,100,70.88
2025-12-15,9:36:09.491690763,T,KO,F,100,70.89
2025-12-15,9:36:09.491810689,T,KO,F,100,70.9
2025-12-15,9:36:09.492216630,T,KO,F I,50,70.91
2025-12-15,9:36:09.492360966,T,KO,F I,50,70.91
2025-12-15,9:36:09.492427096,T,KO,F I,50,70.91
2025-12-15,9:36:09.501274454,T,KO,,100,70.905
2025-12-15,9:36:09.501484698,T,KO,,170,70.905
2025-12-15,9:36:09.501496666,T,KO,F,110,70.91
2025-12-15,9:36:09.501496666,T,KO,F,100,70.92
2025-12-15,9:36:09.501500463,T,KO,F I,43,70.92
2025-12-15,9:36:09.501502736,T,KO,F I,40,70.92
2025-12-15,9:36:09.501511792,T,KO,F I,60,70.92
2025-12-15,9:36:09.501515816,T,KO,F I,50,70.92
2025-12-15,9:36:09.501517783,T,KO,F I,99,70.92
2025-12-15,9:36:09.501647007,T,KO,,100,70.91
2025-12-15,9:36:09.519184910,T,KO,,100,70.92
2025-12-15,9:36:09.523698571,T,KO,,100,70.93
2025-12-15,9:36:14.389855108,T,KO,,300,70.925
2025-12-15,9:36:17.125386349,T,KO,,100,70.92
2025-12-15,9:36:17.125404199,T,KO,F,100,70.92
2025-12-15,9:36:17.125404199,T,KO,I,1,70.92
2025-12-15,9:36:17.125416302,T,KO,F I,99,70.92
2025-12-15,9:36:17.592359419,T,KO,,100,70.93
2025-12-15,9:36:17.601931159,T,KO,I,7,70.93
2025-12-15,9:36:18.096949194,T,KO,F I,50,70.92
2025-12-15,9:36:18.096949194,T,KO,F,100,70.92
2025-12-15,9:36:18.096952339,T,KO,F,100,70.92
2025-12-15,9:36:18.096952339,T,KO,F I,33,70.92
2025-12-15,9:36:18.096967819,T,KO,F,233,70.92
2025-12-15,9:36:18.096967819,T,KO,I,1,70.92
2025-12-15,9:36:22.460094731,T,KO,F I,50,70.89
2025-12-15,9:36:23.328593132,T,KO,F I,98,70.87
2025-12-15,9:36:23.328617222,T,KO,I,2,70.87
2025-12-15,9:36:23.329155576,T,KO,F,174,70.88
2025-12-15,9:36:23.329155576,T,KO,F I,44,70.88
2025-12-15,9:36:23.329159044,T,KO,F,100,70.88
2025-12-15,9:36:23.329159044,T,KO,F I,63,70.88
2025-12-15,9:36:23.329162153,T,KO,F I,50,70.88
2025-12-15,9:36:26.897917075,T,KO,F,100,70.9
2025-12-15,9:36:26.897938159,T,KO,I,1,70.9
2025-12-15,9:36:27.359907398,T,KO,,100,70.91
2025-12-15,9:36:27.387233534,T,KO,F,100,70.92
2025-12-15,9:36:32.373658491,T,KO,I,10,70.92
2025-12-15,9:36:33.107024156,T,KO,F,100,70.92
2025-12-15,9:36:33.444556917,T,KO,F I,44,70.91
2025-12-15,9:36:33.444560670,T,KO,F,174,70.91
2025-12-15,9:36:33.444563359,T,KO,F I,63,70.91
2025-12-15,9:36:33.444563359,T,KO,F I,20,70.91
2025-12-15,9:36:33.625582145,T,KO,F I,4,70.9
2025-12-15,9:36:33.742196786,T,KO,F I,50,70.89
2025-12-15,9:36:36.000846237,T,KO,,270,70.91
2025-12-15,9:36:36.018092276,T,KO,I,30,70.91
2025-12-15,9:36:36.788683642,T,KO,I,20,70.915
2025-12-15,9:36:38.491134182,T,KO,F I,26,70.91
2025-12-15,9:36:40.963983807,T,KO,F I,28,70.91
2025-12-15,9:36:42.341245947,T,KO,,110,70.92
2025-12-15,9:36:42.341534564,T,KO,,190,70.92
2025-12-15,9:36:48.515803621,T,KO,I,20,70.91
2025-12-15,9:36:48.515803621,T,KO,I,46,70.91
2025-12-15,9:36:56.681728157,T,KO,I,6,70.905
2025-12-15,9:37:01.375986219,T,KO,F I,2,70.91
2025-12-15,9:37:02.194006959,T,KO,F I,50,70.9
2025-12-15,9:37:08.447442142,T,KO,F I,9,70.91
2025-12-15,9:37:11.952572114,T,KO,I,6,70.92
2025-12-15,9:37:12.230205467,T,KO,I,3,70.92
2025-12-15,9:37:12.612653230,T,KO,,300,70.92
2025-12-15,9:37:12.866331425,T,KO,F,100,70.93
2025-12-15,9:37:22.834830176,T,KO,,100,70.96
2025-12-15,9:37:22.834857111,T,KO,I,1,70.96
2025-12-15,9:37:23.131886697,T,KO,F I,15,70.96
2025-12-15,9:37:23.131889582,T,KO,F I,38,70.96
2025-12-15,9:37:23.131892664,T,KO,F I,50,70.96
2025-12-15,9:37:24.307805097,T,KO,F I,50,70.94
2025-12-15,9:37:24.307805097,T,KO,F I,30,70.94
2025-12-15,9:37:24.307807555,T,KO,F,100,70.94
2025-12-15,9:37:24.307825244,T,KO,F I,50,70.94
2025-12-15,9:37:24.311307848,T,KO,F,100,70.94
2025-12-15,9:37:24.311307848,T,KO,F I,15,70.94
2025-12-15,9:37:24.311311775,T,KO,F I,22,70.94
2025-12-15,9:37:24.311326150,T,KO,I,1,70.94
2025-12-15,9:37:24.315932640,T,KO,F I,8,70.94
2025-12-15,9:37:24.448355975,T,KO,,110,70.94
2025-12-15,9:37:24.456565588,T,KO,F,100,70.94
2025-12-15,9:37:24.457050084,T,KO,,100,70.94
2025-12-15,9:37:24.457050084,T,KO,,100,70.94
2025-12-15,9:37:24.457053350,T,KO,I,15,70.94
2025-12-15,9:37:24.457055674,T,KO,I,35,70.94
2025-12-15,9:37:24.457073937,T,KO,I,1,70.94
2025-12-15,9:37:24.457073937,T,KO,I,14,70.94
2025-12-15,9:37:24.457076794,T,KO,I,86,70.94
2025-12-15,9:37:24.457143208,T,KO,I,14,70.94
2025-12-15,9:37:24.457143208,T,KO,I,50,70.94
2025-12-15,9:37:24.457146272,T,KO,I,80,70.94
2025-12-15,9:37:24.457209851,T,KO,F,100,70.94
2025-12-15,9:37:24.457209851,T,KO,F I,15,70.94
2025-12-15,9:37:24.457212120,T,KO,F I,30,70.94
2025-12-15,9:37:24.457630021,T,KO,F,100,70.94
2025-12-15,9:37:24.829673197,T,KO,I,25,70.95
2025-12-15,9:37:31.458071781,T,KO,,100,70.97
2025-12-15,9:37:35.200893981,T,KO,F,350,70.99
2025-12-15,9:37:35.200903024,T,KO,F,107,70.99
2025-12-15,9:37:35.201859256,T,KO,I,43,70.99
2025-12-15,9:37:35.201889419,T,KO,F I,57,70.99
2025-12-15,9:37:36.800280130,T,KO,I,50,71.0
2025-12-15,9:37:36.800334325,T,KO,,100,71.0
2025-12-15,9:37:36.800352363,T,KO,,100,71.005
2025-12-15,9:37:36.800352363,T,KO,I,1,71.005
2025-12-15,9:37:36.800400466,T,KO,F I,19,71.0
2025-12-15,9:37:36.812531349,T,KO,I,6,71.005
2025-12-15,9:37:36.812534357,T,KO,,264,71.005
2025-12-15,9:37:36.813638058,T,KO,F I,50,71.005
2025-12-15,9:37:36.813643966,T,KO,F I,1,71.005
2025-12-15,9:37:36.826120867,T,KO,,270,71.015
2025-12-15,9:37:36.826881596,T,KO,F I,50,71.015
2025-12-15,9:37:37.672432304,T,KO,,100,71.03
2025-12-15,9:37:42.358640514,T,KO,I,14,71.04
2025-12-15,9:37:44.207867597,T,KO,F I,50,71.03
2025-12-15,9:37:44.208848074,T,KO,I,47,71.02
2025-12-15,9:37:44.208850947,T,KO,I,50,71.02
2025-12-15,9:37:44.210937979,T,KO,F I,27,71.01
2025-12-15,9:37:44.247742610,T,KO,F,100,71.0
2025-12-15,9:37:44.247932046,T,KO,F I,50,70.99
2025-12-15,9:37:44.247935689,T,KO,F,100,70.99
2025-12-15,9:37:44.247935689,T,KO,F I,20,70.99
2025-12-15,9:37:44.247938737,T,KO,F,100,70.99
2025-12-15,9:37:44.248452343,T,KO,,100,70.99
2025-12-15,9:37:44.249234503,T,KO,F I,41,71.0
2025-12-15,9:37:44.249237229,T,KO,F,100,71.0
2025-12-15,9:37:44.249240135,T,KO,F I,50,71.0
2025-12-15,9:37:44.249327410,T,KO,,200,71.0
2025-12-15,9:37:44.249381433,T,KO,I,10,71.0
2025-12-15,9:37:44.249381433,T,KO,I,41,71.0
2025-12-15,9:37:44.249733362,T,KO,F I,49,70.995
2025-12-15,9:37:44.249733362,T,KO,F,100,71.0
2025-12-15,9:37:44.249736369,T,KO,F I,51,71.0
2025-12-15,9:37:44.277823186,T,KO,F,400,70.995
2025-12-15,9:37:44.277877428,T,KO,F,200,70.99
2025-12-15,9:37:44.277880337,T,KO,F,526,70.99
2025-12-15,9:37:44.277880337,T,KO,F,875,70.99
2025-12-15,9:37:44.277889817,T,KO,,100,70.99
2025-12-15,9:37:44.277889817,T,KO,I,1,70.99
2025-12-15,9:37:44.277892428,T,KO,F,191,70.99
2025-12-15,9:37:44.288243101,T,KO,F I,50,71.0
2025-12-15,9:37:44.333861748,T,KO,,100,71.005
2025-12-15,9:37:44.355050463,T,KO,I,41,71.0
2025-12-15,9:37:44.355053731,T,KO,I,15,71.0
2025-12-15,9:37:44.355056396,T,KO,I,7,71.0
2025-12-15,9:37:44.355056396,T,KO,I,51,71.0
2025-12-15,9:37:44.355059330,T,KO,I,80,71.0
2025-12-15,9:37:44.658166115,T,KO,F,100,70.99
2025-12-15,9:37:44.678329066,T,KO,,100,70.99
2025-12-15,9:37:44.699352219,T,KO,,100,70.99
2025-12-15,9:37:44.719361841,T,KO,,100,70.99
2025-12-15,9:37:46.844018027,T,KO,,100,70.99
2025-12-15,9:37:51.371772751,T,KO,F I,50,70.95
2025-12-15,9:37:51.371775643,T,KO,F,250,70.95
2025-12-15,9:37:51.741121371,T,KO,F,110,70.92
