DATE,TIME_M,EX,SYM_ROOT,TR_SCOND,SIZE,PRICE
2025-10-10,9:30:01.661999074,T,KO,I,7,66.57
2025-10-10,9:30:01.661999074,T,KO,I,60,66.57
2025-10-10,9:30:01.662001833,T,KO,I,4,66.57
2025-10-10,9:30:01.662010818,T,KO,Q,7,66.57
2025-10-10,9:30:01.691034074,T,KO,F I,2,66.6
2025-10-10,9:30:01.691034074,T,KO,F,100,66.6
2025-10-10,9:30:01.715246628,T,KO,F,200,66.59
2025-10-10,9:30:01.715249666,T,KO,F,200,66.59
2025-10-10,9:30:01.778180733,T,KO,I,63,66.58
2025-10-10,9:30:01.778183708,T,KO,,100,66.58
2025-10-10,9:30:01.778186446,T,KO,,200,66.58
2025-10-10,9:30:01.857837341,T,KO,F,200,66.6
2025-10-10,9:30:01.997363542,T,KO,I,13,66.62
2025-10-10,9:30:01.997393593,T,KO,F,187,66.62
2025-10-10,9:30:01.997393593,T,KO,F I,3,66.62
2025-10-10,9:30:03.526869502,T,KO,I,7,66.62
2025-10-10,9:30:03.529882693,T,KO,I,7,66.62
2025-10-10,9:30:04.050425400,T,KO,,100,66.6
2025-10-10,9:30:04.752967522,T,KO,F,200,66.58
2025-10-10,9:30:04.920923521,T,KO,F I,20,66.57
2025-10-10,9:30:04.921296431,T,KO,F,200,66.56
2025-10-10,9:30:04.921299493,T,KO,F,159,66.56
2025-10-10,9:30:04.921326476,T,KO,F I,41,66.56
2025-10-10,9:30:04.921326476,T,KO,F,100,66.56
2025-10-10,9:30:04.921762533,T,KO,F,100,66.56
2025-10-10,9:30:04.921918894,T,KO,F I,13,66.55
2025-10-10,9:30:04.922867440,T,KO,,200,66.54
2025-10-10,9:30:04.922872303,T,KO,,200,66.54
2025-10-10,9:30:04.922872303,T,KO,,100,66.54
2025-10-10,9:30:04.922957247,T,KO,I,2,66.545
2025-10-10,9:30:04.922959792,T,KO,,100,66.55
2025-10-10,9:30:04.922962459,T,KO,,100,66.55
2025-10-10,9:30:04.922962459,T,KO,I,56,66.55
2025-10-10,9:30:04.923076739,T,KO,F I,2,66.55
2025-10-10,9:30:04.923148879,T,KO,F,100,66.55
2025-10-10,9:30:04.923485673,T,KO,,200,66.54
2025-10-10,9:30:04.923485673,T,KO,,100,66.54
2025-10-10,9:30:04.923623997,T,KO,,166,66.54
2025-10-10,9:30:05.115090056,T,KO,I,8,66.55
2025-10-10,9:30:05.116834129,T,KO,F,200,66.56
2025-10-10,9:30:05.116834129,T,KO,F,200,66.56
2025-10-10,9:30:08.520641378,T,KO,,100,66.56
2025-10-10,9:30:08.520641378,T,KO,,100,66.56
2025-10-10,9:30:09.303576711,T,KO,,100,66.57
2025-10-10,9:30:09.303579693,T,KO,,100,66.57
2025-10-10,9:30:09.303597675,T,KO,I,1,66.57
2025-10-10,9:30:09.304024713,T,KO,F I,99,66.57
2025-10-10,9:30:09.304027961,T,KO,F,100,66.57
2025-10-10,9:30:09.304027961,T,KO,F,100,66.57
2025-10-10,9:30:09.304030790,T,KO,F I,48,66.57
2025-10-10,9:30:09.304033817,T,KO,F,100,66.57
2025-10-10,9:30:09.380024700,T,KO,,400,66.58
2025-10-10,9:30:09.380028437,T,KO,,100,66.58
2025-10-10,9:30:09.394829063,T,KO,,100,66.57
2025-10-10,9:30:09.394829063,T,KO,,200,66.57
2025-10-10,9:30:09.394835509,T,KO,,170,66.57
2025-10-10,9:30:09.394853292,T,KO,F I,30,66.57
2025-10-10,9:30:09.475944180,T,KO,F I,10,66.57
2025-10-10,9:30:09.852696484,T,KO,F,100,66.56
2025-10-10,9:30:09.852696484,T,KO,F,200,66.56
2025-10-10,9:30:09.852699484,T,KO,F I,2,66.56
2025-10-10,9:30:14.766952830,T,KO,,100,66.515
2025-10-10,9:30:14.843891506,T,KO,,200,66.52
2025-10-10,9:30:14.843891506,T,KO,,200,66.52
2025-10-10,9:30:14.843894064,T,KO,I,2,66.52
2025-10-10,9:30:14.851950325,T,KO,F,100,66.53
2025-10-10,9:30:14.860616921,T,KO,,200,66.535
2025-10-10,9:30:14.955998409,T,KO,,200,66.52
2025-10-10,9:30:14.955998409,T,KO,,200,66.52
2025-10-10,9:30:16.975773583,T,KO,,100,66.535
2025-10-10,9:30:17.054137204,T,KO,F,200,66.54
2025-10-10,9:30:17.311508231,T,KO,,200,66.555
2025-10-10,9:30:17.885322992,T,KO,F,100,66.56
2025-10-10,9:30:17.885325932,T,KO,F,100,66.56
2025-10-10,9:30:17.966044164,T,KO,,100,66.57
2025-10-10,9:30:17.966825993,T,KO,F I,19,66.58
2025-10-10,9:30:17.966832005,T,KO,F I,20,66.58
2025-10-10,9:30:17.966832005,T,KO,F I,19,66.58
2025-10-10,9:30:17.966843992,T,KO,F I,19,66.58
2025-10-10,9:30:17.966853132,T,KO,F I,42,66.58
2025-10-10,9:30:35.593400697,T,KO,,100,66.55
2025-10-10,9:30:35.594374968,T,KO,F,100,66.55
2025-10-10,9:30:35.594408058,T,KO,,100,66.55
2025-10-10,9:30:35.594408058,T,KO,,100,66.55
2025-10-10,9:30:35.594594687,T,KO,F,100,66.55
2025-10-10,9:30:35.598317446,T,KO,I,4,66.55
2025-10-10,9:30:35.598320388,T,KO,I,99,66.55
2025-10-10,9:30:36.070604215,T,KO,,100,66.54
2025-10-10,9:30:46.876811414,T,KO,F,402,66.53
2025-10-10,9:30:51.304852004,T,KO,F I,3,66.51
2025-10-10,9:30:51.304855364,T,KO,F,200,66.51
2025-10-10,9:30:51.307137198,T,KO,F I,1,66.5
2025-10-10,9:30:51.307143280,T,KO,F I,1,66.5
2025-10-10,9:30:51.307149115,T,KO,I,1,66.5
2025-10-10,9:30:51.307152146,T,KO,I,1,66.5
2025-10-10,9:30:51.307161480,T,KO,I,1,66.5
2025-10-10,9:30:51.307164967,T,KO,I,96,66.5
2025-10-10,9:30:51.307720762,T,KO,I,4,66.5
2025-10-10,9:30:51.307723485,T,KO,I,96,66.5
2025-10-10,9:30:51.307744582,T,KO,I,4,66.5
2025-10-10,9:30:51.308327977,T,KO,,100,66.5
2025-10-10,9:30:51.308331046,T,KO,,100,66.5
2025-10-10,9:30:52.535301282,T,KO,I,18,66.5
2025-10-10,9:30:52.667841997,T,KO,,100,66.5
2025-10-10,9:30:54.624046054,T,KO,,100,66.49
2025-10-10,9:31:01.773363659,T,KO,,100,66.48
2025-10-10,9:31:04.856273343,T,KO,,100,66.48
2025-10-10,9:31:06.695748370,T,KO,F,100,66.49
2025-10-10,9:31:06.695748370,T,KO,F I,80,66.49
2025-10-10,9:31:06.695751811,T,KO,F,100,66.49
2025-10-10,9:31:06.695754441,T,KO,,280,66.49
2025-10-10,9:31:06.695787921,T,KO,I,34,66.49
2025-10-10,9:31:06.696184439,T,KO,,100,66.5
2025-10-10,9:31:06.910053813,T,KO,I,10,66.505
2025-10-10,9:31:06.911788907,T,KO,I,2,66.51
2025-10-10,9:31:06.911791927,T,KO,,100,66.51
2025-10-10,9:31:06.911809972,T,KO,I,36,66.51
2025-10-10,9:31:07.238180257,T,KO,F,100,66.52
2025-10-10,9:31:07.238180257,T,KO,F,100,66.52
2025-10-10,9:31:07.238195227,T,KO,F,2563,66.52
2025-10-10,9:31:07.317033994,T,KO,,100,66.525
2025-10-10,9:31:08.785362176,T,KO,F,100,66.51
2025-10-10,9:31:08.785744113,T,KO,F,200,66.5
2025-10-10,9:31:08.785744113,T,KO,F,200,66.5
2025-10-10,9:31:08.785852661,T,KO,F,100,66.5
2025-10-10,9:31:08.785882399,T,KO,F,100,66.5
2025-10-10,9:31:08.786249306,T,KO,F,100,66.49
2025-10-10,9:31:08.786249306,T,KO,F,100,66.49
2025-10-10,9:31:08.786384617,T,KO,F,100,66.49
2025-10-10,9:31:08.786387585,T,KO,,100,66.49
2025-10-10,9:31:08.786417901,T,KO,,100,66.49
2025-10-10,9:31:08.786480830,T,KO,F,100,66.49
2025-10-10,9:31:08.786853698,T,KO,,100,66.485
2025-10-10,9:31:08.786853698,T,KO,,100,66.48
2025-10-10,9:31:08.787400992,T,KO,,100,66.485
2025-10-10,9:31:08.787404478,T,KO,,100,66.48
2025-10-10,9:31:08.787407020,T,KO,,100,66.48
2025-10-10,9:31:08.787410002,T,KO,,100,66.48
2025-10-10,9:31:08.787410002,T,KO,,100,66.48
2025-10-10,9:31:08.787446068,T,KO,,100,66.48
2025-10-10,9:31:08.787473157,T,KO,,100,66.48
2025-10-10,9:31:08.807046765,T,KO,F I,2,66.485
2025-10-10,9:31:08.949417864,T,KO,,100,66.48
2025-10-10,9:31:08.949420854,T,KO,I,41,66.49
2025-10-10,9:31:08.949740006,T,KO,I,58,66.48
2025-10-10,9:31:08.950148559,T,KO,F,100,66.48
2025-10-10,9:31:08.950169672,T,KO,I,1,66.48
2025-10-10,9:31:08.950175705,T,KO,F I,99,66.48
2025-10-10,9:31:08.950374764,T,KO,F,100,66.48
2025-10-10,9:31:08.950413252,T,KO,F,100,66.48
2025-10-10,9:31:08.952888092,T,KO,F I,12,66.47
2025-10-10,9:31:08.952891173,T,KO,F I,30,66.47
2025-10-10,9:31:08.952894135,T,KO,F I,1,66.47
2025-10-10,9:31:08.952894135,T,KO,F I,1,66.47
2025-10-10,9:31:08.952897152,T,KO,F,100,66.47
2025-10-10,9:31:08.952900192,T,KO,F,100,66.47
2025-10-10,9:31:09.007014048,T,KO,F,100,66.47
2025-10-10,9:31:09.007035278,T,KO,I,1,66.47
2025-10-10,9:31:09.007402002,T,KO,,100,66.47
2025-10-10,9:31:09.008010304,T,KO,F,100,66.47
2025-10-10,9:31:09.008012487,T,KO,F,100,66.47
2025-10-10,9:31:09.008015394,T,KO,F I,5,66.47
2025-10-10,9:31:09.008018440,T,KO,F I,58,66.47
2025-10-10,9:31:09.974643815,T,KO,I,5,66.47
2025-10-10,9:31:09.974643815,T,KO,,100,66.47
2025-10-10,9:31:09.974962483,T,KO,,100,66.47
2025-10-10,9:31:10.004304122,T,KO,,100,66.47
2025-10-10,9:31:10.004304122,T,KO,,100,66.47
2025-10-10,9:31:10.004306389,T,KO,,100,66.47
2025-10-10,9:31:10.692233845,T,KO,,100,66.465
2025-10-10,9:31:10.692709056,T,KO,,100,66.465
2025-10-10,9:31:11.085188630,T,KO,F I,2,66.46
2025-10-10,9:31:11.085191713,T,KO,F I,1,66.46
2025-10-10,9:31:11.085191713,T,KO,F I,1,66.46
2025-10-10,9:31:11.085195476,T,KO,F I,10,66.46
2025-10-10,9:31:11.085195476,T,KO,F I,20,66.46
2025-10-10,9:31:11.085198044,T,KO,F I,4,66.46
2025-10-10,9:31:11.085200871,T,KO,F I,1,66.46
2025-10-10,9:31:11.085200871,T,KO,F I,4,66.46
2025-10-10,9:31:11.085203806,T,KO,F I,2,66.46
2025-10-10,9:31:11.085203806,T,KO,F I,1,66.46
2025-10-10,9:31:11.085823160,T,KO,,200,66.46
2025-10-10,9:31:11.085841406,T,KO,I,1,66.46
2025-10-10,9:31:11.085844211,T,KO,,100,66.46
2025-10-10,9:31:11.085856299,T,KO,I,99,66.46
2025-10-10,9:31:11.085862222,T,KO,I,9,66.47
2025-10-10,9:31:11.085862222,T,KO,,179,66.47
2025-10-10,9:31:11.086214045,T,KO,F,104,66.46
2025-10-10,9:31:11.086586961,T,KO,F,100,66.46
2025-10-10,9:31:11.086734320,T,KO,F,100,66.46
2025-10-10,9:31:11.087086249,T,KO,,100,66.46
2025-10-10,9:31:11.087086249,T,KO,I,97,66.46
2025-10-10,9:31:11.087089239,T,KO,,200,66.46
2025-10-10,9:31:11.087116315,T,KO,F,100,66.46
2025-10-10,9:31:11.166616739,T,KO,F,200,66.46
2025-10-10,9:31:11.166938348,T,KO,,100,66.46
2025-10-10,9:31:11.166959369,T,KO,I,1,66.46
2025-10-10,9:31:11.166962476,T,KO,F I,99,66.46
2025-10-10,9:31:11.177794160,T,KO,F,169,66.46
2025-10-10,9:31:11.177818246,T,KO,I,1,66.46
2025-10-10,9:31:12.033726264,T,KO,F I,1,66.45
2025-10-10,9:31:12.033729435,T,KO,F I,10,66.45
2025-10-10,9:31:12.033729435,T,KO,F I,6,66.45
2025-10-10,9:31:12.033731995,T,KO,F,100,66.45
2025-10-10,9:31:12.033734838,T,KO,F I,1,66.45
2025-10-10,9:31:12.228743282,T,KO,,100,66.45
2025-10-10,9:31:12.229095017,T,KO,,100,66.45
2025-10-10,9:31:12.229095017,T,KO,I,9,66.45
2025-10-10,9:31:13.785888015,T,KO,F I,9,66.45
2025-10-10,9:31:13.785912085,T,KO,F I,91,66.45
2025-10-10,9:31:15.234729635,T,KO,,100,66.47
2025-10-10,9:31:15.234732571,T,KO,,100,66.46
2025-10-10,9:31:15.234748031,T,KO,I,1,66.46
2025-10-10,9:31:15.234750720,T,KO,I,99,66.46
2025-10-10,9:31:19.191341094,T,KO,F I,10,66.44
2025-10-10,9:31:19.191341094,T,KO,F I,1,66.44
2025-10-10,9:31:19.191346220,T,KO,F,300,66.44
2025-10-10,9:31:19.191346220,T,KO,F I,3,66.44
2025-10-10,9:31:19.191346220,T,KO,F I,64,66.44
2025-10-10,9:31:19.191394227,T,KO,,100,66.45
2025-10-10,9:31:19.191427250,T,KO,F I,51,66.44
2025-10-10,9:31:19.191460486,T,KO,F I,24,66.44
2025-10-10,9:31:19.191469467,T,KO,F I,51,66.44
2025-10-10,9:31:19.191487887,T,KO,F I,25,66.44
2025-10-10,9:31:19.191487887,T,KO,F I,24,66.44
2025-10-10,9:31:19.191490417,T,KO,F I,76,66.44
2025-10-10,9:31:19.191673831,T,KO,F,100,66.44
2025-10-10,9:31:19.191673831,T,KO,F I,1,66.43
2025-10-10,9:31:19.191676847,T,KO,F I,6,66.43
2025-10-10,9:31:19.191890449,T,KO,F,100,66.43
2025-10-10,9:31:19.192335428,T,KO,I,9,66.43
2025-10-10,9:31:19.301706218,T,KO,F I,9,66.43
2025-10-10,9:31:19.301706218,T,KO,F,100,66.43
2025-10-10,9:31:20.061666967,T,KO,F I,51,66.44
2025-10-10,9:31:25.282431295,T,KO,F I,1,66.43
2025-10-10,9:31:25.282455333,T,KO,,194,66.43
2025-10-10,9:31:25.282488405,T,KO,,125,66.44
2025-10-10,9:31:25.282536645,T,KO,I,28,66.43
2025-10-10,9:31:25.336951240,T,KO,I,72,66.43
2025-10-10,9:31:25.336954310,T,KO,I,50,66.43
2025-10-10,9:31:25.336954310,T,KO,,100,66.43
2025-10-10,9:31:25.336957137,T,KO,I,57,66.43
2025-10-10,9:31:25.336972134,T,KO,I,1,66.43
2025-10-10,9:31:25.336999260,T,KO,F I,67,66.43
2025-10-10,9:31:25.696478455,T,KO,F I,3,66.42
2025-10-10,9:31:25.852274135,T,KO,F I,1,66.41
2025-10-10,9:31:25.852277224,T,KO,F I,1,66.41
2025-10-10,9:31:25.852277224,T,KO,F I,10,66.41
2025-10-10,9:31:25.852282611,T,KO,F I,1,66.41
2025-10-10,9:31:25.852286311,T,KO,F I,6,66.41
2025-10-10,9:31:26.221932177,T,KO,F I,1,66.4
2025-10-10,9:31:26.221935085,T,KO,F I,10,66.4
2025-10-10,9:31:26.221938970,T,KO,F I,1,66.4
2025-10-10,9:31:26.221944324,T,KO,F I,11,66.4
2025-10-10,9:31:26.221944324,T,KO,F I,10,66.4
2025-10-10,9:31:26.221948067,T,KO,F I,2,66.4
2025-10-10,9:31:26.221954529,T,KO,F I,2,66.4
2025-10-10,9:31:26.221954529,T,KO,F I,2,66.4
2025-10-10,9:31:26.221960131,T,KO,F I,1,66.4
2025-10-10,9:31:26.221960131,T,KO,F I,1,66.4
2025-10-10,9:31:26.221965055,T,KO,F I,1,66.4
2025-10-10,9:31:26.221965055,T,KO,F I,1,66.4
2025-10-10,9:31:26.221968697,T,KO,F I,4,66.4
2025-10-10,9:31:26.716044747,T,KO,,100,66.4
2025-10-10,9:31:26.716044747,T,KO,I,55,66.4
2025-10-10,9:31:30.788970171,T,KO,F I,1,66.39
2025-10-10,9:31:30.788975824,T,KO,F I,1,66.39
2025-10-10,9:31:30.788978865,T,KO,F I,1,66.39
2025-10-10,9:31:30.788981540,T,KO,F I,1,66.39
2025-10-10,9:31:30.788984319,T,KO,F I,3,66.39
2025-10-10,9:31:30.788984319,T,KO,F I,13,66.39
2025-10-10,9:31:30.788987717,T,KO,F,243,66.39
2025-10-10,9:31:30.789026415,T,KO,I,51,66.4
2025-10-10,9:31:30.789065728,T,KO,,100,66.4
2025-10-10,9:31:30.789065728,T,KO,I,77,66.4
2025-10-10,9:31:30.789219570,T,KO,,100,66.39
2025-10-10,9:31:30.789219570,T,KO,I,77,66.39
2025-10-10,9:31:30.789222499,T,KO,,100,66.39
2025-10-10,9:31:30.789225190,T,KO,,200,66.39
2025-10-10,9:31:30.789225190,T,KO,,100,66.39
2025-10-10,9:31:30.790012997,T,KO,I,1,66.38
2025-10-10,9:31:30.790012997,T,KO,I,10,66.38
2025-10-10,9:31:30.790019012,T,KO,I,3,66.38
2025-10-10,9:31:30.790019012,T,KO,I,10,66.38
2025-10-10,9:31:30.790022294,T,KO,I,1,66.38
2025-10-10,9:31:30.790022294,T,KO,I,1,66.38
2025-10-10,9:31:30.790024792,T,KO,I,29,66.38
2025-10-10,9:31:31.791154232,T,KO,,100,66.38
2025-10-10,9:31:31.791157963,T,KO,,200,66.38
2025-10-10,9:31:31.791157963,T,KO,,142,66.39
2025-10-10,9:31:31.791172227,T,KO,I,1,66.39
2025-10-10,9:31:32.580293625,T,KO,,179,66.38
2025-10-10,9:31:32.580312087,T,KO,I,64,66.38
2025-10-10,9:31:35.110189215,T,KO,I,20,66.38
2025-10-10,9:31:35.110213322,T,KO,F I,80,66.38
2025-10-10,9:31:35.110246375,T,KO,F,244,66.38
2025-10-10,9:31:35.111094385,T,KO,F I,2,66.385
2025-10-10,9:31:35.309527971,T,KO,,100,66.385
2025-10-10,9:31:35.310027098,T,KO,,100,66.385
2025-10-10,9:31:35.322272683,T,KO,,100,66.38
2025-10-10,9:31:35.322275263,T,KO,,100,66.38
2025-10-10,9:31:35.322293336,T,KO,I,35,66.38
2025-10-10,9:31:35.950531599,T,KO,F I,2,66.39
2025-10-10,9:31:35.950913552,T,KO,,100,66.39
2025-10-10,9:31:35.951081918,T,KO,I,27,66.39
2025-10-10,9:31:35.951884870,T,KO,,100,66.4
2025-10-10,9:31:36.299212149,T,KO,F I,16,66.4
2025-10-10,9:31:36.299212149,T,KO,F I,66,66.4
2025-10-10,9:31:36.299218122,T,KO,F,100,66.4
2025-10-10,9:31:36.300896305,T,KO,F I,33,66.41
2025-10-10,9:31:36.300896305,T,KO,F I,34,66.41
2025-10-10,9:31:36.302580040,T,KO,,200,66.41
2025-10-10,9:31:36.302580040,T,KO,,100,66.41
2025-10-10,9:31:36.303244593,T,KO,F I,34,66.41
2025-10-10,9:31:36.303247632,T,KO,F I,12,66.41
2025-10-10,9:31:39.339374983,T,KO,,100,66.43
2025-10-10,9:31:39.339377852,T,KO,I,44,66.42
2025-10-10,9:31:39.339377852,T,KO,,200,66.42
2025-10-10,9:31:39.339696619,T,KO,,100,66.43
2025-10-10,9:31:39.339895101,T,KO,I,33,66.41
2025-10-10,9:31:39.340162655,T,KO,F,100,66.42
2025-10-10,9:31:39.341416881,T,KO,,100,66.42
2025-10-10,9:31:39.341420016,T,KO,,100,66.42
2025-10-10,9:31:39.341422876,T,KO,,100,66.42
2025-10-10,9:31:39.341428985,T,KO,,100,66.42
2025-10-10,9:31:39.341428985,T,KO,I,12,66.42
2025-10-10,9:31:39.341428985,T,KO,,100,66.42
2025-10-10,9:31:39.342442160,T,KO,I,11,66.42
2025-10-10,9:31:39.342484234,T,KO,I,14,66.43
2025-10-10,9:31:39.342508963,T,KO,F I,39,66.43
2025-10-10,9:31:39.342514253,T,KO,F,100,66.43
2025-10-10,9:31:39.342514253,T,KO,F,200,66.43
2025-10-10,9:31:39.343927643,T,KO,I,63,66.43
2025-10-10,9:31:39.343966741,T,KO,F I,37,66.43
2025-10-10,9:31:39.343970057,T,KO,F I,17,66.43
2025-10-10,9:31:39.343970057,T,KO,F I,11,66.43
2025-10-10,9:31:39.343972892,T,KO,F I,41,66.43
2025-10-10,9:31:39.343990851,T,KO,,159,66.43
2025-10-10,9:31:39.343996826,T,KO,,200,66.43
2025-10-10,9:31:39.343996826,T,KO,,100,66.43
2025-10-10,9:31:39.346189005,T,KO,I,82,66.425
2025-10-10,9:31:39.364106344,T,KO,I,54,66.44
2025-10-10,9:31:39.364108771,T,KO,,100,66.44
2025-10-10,9:31:39.364108771,T,KO,,200,66.44
2025-10-10,9:31:39.584969841,T,KO,F,100,66.46
2025-10-10,9:31:39.584969841,T,KO,F,200,66.46
2025-10-10,9:31:40.718889401,T,KO,F I,8,66.46
2025-10-10,9:31:40.718907464,T,KO,F I,18,66.46
2025-10-10,9:31:40.719566041,T,KO,,100,66.46
2025-10-10,9:31:40.719587064,T,KO,I,1,66.46
2025-10-10,9:31:40.719599205,T,KO,I,20,66.46
2025-10-10,9:31:41.337797218,T,KO,I,66,66.45
2025-10-10,9:31:41.337799540,T,KO,,200,66.45
2025-10-10,9:31:42.331883056,T,KO,,200,66.445
2025-10-10,9:31:42.331886172,T,KO,I,66,66.44
2025-10-10,9:31:42.331886172,T,KO,,100,66.44
2025-10-10,9:31:42.331889078,T,KO,,100,66.44
2025-10-10,9:31:42.333913026,T,KO,F I,53,66.45
2025-10-10,9:31:42.333916564,T,KO,F I,54,66.45
2025-10-10,9:31:42.333916564,T,KO,F,143,66.45
2025-10-10,9:31:44.361642330,T,KO,,166,66.47
2025-10-10,9:31:44.361646080,T,KO,,143,66.47
2025-10-10,9:31:44.361649396,T,KO,I,66,66.47
2025-10-10,9:31:44.361649396,T,KO,I,1,66.47
2025-10-10,9:31:44.361651349,T,KO,I,2,66.47
2025-10-10,9:31:44.361714484,T,KO,F I,2,66.47
2025-10-10,9:31:44.361720483,T,KO,F I,64,66.47
2025-10-10,9:31:44.362048211,T,KO,I,70,66.465
2025-10-10,9:31:45.361548051,T,KO,,100,66.46
2025-10-10,9:31:45.361550817,T,KO,,170,66.45
2025-10-10,9:31:45.361571919,T,KO,I,1,66.45
2025-10-10,9:31:45.361602042,T,KO,,143,66.46
2025-10-10,9:31:45.361641078,T,KO,I,2,66.47
2025-10-10,9:31:45.656809289,T,KO,,143,66.46
2025-10-10,9:31:45.656812087,T,KO,I,70,66.46
2025-10-10,9:31:47.358270340,T,KO,I,70,66.45
2025-10-10,9:31:47.358292314,T,KO,,130,66.45
2025-10-10,9:31:47.358312736,T,KO,I,1,66.45
2025-10-10,9:31:47.402798009,T,KO,,100,66.44
2025-10-10,9:31:47.402800490,T,KO,I,16,66.44
2025-10-10,9:31:47.402911718,T,KO,I,6,66.44
2025-10-10,9:31:47.403194339,T,KO,F I,1,66.44
2025-10-10,9:31:47.403639666,T,KO,F,200,66.43
2025-10-10,9:31:47.403642672,T,KO,F,100,66.43
2025-10-10,9:31:47.403646026,T,KO,F,100,66.43
2025-10-10,9:31:47.403648433,T,KO,,100,66.43
2025-10-10,9:31:47.403937113,T,KO,F,100,66.43
2025-10-10,9:31:47.404749156,T,KO,F,100,66.43
2025-10-10,9:31:47.404752571,T,KO,F I,14,66.43
2025-10-10,9:31:47.404755431,T,KO,F I,7,66.43
2025-10-10,9:31:47.404758103,T,KO,F,100,66.43
2025-10-10,9:31:47.404770129,T,KO,F,100,66.43
2025-10-10,9:31:52.386134359,T,KO,,105,66.44
2025-10-10,9:31:52.386134359,T,KO,,100,66.44
2025-10-10,9:31:52.386137314,T,KO,I,1,66.44
2025-10-10,9:31:54.346524279,T,KO,F,100,66.44
2025-10-10,9:31:55.533692157,T,KO,,100,66.45
2025-10-10,9:32:00.416177362,T,KO,F,100,66.48
2025-10-10,9:32:00.416201450,T,KO,,100,66.48
2025-10-10,9:32:00.416246640,T,KO,I,17,66.48
2025-10-10,9:32:00.416252593,T,KO,F I,83,66.48
2025-10-10,9:32:00.416252593,T,KO,F I,17,66.48
2025-10-10,9:32:00.416267591,T,KO,F,110,66.48
2025-10-10,9:32:00.416273650,T,KO,F,100,66.48
2025-10-10,9:32:00.416285829,T,KO,I,99,66.48
2025-10-10,9:32:00.416330767,T,KO,F I,1,66.48
2025-10-10,9:32:00.416333780,T,KO,F I,73,66.48
2025-10-10,9:32:00.426368720,T,KO,I,16,66.48
2025-10-10,9:32:00.426371835,T,KO,,200,66.48
2025-10-10,9:32:00.426371835,T,KO,,200,66.48
2025-10-10,9:32:00.429637508,T,KO,I,1,66.47
2025-10-10,9:32:00.429637508,T,KO,I,83,66.47
2025-10-10,9:32:00.430653875,T,KO,I,42,66.47
2025-10-10,9:32:00.430656844,T,KO,,100,66.47
2025-10-10,9:32:00.430656844,T,KO,I,58,66.47
2025-10-10,9:32:00.430717088,T,KO,F,100,66.47
2025-10-10,9:32:00.430720046,T,KO,F I,32,66.47
2025-10-10,9:32:00.430741072,T,KO,I,16,66.47
2025-10-10,9:32:07.099518018,T,KO,F I,8,66.49
2025-10-10,9:32:07.099523180,T,KO,F,192,66.49
2025-10-10,9:32:07.099526176,T,KO,F I,51,66.49
2025-10-10,9:32:07.099526176,T,KO,F I,25,66.49
2025-10-10,9:32:07.099772806,T,KO,F,200,66.5
2025-10-10,9:32:07.099775748,T,KO,F,200,66.5
2025-10-10,9:32:07.100112560,T,KO,F,660,66.5
2025-10-10,9:32:07.127745412,T,KO,F,100,66.52
2025-10-10,9:32:09.259441649,T,KO,I,21,66.54
2025-10-10,9:32:09.259441649,T,KO,I,1,66.54
2025-10-10,9:32:11.743474736,T,KO,,100,66.545
2025-10-10,9:32:14.435696741,T,KO,,100,66.54
2025-10-10,9:32:14.436722180,T,KO,F,100,66.54
2025-10-10,9:32:14.436722180,T,KO,F,100,66.55
2025-10-10,9:32:14.436743507,T,KO,I,1,66.55
2025-10-10,9:32:14.437083139,T,KO,,100,66.545
2025-10-10,9:32:14.437083139,T,KO,I,51,66.54
2025-10-10,9:32:14.437158214,T,KO,F I,51,66.55
2025-10-10,9:32:14.437170429,T,KO,F,200,66.55
2025-10-10,9:32:14.437173295,T,KO,F,100,66.55
2025-10-10,9:32:14.445376935,T,KO,,100,66.55
2025-10-10,9:32:14.827440055,T,KO,F I,1,66.56
2025-10-10,9:32:14.827442827,T,KO,F,200,66.56
2025-10-10,9:32:14.827445825,T,KO,F,100,66.56
2025-10-10,9:32:14.827448855,T,KO,F,100,66.56
2025-10-10,9:32:17.067947076,T,KO,,100,66.565
2025-10-10,9:32:17.076607602,T,KO,,100,66.565
2025-10-10,9:32:17.136720799,T,KO,,100,66.565
2025-10-10,9:32:18.056401253,T,KO,,100,66.56
2025-10-10,9:32:18.057417641,T,KO,F,200,66.54
2025-10-10,9:32:18.057420704,T,KO,F I,50,66.54
2025-10-10,9:32:18.057619075,T,KO,,100,66.54
2025-10-10,9:32:18.057637128,T,KO,,100,66.55
2025-10-10,9:32:18.057637128,T,KO,I,57,66.55
2025-10-10,9:32:18.057643506,T,KO,,100,66.55
2025-10-10,9:32:18.057643506,T,KO,,200,66.55
2025-10-10,9:32:18.057647310,T,KO,,100,66.55
2025-10-10,9:32:18.057647310,T,KO,I,60,66.55
2025-10-10,9:32:18.057653068,T,KO,I,99,66.55
2025-10-10,9:32:18.057653068,T,KO,,200,66.55
2025-10-10,9:32:18.057653068,T,KO,I,17,66.55
2025-10-10,9:32:18.057655249,T,KO,I,85,66.55
2025-10-10,9:32:18.057682285,T,KO,,200,66.55
2025-10-10,9:32:18.057937995,T,KO,I,60,66.54
2025-10-10,9:32:18.057937995,T,KO,I,60,66.54
2025-10-10,9:32:18.057943919,T,KO,,200,66.54
2025-10-10,9:32:18.057943919,T,KO,I,60,66.54
2025-10-10,9:32:18.057958984,T,KO,I,1,66.54
2025-10-10,9:32:18.057967966,T,KO,,100,66.55
2025-10-10,9:32:18.058019696,T,KO,F I,39,66.54
2025-10-10,9:32:18.058019696,T,KO,F,200,66.54
2025-10-10,9:32:18.058022347,T,KO,F,100,66.54
2025-10-10,9:32:18.058025091,T,KO,F,200,66.54
2025-10-10,9:32:18.058187513,T,KO,,100,66.55
2025-10-10,9:32:18.058326251,T,KO,F,157,66.55
2025-10-10,9:32:18.058334839,T,KO,F,200,66.55
2025-10-10,9:32:18.058338094,T,KO,F,282,66.55
2025-10-10,9:32:18.058338094,T,KO,F I,66,66.55
2025-10-10,9:32:18.058358895,T,KO,F,125,66.55
2025-10-10,9:32:18.058536321,T,KO,F,200,66.54
2025-10-10,9:32:18.058969356,T,KO,F I,23,66.54
2025-10-10,9:32:18.058993600,T,KO,F I,11,66.54
2025-10-10,9:32:19.247814781,T,KO,F I,72,66.53
2025-10-10,9:32:19.248311420,T,KO,F I,72,66.52
2025-10-10,9:32:19.251994816,T,KO,I,89,66.51
2025-10-10,9:32:19.252015784,T,KO,I,1,66.51
2025-10-10,9:32:22.004366314,T,KO,I,1,66.51
2025-10-10,9:32:22.004390670,T,KO,I,9,66.51
2025-10-10,9:32:22.004390670,T,KO,I,1,66.51
2025-10-10,9:32:22.004393698,T,KO,I,13,66.51
2025-10-10,9:32:22.004396163,T,KO,,200,66.51
2025-10-10,9:32:22.004396163,T,KO,I,51,66.51
2025-10-10,9:32:22.005054771,T,KO,F I,1,66.5
2025-10-10,9:32:22.005054771,T,KO,F I,15,66.5
2025-10-10,9:32:23.080515192,T,KO,,200,66.505
2025-10-10,9:32:27.827943217,T,KO,,100,66.505
2025-10-10,9:32:27.955816617,T,KO,,100,66.505
2025-10-10,9:32:29.459437581,T,KO,F,159,66.49
2025-10-10,9:32:29.459437581,T,KO,F I,5,66.49
2025-10-10,9:32:29.459443127,T,KO,,200,66.51
2025-10-10,9:32:29.459467211,T,KO,I,1,66.5
2025-10-10,9:32:29.459662372,T,KO,F I,1,66.48
2025-10-10,9:32:35.058333807,T,KO,,100,66.485
2025-10-10,9:32:35.940617130,T,KO,,100,66.485
2025-10-10,9:32:36.724421897,T,KO,,100,66.485
2025-10-10,9:32:37.176034585,T,KO,F,200,66.485
2025-10-10,9:32:41.063110460,T,KO,F I,10,66.5
2025-10-10,9:32:41.063114478,T,KO,F,100,66.5
2025-10-10,9:32:41.063116389,T,KO,F I,30,66.5
2025-10-10,9:32:44.314351914,T,KO,,200,66.535
2025-10-10,9:32:44.875686896,T,KO,I,18,66.535
2025-10-10,9:32:46.612416361,T,KO,,100,66.53
2025-10-10,9:32:49.392555833,T,KO,I,1,66.54
2025-10-10,9:32:49.392558862,T,KO,I,17,66.54
2025-10-10,9:32:49.392658065,T,KO,F,100,66.54
2025-10-10,9:32:49.392661243,T,KO,F I,21,66.54
2025-10-10,9:32:50.440669013,T,KO,I,21,66.54
2025-10-10,9:32:53.934396045,T,KO,I,87,66.54
2025-10-10,9:32:53.934408094,T,KO,I,87,66.54
2025-10-10,9:32:55.633689263,T,KO,,100,66.53
2025-10-10,9:32:55.633728380,T,KO,I,99,66.53
2025-10-10,9:32:55.633740469,T,KO,I,1,66.53
2025-10-10,9:32:55.633740469,T,KO,I,99,66.53
2025-10-10,9:32:55.633755430,T,KO,F I,1,66.53
2025-10-10,9:32:55.633761706,T,KO,,100,66.53
2025-10-10,9:33:00.053478485,T,KO,I,84,66.55
2025-10-10,9:33:00.053499678,T,KO,I,16,66.55
2025-10-10,9:33:00.053502178,T,KO,I,1,66.55
2025-10-10,9:33:00.504107268,T,KO,F I,43,66.54
2025-10-10,9:33:06.703952416,T,KO,,100,66.59
2025-10-10,9:33:07.528437997,T,KO,,100,66.585
2025-10-10,9:33:07.528441016,T,KO,,100,66.59
2025-10-10,9:33:10.073730169,T,KO,,100,66.585
2025-10-10,9:33:10.201706054,T,KO,,100,66.61
2025-10-10,9:33:10.201706054,T,KO,,100,66.61
2025-10-10,9:33:10.202049311,T,KO,,200,66.6
2025-10-10,9:33:10.202049311,T,KO,,100,66.6
2025-10-10,9:33:10.203781057,T,KO,F,100,66.61
2025-10-10,9:33:10.203781057,T,KO,F I,63,66.61
2025-10-10,9:33:10.204186849,T,KO,,100,66.61
2025-10-10,9:33:10.204193883,T,KO,,100,66.61
2025-10-10,9:33:10.204193883,T,KO,I,51,66.61
2025-10-10,9:33:10.204193883,T,KO,I,30,66.61
2025-10-10,9:33:10.204199362,T,KO,,200,66.61
2025-10-10,9:33:10.204199362,T,KO,I,79,66.61
2025-10-10,9:33:10.205556225,T,KO,F,100,66.61
2025-10-10,9:33:10.205556225,T,KO,F,100,66.61
2025-10-10,9:33:10.205558140,T,KO,F,200,66.61
2025-10-10,9:33:10.250521973,T,KO,,200,66.62
2025-10-10,9:33:10.250521973,T,KO,,100,66.62
2025-10-10,9:33:10.250525010,T,KO,I,6,66.63
2025-10-10,9:33:10.250525010,T,KO,,200,66.63
2025-10-10,9:33:10.250531035,T,KO,,200,66.63
2025-10-10,9:33:10.250531035,T,KO,I,5,66.63
2025-10-10,9:33:10.250816034,T,KO,F,100,66.62
2025-10-10,9:33:10.250822003,T,KO,F,100,66.62
2025-10-10,9:33:10.250822003,T,KO,F,100,66.62
2025-10-10,9:33:10.250824916,T,KO,F I,63,66.62
2025-10-10,9:33:10.300635554,T,KO,I,21,66.62
2025-10-10,9:33:10.300639003,T,KO,,100,66.62
2025-10-10,9:33:10.300645595,T,KO,,305,66.62
2025-10-10,9:33:10.300645595,T,KO,,100,66.62
2025-10-10,9:33:10.300645595,T,KO,I,79,66.62
2025-10-10,9:33:10.300650831,T,KO,,100,66.62
2025-10-10,9:33:10.300650831,T,KO,I,2,66.62
2025-10-10,9:33:10.300650831,T,KO,I,48,66.62
2025-10-10,9:33:10.300654099,T,KO,I,62,66.62
2025-10-10,9:33:10.316649427,T,KO,F I,21,66.62
2025-10-10,9:33:10.316649427,T,KO,F I,30,66.62
2025-10-10,9:33:10.316672803,T,KO,I,1,66.62
2025-10-10,9:33:10.317445596,T,KO,I,10,66.62
2025-10-10,9:33:10.317514852,T,KO,F,100,66.62
2025-10-10,9:33:10.317514852,T,KO,F,100,66.62
2025-10-10,9:33:10.317517766,T,KO,F,100,66.62
2025-10-10,9:33:10.327429370,T,KO,F,200,66.62
2025-10-10,9:33:10.471117762,T,KO,F I,63,66.61
2025-10-10,9:33:10.471120825,T,KO,F I,60,66.61
2025-10-10,9:33:10.471123616,T,KO,F,200,66.61
2025-10-10,9:33:10.644856380,T,KO,I,63,66.62
2025-10-10,9:33:10.644860158,T,KO,I,63,66.62
2025-10-10,9:33:10.644862399,T,KO,,200,66.62
2025-10-10,9:33:10.645352951,T,KO,F,100,66.61
2025-10-10,9:33:10.645355791,T,KO,F I,63,66.61
2025-10-10,9:33:10.645359323,T,KO,F,300,66.61
2025-10-10,9:33:10.645359323,T,KO,F,100,66.61
2025-10-10,9:33:10.645362930,T,KO,F I,73,66.61
2025-10-10,9:33:10.645367594,T,KO,F,175,66.61
2025-10-10,9:33:10.645383681,T,KO,F I,63,66.61
2025-10-10,9:33:10.645383681,T,KO,F,200,66.61
2025-10-10,9:33:10.645388915,T,KO,F,200,66.61
2025-10-10,9:33:10.645388915,T,KO,F I,25,66.61
2025-10-10,9:33:10.645842747,T,KO,I,46,66.61
2025-10-10,9:33:10.647719284,T,KO,F I,17,66.6
2025-10-10,9:33:10.647722256,T,KO,F I,43,66.6
2025-10-10,9:33:10.648134247,T,KO,,100,66.6
2025-10-10,9:33:10.695395486,T,KO,,100,66.6
2025-10-10,9:33:10.695399437,T,KO,,150,66.6
2025-10-10,9:33:10.695399437,T,KO,,300,66.6
2025-10-10,9:33:10.695400818,T,KO,,258,66.6
2025-10-10,9:33:10.695403856,T,KO,,129,66.6
2025-10-10,9:33:11.152727729,T,KO,F,129,66.6
2025-10-10,9:33:11.152730491,T,KO,F I,21,66.6
2025-10-10,9:33:11.152733658,T,KO,F,200,66.6
2025-10-10,9:33:11.152856900,T,KO,I,66,66.61
2025-10-10,9:33:11.152859633,T,KO,,100,66.61
2025-10-10,9:33:11.152863897,T,KO,,100,66.61
2025-10-10,9:33:11.152863897,T,KO,,400,66.61
2025-10-10,9:33:11.152869427,T,KO,I,63,66.61
2025-10-10,9:33:11.152869427,T,KO,I,73,66.61
2025-10-10,9:33:11.152871693,T,KO,,149,66.61
2025-10-10,9:33:11.152871693,T,KO,I,79,66.61
2025-10-10,9:33:11.152874618,T,KO,,200,66.61
2025-10-10,9:33:11.152874618,T,KO,,200,66.61
2025-10-10,9:33:11.152877474,T,KO,I,25,66.61
2025-10-10,9:33:11.152988600,T,KO,F,350,66.61
2025-10-10,9:33:11.153015771,T,KO,F I,50,66.61
2025-10-10,9:33:11.153028660,T,KO,F,149,66.6
2025-10-10,9:33:11.153033764,T,KO,F,100,66.6
2025-10-10,9:33:11.153033764,T,KO,F I,73,66.6
2025-10-10,9:33:11.153036804,T,KO,F I,63,66.6
2025-10-10,9:33:11.153036804,T,KO,F I,76,66.6
2025-10-10,9:33:11.153060826,T,KO,,124,66.6
2025-10-10,9:33:11.153064642,T,KO,,100,66.6
2025-10-10,9:33:11.153064642,T,KO,,200,66.6
2025-10-10,9:33:11.153208529,T,KO,,100,66.6
2025-10-10,9:33:11.153208529,T,KO,,200,66.6
2025-10-10,9:33:11.153377088,T,KO,F I,46,66.61
2025-10-10,9:33:11.153379548,T,KO,I,33,66.61
2025-10-10,9:33:11.153602173,T,KO,F I,63,66.6
2025-10-10,9:33:11.371742003,T,KO,F,200,66.59
2025-10-10,9:33:11.371744680,T,KO,F I,30,66.59
2025-10-10,9:33:11.371762671,T,KO,I,1,66.59
2025-10-10,9:33:11.371820379,T,KO,I,38,66.6
2025-10-10,9:33:11.371820379,T,KO,,200,66.6
2025-10-10,9:33:11.371823023,T,KO,,200,66.6
2025-10-10,9:33:11.371888979,T,KO,F,100,66.6
2025-10-10,9:33:11.371892334,T,KO,F I,37,66.6
2025-10-10,9:33:11.371895404,T,KO,F I,2,66.6
2025-10-10,9:33:11.371997314,T,KO,,100,66.6
2025-10-10,9:33:13.936075110,T,KO,I,79,66.61
2025-10-10,9:33:16.358669097,T,KO,,100,66.615
2025-10-10,9:33:19.017045536,T,KO,,200,66.62
2025-10-10,9:33:19.017048931,T,KO,,200,66.62
2025-10-10,9:33:19.017048931,T,KO,I,63,66.62
2025-10-10,9:33:19.017052741,T,KO,F,137,66.62
2025-10-10,9:33:19.017087658,T,KO,I,44,66.63
2025-10-10,9:33:19.017222928,T,KO,F I,38,66.62
2025-10-10,9:33:19.023937912,T,KO,F,101,66.61
2025-10-10,9:33:22.890468840,T,KO,F,100,66.62
2025-10-10,9:33:24.718140893,T,KO,F I,2,66.63
2025-10-10,9:33:24.718495711,T,KO,,100,66.63
2025-10-10,9:33:24.718495711,T,KO,I,27,66.63
2025-10-10,9:33:24.718516701,T,KO,,100,66.63
2025-10-10,9:33:25.806198292,T,KO,I,27,66.63
2025-10-10,9:33:27.628914553,T,KO,F I,20,66.64
2025-10-10,9:33:27.628939116,T,KO,F,230,66.64
2025-10-10,9:33:27.628941643,T,KO,F I,4,66.64
2025-10-10,9:33:27.628944594,T,KO,F I,5,66.64
2025-10-10,9:33:32.281869457,T,KO,I,15,66.65
2025-10-10,9:33:32.282395642,T,KO,F I,5,66.65
2025-10-10,9:33:32.368256205,T,KO,I,3,66.65
2025-10-10,9:33:32.737406340,T,KO,I,1,66.64
2025-10-10,9:33:39.310031610,T,KO,I,15,66.64
2025-10-10,9:33:43.139727580,T,KO,F I,25,66.65
2025-10-10,9:33:43.139881414,T,KO,I,27,66.65
2025-10-10,9:33:43.139884188,T,KO,,100,66.65
2025-10-10,9:33:43.139989296,T,KO,I,27,66.65
2025-10-10,9:33:43.140302079,T,KO,I,9,66.65
2025-10-10,9:33:43.140302079,T,KO,,200,66.65
2025-10-10,9:33:44.452329790,T,KO,,251,66.66
2025-10-10,9:33:44.452362866,T,KO,I,80,66.66
2025-10-10,9:33:44.452365920,T,KO,,100,66.66
2025-10-10,9:33:44.515769059,T,KO,,200,66.65
2025-10-10,9:33:44.515769059,T,KO,I,56,66.65
2025-10-10,9:33:45.004922989,T,KO,,200,66.66
2025-10-10,9:33:45.004922989,T,KO,I,69,66.66
2025-10-10,9:33:45.004983041,T,KO,F,174,66.65
2025-10-10,9:33:45.005692782,T,KO,F,100,66.64
2025-10-10,9:33:45.005692782,T,KO,F I,44,66.64
2025-10-10,9:33:45.948928290,T,KO,,100,66.65
2025-10-10,9:33:45.949574814,T,KO,F I,9,66.65
2025-10-10,9:33:45.949592914,T,KO,F,100,66.65
2025-10-10,9:33:46.068375736,T,KO,I,61,66.64
2025-10-10,9:33:46.750391128,T,KO,I,71,66.63
2025-10-10,9:33:50.198601707,T,KO,I,7,66.63
2025-10-10,9:33:50.198917481,T,KO,F I,2,66.63
2025-10-10,9:33:50.198920457,T,KO,F,100,66.63
2025-10-10,9:33:52.785276056,T,KO,F I,10,66.64
2025-10-10,9:34:16.141390455,T,KO,,100,66.64
2025-10-10,9:34:16.141390455,T,KO,,100,66.64
2025-10-10,9:34:16.141392658,T,KO,I,78,66.64
2025-10-10,9:34:16.141840793,T,KO,I,34,66.63
2025-10-10,9:34:16.143308317,T,KO,F I,64,66.64
2025-10-10,9:34:16.143311392,T,KO,F,100,66.64
2025-10-10,9:34:16.143314315,T,KO,F,165,66.64
2025-10-10,9:34:16.143329316,T,KO,I,1,66.64
2025-10-10,9:34:16.143350369,T,KO,F I,34,66.64
2025-10-10,9:34:16.143350369,T,KO,F,200,66.64
2025-10-10,9:34:16.143353349,T,KO,F,100,66.64
2025-10-10,9:34:16.150528434,T,KO,I,22,66.64
2025-10-10,9:34:16.150561490,T,KO,I,42,66.64
2025-10-10,9:34:16.150564640,T,KO,,100,66.64
2025-10-10,9:34:16.150564640,T,KO,I,42,66.64
2025-10-10,9:34:16.150567860,T,KO,I,22,66.64
2025-10-10,9:34:16.150567860,T,KO,I,18,66.64
2025-10-10,9:34:16.154497961,T,KO,F I,1,66.63
2025-10-10,9:34:16.634320667,T,KO,I,79,66.63
2025-10-10,9:34:16.634320667,T,KO,I,1,66.63
2025-10-10,9:34:16.636720562,T,KO,I,64,66.63
2025-10-10,9:34:16.636720562,T,KO,I,28,66.63
2025-10-10,9:34:17.694610014,T,KO,F I,61,66.63
2025-10-10,9:34:17.694613028,T,KO,F I,19,66.63
2025-10-10,9:34:17.694682180,T,KO,F I,19,66.63
2025-10-10,9:34:17.694685190,T,KO,F I,26,66.63
2025-10-10,9:34:17.694766449,T,KO,I,24,66.63
2025-10-10,9:34:22.650101054,T,KO,F I,66,66.64
2025-10-10,9:34:22.650118874,T,KO,F I,34,66.64
2025-10-10,9:34:22.650121627,T,KO,F I,2,66.64
2025-10-10,9:34:23.604032577,T,KO,F,100,66.66
2025-10-10,9:34:23.611974483,T,KO,,200,66.67
2025-10-10,9:34:23.676914094,T,KO,F I,62,66.67
2025-10-10,9:34:24.027780777,T,KO,,100,66.675
2025-10-10,9:34:24.360644065,T,KO,F,100,66.675
2025-10-10,9:34:24.360644065,T,KO,F I,28,66.67
2025-10-10,9:34:24.360646585,T,KO,F I,47,66.67
2025-10-10,9:34:24.360664566,T,KO,I,1,66.67
2025-10-10,9:34:24.360772806,T,KO,I,14,66.67
2025-10-10,9:34:24.360772806,T,KO,I,42,66.67
2025-10-10,9:34:24.360775830,T,KO,,100,66.67
2025-10-10,9:34:24.360778846,T,KO,I,54,66.67
2025-10-10,9:34:25.995484266,T,KO,I,52,66.67
2025-10-10,9:34:26.301547178,T,KO,F,100,66.67
2025-10-10,9:34:27.948880020,T,KO,F I,30,66.68
2025-10-10,9:34:27.948882668,T,KO,F I,7,66.68
2025-10-10,9:34:27.966558788,T,KO,,100,66.69
2025-10-10,9:34:29.704332331,T,KO,F I,74,66.68
2025-10-10,9:34:29.704334670,T,KO,F I,1,66.68
2025-10-10,9:34:29.704355692,T,KO,I,1,66.68
2025-10-10,9:34:29.710295203,T,KO,F I,98,66.68
2025-10-10,9:34:29.710297794,T,KO,F,168,66.67
2025-10-10,9:34:29.710300811,T,KO,F,150,66.67
2025-10-10,9:34:29.710300811,T,KO,F I,50,66.67
2025-10-10,9:34:31.217761156,T,KO,,100,66.675
2025-10-10,9:34:32.927979397,T,KO,F,200,66.68
2025-10-10,9:34:33.810746878,T,KO,I,26,66.68
2025-10-10,9:34:33.810774009,T,KO,F I,74,66.68
2025-10-10,9:34:37.328534318,T,KO,,100,66.67
2025-10-10,9:34:37.328534318,T,KO,,100,66.67
2025-10-10,9:34:40.994388259,T,KO,F I,11,66.65
2025-10-10,9:34:40.994421765,T,KO,F,168,66.64
2025-10-10,9:34:40.994424330,T,KO,F,200,66.64
2025-10-10,9:34:40.994439310,T,KO,I,61,66.655
2025-10-10,9:34:41.052874965,T,KO,F I,8,66.62
2025-10-10,9:34:41.052877755,T,KO,F I,18,66.62
2025-10-10,9:34:41.052877755,T,KO,F I,82,66.62
2025-10-10,9:34:41.128486581,T,KO,I,57,66.62
2025-10-10,9:34:46.596460748,T,KO,F,200,66.64
2025-10-10,9:34:46.596530008,T,KO,,100,66.64
2025-10-10,9:34:46.596869863,T,KO,,100,66.64
2025-10-10,9:34:46.598174867,T,KO,,100,66.64
2025-10-10,9:34:46.603524633,T,KO,,100,66.64
2025-10-10,9:34:46.604850775,T,KO,,100,66.64
2025-10-10,9:34:46.715261786,T,KO,I,50,66.64
2025-10-10,9:34:47.917846994,T,KO,F,100,66.63
2025-10-10,9:34:47.917910132,T,KO,I,19,66.64
2025-10-10,9:34:47.917931807,T,KO,I,6,66.64
2025-10-10,9:34:47.919657321,T,KO,,100,66.62
2025-10-10,9:34:47.920968470,T,KO,I,5,66.62
2025-10-10,9:34:47.921657064,T,KO,,100,66.62
2025-10-10,9:34:56.548658080,T,KO,I,80,66.63
2025-10-10,9:35:03.363461927,T,KO,I,6,66.61
2025-10-10,9:35:04.648879383,T,KO,F I,5,66.6
2025-10-10,9:35:04.648912389,T,KO,,200,66.59
2025-10-10,9:35:04.648915938,T,KO,,200,66.59
2025-10-10,9:35:10.248326538,T,KO,F,100,66.58
2025-10-10,9:35:13.579672851,T,KO,I,6,66.56
2025-10-10,9:35:14.059128705,T,KO,,200,66.57
2025-10-10,9:35:36.149663636,T,KO,F I,30,66.56
2025-10-10,9:35:40.287007517,T,KO,F,100,66.56
2025-10-10,9:35:40.287239114,T,KO,I,22,66.55
2025-10-10,9:35:40.287272773,T,KO,,178,66.55
2025-10-10,9:35:40.287275134,T,KO,I,20,66.55
2025-10-10,9:35:44.179303747,T,KO,I,6,66.55
2025-10-10,9:35:52.673009208,T,KO,I,2,66.56
2025-10-10,9:35:52.673367047,T,KO,I,8,66.56
2025-10-10,9:35:54.305573571,T,KO,F,100,66.56
2025-10-10,9:35:54.305576493,T,KO,F,100,66.56
2025-10-10,9:35:57.256841927,T,KO,,100,66.56
2025-10-10,9:35:57.256844562,T,KO,I,92,66.56
2025-10-10,9:35:57.256847529,T,KO,,100,66.56
2025-10-10,9:35:57.256850522,T,KO,,200,66.56
2025-10-10,9:35:57.256850522,T,KO,,108,66.56
2025-10-10,9:35:57.267441738,T,KO,,200,66.58
2025-10-10,9:35:57.274995791,T,KO,I,3,66.57
2025-10-10,9:36:00.666280893,T,KO,I,32,66.56
2025-10-10,9:36:00.666298779,T,KO,I,1,66.56
2025-10-10,9:36:08.910187631,T,KO,I,1,66.55
2025-10-10,9:36:08.910187631,T,KO,I,99,66.55
2025-10-10,9:36:08.910232654,T,KO,F I,76,66.55
2025-10-10,9:36:08.910235656,T,KO,F,100,66.55
2025-10-10,9:36:08.910238709,T,KO,F I,29,66.55
2025-10-10,9:36:08.910801522,T,KO,F I,31,66.56
2025-10-10,9:36:08.910804436,T,KO,F I,45,66.56
2025-10-10,9:36:08.911273171,T,KO,F I,41,66.57
2025-10-10,9:36:10.533113908,T,KO,I,18,66.57
2025-10-10,9:36:10.533135079,T,KO,F I,58,66.57
2025-10-10,9:36:10.533135079,T,KO,F I,74,66.57
2025-10-10,9:36:10.533140846,T,KO,F I,29,66.57
2025-10-10,9:36:17.396206663,T,KO,,100,66.575
2025-10-10,9:36:18.487343407,T,KO,,100,66.575
2025-10-10,9:36:19.131558671,T,KO,F,100,66.57
2025-10-10,9:36:20.119531908,T,KO,F,100,66.56
2025-10-10,9:36:20.119534858,T,KO,F,100,66.56
2025-10-10,9:36:21.329210928,T,KO,F I,40,66.57
2025-10-10,9:36:21.329740190,T,KO,F,100,66.58
2025-10-10,9:36:21.366385538,T,KO,I,71,66.58
2025-10-10,9:36:21.366385538,T,KO,,200,66.58
2025-10-10,9:36:22.902600358,T,KO,,100,66.575
2025-10-10,9:36:24.567629894,T,KO,F I,71,66.58
2025-10-10,9:36:25.308131474,T,KO,,200,66.57
2025-10-10,9:36:28.737357974,T,KO,F,100,66.57
2025-10-10,9:36:32.444190593,T,KO,I,2,66.58
2025-10-10,9:36:33.843687957,T,KO,I,1,66.59
2025-10-10,9:36:33.843691641,T,KO,I,16,66.59
2025-10-10,9:36:33.843693808,T,KO,I,83,66.59
2025-10-10,9:36:33.843705854,T,KO,I,1,66.59
2025-10-10,9:36:33.843714821,T,KO,F I,16,66.59
2025-10-10,9:36:33.845053014,T,KO,F I,35,66.6
2025-10-10,9:36:33.845053014,T,KO,F I,39,66.6
2025-10-10,9:36:35.091010498,T,KO,I,4,66.59
2025-10-10,9:36:39.477837704,T,KO,F I,33,66.6
2025-10-10,9:36:39.480120100,T,KO,F,200,66.6
2025-10-10,9:36:39.681609055,T,KO,F,100,66.59
2025-10-10,9:36:39.681609055,T,KO,F,100,66.59
2025-10-10,9:36:55.692462452,T,KO,F I,10,66.61
2025-10-10,9:36:55.692687530,T,KO,,100,66.61
2025-10-10,9:36:55.693079391,T,KO,F,100,66.61
2025-10-10,9:36:55.693079391,T,KO,F,100,66.61
2025-10-10,9:36:55.693084629,T,KO,F I,64,66.61
2025-10-10,9:36:55.693084629,T,KO,F I,29,66.61
2025-10-10,9:36:55.693088358,T,KO,F I,70,66.61
2025-10-10,9:36:55.693123569,T,KO,F I,27,66.61
2025-10-10,9:36:55.701700345,T,KO,F,103,66.61
2025-10-10,9:36:55.701700345,T,KO,F I,97,66.61
2025-10-10,9:36:55.701718071,T,KO,F I,3,66.61
2025-10-10,9:36:55.701769165,T,KO,F I,64,66.61
2025-10-10,9:36:55.701772129,T,KO,F I,30,66.61
2025-10-10,9:36:55.796209134,T,KO,I,27,66.6
2025-10-10,9:36:55.796576014,T,KO,F,176,66.61
2025-10-10,9:36:56.504970306,T,KO,F,176,66.61
2025-10-10,9:36:56.504970306,T,KO,F I,30,66.61
2025-10-10,9:36:59.264263960,T,KO,I,1,66.61
2025-10-10,9:37:00.393026311,T,KO,,100,66.625
2025-10-10,9:37:06.366540323,T,KO,F I,6,66.63
2025-10-10,9:37:06.366543387,T,KO,F I,44,66.63
2025-10-10,9:37:06.366543387,T,KO,F I,10,66.63
2025-10-10,9:37:06.367153780,T,KO,F,100,66.64
2025-10-10,9:37:06.367153780,T,KO,F,100,66.64
2025-10-10,9:37:06.367174793,T,KO,I,12,66.64
2025-10-10,9:37:06.367204872,T,KO,F I,88,66.64
2025-10-10,9:37:06.367204872,T,KO,F I,12,66.64
2025-10-10,9:37:06.367219947,T,KO,F I,88,66.64
2025-10-10,9:37:06.367219947,T,KO,F I,12,66.64
2025-10-10,9:37:06.367229082,T,KO,I,88,66.64
2025-10-10,9:37:06.367229082,T,KO,,100,66.64
2025-10-10,9:37:06.367283181,T,KO,F,100,66.64
2025-10-10,9:37:06.367289071,T,KO,F,100,66.64
2025-10-10,9:37:06.367328284,T,KO,I,45,66.64
2025-10-10,9:37:06.367340513,T,KO,F I,55,66.64
2025-10-10,9:37:06.367343913,T,KO,F,100,66.64
2025-10-10,9:37:06.367346383,T,KO,F I,45,66.64
2025-10-10,9:37:06.367346383,T,KO,F I,74,66.64
2025-10-10,9:37:06.367349804,T,KO,F I,26,66.64
2025-10-10,9:37:06.367352897,T,KO,F I,74,66.64
2025-10-10,9:37:06.367355935,T,KO,F I,26,66.64
2025-10-10,9:37:06.367358508,T,KO,F,100,66.64
2025-10-10,9:37:06.367364277,T,KO,F I,44,66.64
2025-10-10,9:37:06.367370276,T,KO,F I,26,66.64
2025-10-10,9:37:06.367385301,T,KO,I,26,66.64
2025-10-10,9:37:06.367394350,T,KO,F I,4,66.64
2025-10-10,9:37:06.367419165,T,KO,F I,40,66.64
2025-10-10,9:37:06.367571990,T,KO,I,4,66.64
2025-10-10,9:37:06.367574878,T,KO,,100,66.64
2025-10-10,9:37:06.367574878,T,KO,,100,66.64
2025-10-10,9:37:06.367617045,T,KO,F,100,66.64
2025-10-10,9:37:06.367619950,T,KO,I,27,66.64
2025-10-10,9:37:06.367674031,T,KO,F I,84,66.64
2025-10-10,9:37:06.367840741,T,KO,F I,29,66.64
2025-10-10,9:37:06.367842433,T,KO,F,200,66.64
2025-10-10,9:37:06.368212356,T,KO,,100,66.64
2025-10-10,9:37:06.368215869,T,KO,I,40,66.64
2025-10-10,9:37:06.397319046,T,KO,,200,66.63
2025-10-10,9:37:06.397321911,T,KO,,100,66.63
2025-10-10,9:37:06.397325020,T,KO,I,1,66.63
2025-10-10,9:37:06.397325020,T,KO,I,40,66.63
2025-10-10,9:37:06.397327733,T,KO,,100,66.63
2025-10-10,9:37:06.397598320,T,KO,I,65,66.62
2025-10-10,9:37:06.397598320,T,KO,,200,66.62
2025-10-10,9:37:06.397721575,T,KO,,100,66.62
2025-10-10,9:37:06.495421302,T,KO,I,1,66.62
2025-10-10,9:37:06.944811709,T,KO,I,64,66.62
2025-10-10,9:37:06.944811709,T,KO,,191,66.62
2025-10-10,9:37:10.827539223,T,KO,F,400,66.63
2025-10-10,9:37:10.827539223,T,KO,F I,25,66.63
2025-10-10,9:37:10.827542151,T,KO,F I,74,66.63
2025-10-10,9:37:10.827557129,T,KO,I,1,66.63
2025-10-10,9:37:11.594999998,T,KO,I,1,66.63
2025-10-10,9:37:11.595030078,T,KO,F I,11,66.63
2025-10-10,9:37:12.055038630,T,KO,I,50,66.64
2025-10-10,9:37:12.158629358,T,KO,I,74,66.63
2025-10-10,9:37:12.337182690,T,KO,F I,50,66.64
2025-10-10,9:37:12.337537459,T,KO,I,63,66.64
2025-10-10,9:37:12.337541721,T,KO,,100,66.64
2025-10-10,9:37:12.337541721,T,KO,I,31,66.64
2025-10-10,9:37:12.337588550,T,KO,F I,63,66.64
2025-10-10,9:37:12.347178421,T,KO,,100,66.64
2025-10-10,9:37:12.347181430,T,KO,I,31,66.64
2025-10-10,9:37:12.347181430,T,KO,,100,66.64
2025-10-10,9:37:16.309189869,T,KO,F,100,66.635
2025-10-10,9:37:16.309189869,T,KO,F,125,66.65
2025-10-10,9:37:16.309213797,T,KO,I,1,66.65
2025-10-10,9:37:16.309255941,T,KO,I,99,66.65
2025-10-10,9:37:16.309270948,T,KO,F,172,66.64
2025-10-10,9:37:16.309282923,T,KO,I,1,66.65
2025-10-10,9:37:16.309295214,T,KO,I,1,66.64
2025-10-10,9:37:16.309358192,T,KO,F,100,66.64
2025-10-10,9:37:16.309379549,T,KO,,172,66.64
2025-10-10,9:37:16.309526674,T,KO,I,64,66.64
2025-10-10,9:37:16.309529512,T,KO,,100,66.64
2025-10-10,9:37:16.309559974,T,KO,,200,66.64
2025-10-10,9:37:16.309559974,T,KO,,100,66.64
2025-10-10,9:37:16.395498283,T,KO,F I,64,66.64
2025-10-10,9:37:16.395501300,T,KO,F,100,66.64
2025-10-10,9:37:16.395504621,T,KO,F I,64,66.64
2025-10-10,9:37:16.395507863,T,KO,F,200,66.64
2025-10-10,9:37:16.395507863,T,KO,F I,4,66.64
2025-10-10,9:37:16.395510629,T,KO,F I,84,66.64
2025-10-10,9:37:16.395976393,T,KO,F I,41,66.64
2025-10-10,9:37:16.399762423,T,KO,I,23,66.64
2025-10-10,9:37:16.399784992,T,KO,,100,66.64
2025-10-10,9:37:16.399789489,T,KO,I,80,66.64
2025-10-10,9:37:16.609208355,T,KO,F I,20,66.63
2025-10-10,9:37:16.609262395,T,KO,,100,66.63
2025-10-10,9:37:16.609289509,T,KO,F I,64,66.63
2025-10-10,9:37:16.609289509,T,KO,F I,80,66.63
2025-10-10,9:37:16.618473992,T,KO,F I,9,66.63
2025-10-10,9:37:16.618476312,T,KO,F I,64,66.63
2025-10-10,9:37:16.618485346,T,KO,F,100,66.63
2025-10-10,9:37:17.405838662,T,KO,F I,88,66.625
2025-10-10,9:37:17.482211846,T,KO,F,100,66.64
2025-10-10,9:37:17.482218049,T,KO,F,200,66.64
2025-10-10,9:37:17.482218049,T,KO,F,200,66.64
2025-10-10,9:37:17.562960442,T,KO,F I,12,66.65
2025-10-10,9:37:17.562960442,T,KO,F,100,66.65
2025-10-10,9:37:17.563855981,T,KO,F I,37,66.65
2025-10-10,9:37:17.564135614,T,KO,I,27,66.65
2025-10-10,9:37:17.564256575,T,KO,,100,66.65
2025-10-10,9:37:17.564259309,T,KO,,100,66.65
2025-10-10,9:37:17.564263065,T,KO,I,64,66.65
2025-10-10,9:37:17.564263065,T,KO,,152,66.65
2025-10-10,9:37:17.564267945,T,KO,,182,66.65
2025-10-10,9:37:17.564267945,T,KO,I,37,66.65
2025-10-10,9:37:17.564267945,T,KO,I,27,66.65
2025-10-10,9:37:17.564436351,T,KO,F I,25,66.65
2025-10-10,9:37:17.564869339,T,KO,,100,66.66
2025-10-10,9:37:17.564872343,T,KO,,100,66.66
2025-10-10,9:37:17.565777688,T,KO,F I,64,66.66
2025-10-10,9:37:17.565781049,T,KO,F,100,66.66
2025-10-10,9:37:17.565784070,T,KO,F,182,66.66
2025-10-10,9:37:17.565784070,T,KO,F I,39,66.66
2025-10-10,9:37:17.565786717,T,KO,F I,15,66.66
2025-10-10,9:37:17.566198884,T,KO,F,185,66.66
2025-10-10,9:37:17.566201525,T,KO,F,115,66.66
2025-10-10,9:37:18.572791948,T,KO,F I,4,66.67
2025-10-10,9:37:18.572791948,T,KO,F I,64,66.67
2025-10-10,9:37:18.597414882,T,KO,I,64,66.67
2025-10-10,9:37:18.597417597,T,KO,I,90,66.67
2025-10-10,9:37:19.080842896,T,KO,I,64,66.67
2025-10-10,9:37:19.657171570,T,KO,F,200,66.69
2025-10-10,9:37:19.657174575,T,KO,F,200,66.69
2025-10-10,9:37:19.657327985,T,KO,F,200,66.69
2025-10-10,9:37:19.723756131,T,KO,I,63,66.69
2025-10-10,9:37:19.723759153,T,KO,,100,66.69
2025-10-10,9:37:20.672681191,T,KO,F I,79,66.69
2025-10-10,9:37:20.672951769,T,KO,F I,79,66.7
2025-10-10,9:37:20.678310708,T,KO,I,63,66.7
2025-10-10,9:37:20.758676942,T,KO,I,63,66.69
2025-10-10,9:37:20.758680158,T,KO,,200,66.69
2025-10-10,9:37:20.758680158,T,KO,,200,66.69
2025-10-10,9:37:20.759050177,T,KO,,132,66.68
2025-10-10,9:37:20.759050177,T,KO,,200,66.68
2025-10-10,9:37:20.759052866,T,KO,,100,66.68
2025-10-10,9:37:20.806858121,T,KO,,100,66.665
2025-10-10,9:37:20.806858121,T,KO,I,79,66.67
2025-10-10,9:37:21.045409890,T,KO,,152,66.665
2025-10-10,9:37:21.499987619,T,KO,I,1,66.665
2025-10-10,9:37:25.486308665,T,KO,I,52,66.66
2025-10-10,9:37:26.523554154,T,KO,,100,66.66
2025-10-10,9:37:26.523557136,T,KO,,100,66.66
2025-10-10,9:37:34.296433841,T,KO,F,100,66.665
2025-10-10,9:37:34.296433841,T,KO,I,11,66.67
2025-10-10,9:37:34.296436820,T,KO,,100,66.67
2025-10-10,9:37:35.305459927,T,KO,F,100,66.68
2025-10-10,9:37:38.365605276,T,KO,F,100,66.675
2025-10-10,9:37:40.284926594,T,KO,F,100,66.68
2025-10-10,9:37:40.284929634,T,KO,F I,10,66.68
2025-10-10,9:37:40.284929634,T,KO,,100,66.68
2025-10-10,9:37:40.293545133,T,KO,F I,35,66.68
2025-10-10,9:37:40.293548100,T,KO,F I,62,66.68
2025-10-10,9:37:40.293548100,T,KO,F I,3,66.68
2025-10-10,9:37:40.728116101,T,KO,I,35,66.68
2025-10-10,9:37:40.728116101,T,KO,I,62,66.68
2025-10-10,9:37:43.131596541,T,KO,F,100,66.67
2025-10-10,9:37:43.131599467,T,KO,F I,17,66.67
2025-10-10,9:37:43.131615457,T,KO,I,1,66.67
2025-10-10,9:37:43.187698165,T,KO,F,100,66.68
2025-10-10,9:37:48.098084291,T,KO,I,3,66.685
2025-10-10,9:37:49.157961581,T,KO,F I,10,66.69
2025-10-10,9:37:59.905739701,T,KO,,100,66.68
2025-10-10,9:37:59.905757731,T,KO,I,1,66.68
2025-10-10,9:37:59.905764023,T,KO,I,1,66.68
2025-10-10,9:37:59.905821034,T,KO,F,100,66.68
2025-10-10,9:37:59.905823870,T,KO,F,200,66.68
2025-10-10,9:38:02.028892483,T,KO,F,100,66.69
2025-10-10,9:38:02.028895596,T,KO,F,100,66.69
2025-10-10,9:38:02.028895596,T,KO,F,100,66.69
2025-10-10,9:38:02.178216166,T,KO,I,25,66.7
2025-10-10,9:38:02.179782848,T,KO,F I,1,66.71
2025-10-10,9:38:02.202291480,T,KO,,200,66.715
2025-10-10,9:38:02.203046303,T,KO,F I,90,66.72
2025-10-10,9:38:02.203052293,T,KO,F I,10,66.72
2025-10-10,9:38:02.203091424,T,KO,F,100,66.72
2025-10-10,9:38:02.209487641,T,KO,,200,66.725
2025-10-10,9:38:02.478481263,T,KO,I,1,66.73
2025-10-10,9:38:02.479074080,T,KO,,100,66.73
2025-10-10,9:38:02.479074080,T,KO,I,77,66.73
2025-10-10,9:38:02.479079688,T,KO,,100,66.73
2025-10-10,9:38:02.479082700,T,KO,,100,66.73
2025-10-10,9:38:04.106847565,T,KO,,100,66.735
2025-10-10,9:38:04.107343772,T,KO,I,35,66.73
2025-10-10,9:38:04.107343772,T,KO,I,73,66.73
2025-10-10,9:38:04.107346884,T,KO,I,77,66.73
2025-10-10,9:38:04.107346884,T,KO,,100,66.73
2025-10-10,9:38:04.107388800,T,KO,I,38,66.73
2025-10-10,9:38:07.095924636,T,KO,F,100,66.725
2025-10-10,9:38:07.095928046,T,KO,F,100,66.73
2025-10-10,9:38:07.095928046,T,KO,F I,38,66.73
2025-10-10,9:38:07.095930745,T,KO,F I,35,66.73
2025-10-10,9:38:07.095933728,T,KO,F I,10,66.73
2025-10-10,9:38:07.095948911,T,KO,F I,90,66.73
2025-10-10,9:38:07.095951741,T,KO,F I,10,66.73
2025-10-10,9:38:08.329489671,T,KO,,100,66.735
2025-10-10,9:38:08.329516782,T,KO,,100,66.735
2025-10-10,9:38:08.331185709,T,KO,,100,66.735
2025-10-10,9:38:08.332030653,T,KO,,400,66.735
2025-10-10,9:38:09.896693212,T,KO,,100,66.735
2025-10-10,9:38:09.898641861,T,KO,,100,66.735
2025-10-10,9:38:09.924244947,T,KO,F,200,66.72
2025-10-10,9:38:09.924250831,T,KO,F,182,66.72
2025-10-10,9:38:09.924250831,T,KO,F I,42,66.72
2025-10-10,9:38:09.924253905,T,KO,F,102,66.72
2025-10-10,9:38:09.925766428,T,KO,F I,70,66.715
2025-10-10,9:38:10.730335743,T,KO,F I,20,66.71
2025-10-10,9:38:11.241766808,T,KO,,100,66.7
2025-10-10,9:38:11.242058487,T,KO,,100,66.7
2025-10-10,9:38:11.319856790,T,KO,,100,66.705
2025-10-10,9:38:13.575105112,T,KO,,100,66.725
2025-10-10,9:38:15.203627753,T,KO,,100,66.725
2025-10-10,9:38:15.236156207,T,KO,,100,66.725
2025-10-10,9:38:15.245836307,T,KO,,100,66.725
2025-10-10,9:38:15.267145029,T,KO,,100,66.725
2025-10-10,9:38:23.257875422,T,KO,,100,66.72
2025-10-10,9:38:23.265609951,T,KO,,100,66.72
2025-10-10,9:38:24.552422712,T,KO,I,3,66.72
2025-10-10,9:38:25.279046320,T,KO,,100,66.72
2025-10-10,9:38:28.845128645,T,KO,,100,66.72
2025-10-10,9:38:33.878832227,T,KO,F,100,66.71
2025-10-10,9:38:33.878835209,T,KO,F,100,66.71
2025-10-10,9:38:33.878982800,T,KO,F,100,66.7
2025-10-10,9:38:33.878982800,T,KO,F,187,66.7
2025-10-10,9:38:33.878986174,T,KO,F I,50,66.7
2025-10-10,9:38:33.878988593,T,KO,F,200,66.7
2025-10-10,9:38:33.880570314,T,KO,F,200,66.69
2025-10-10,9:38:33.883697710,T,KO,F,100,66.68
2025-10-10,9:38:36.628848803,T,KO,I,1,66.675
2025-10-10,9:38:44.451498221,T,KO,F I,6,66.67
2025-10-10,9:38:44.451498221,T,KO,F I,3,66.67
2025-10-10,9:38:44.451498221,T,KO,F I,8,66.67
2025-10-10,9:38:44.451500809,T,KO,F I,34,66.67
2025-10-10,9:38:44.451502987,T,KO,F I,10,66.67
2025-10-10,9:38:44.451506601,T,KO,F,100,66.67
2025-10-10,9:38:44.465272827,T,KO,I,6,66.66
2025-10-10,9:38:44.822156764,T,KO,F I,21,66.66
2025-10-10,9:38:44.828420725,T,KO,I,67,66.65
2025-10-10,9:38:47.204388571,T,KO,F I,30,66.66
2025-10-10,9:38:47.204391712,T,KO,F,100,66.66
2025-10-10,9:38:47.204391712,T,KO,F I,11,66.66
2025-10-10,9:38:47.204406569,T,KO,I,1,66.66
2025-10-10,9:38:47.422398781,T,KO,F I,57,66.66
2025-10-10,9:38:47.422405225,T,KO,F,100,66.66
2025-10-10,9:38:47.422405225,T,KO,F I,35,66.66
2025-10-10,9:38:47.422408270,T,KO,F I,12,66.66
2025-10-10,9:38:48.122129404,T,KO,F I,43,66.67
2025-10-10,9:38:48.122129404,T,KO,F I,73,66.67
2025-10-10,9:38:48.122132459,T,KO,F I,53,66.67
2025-10-10,9:38:48.122484204,T,KO,,100,66.67
2025-10-10,9:38:48.438585013,T,KO,,100,66.675
2025-10-10,9:38:53.817868855,T,KO,F,100,66.66
2025-10-10,9:38:53.886326979,T,KO,,100,66.67
2025-10-10,9:38:54.871930353,T,KO,F I,99,66.665
2025-10-10,9:39:01.279423214,T,KO,I,15,66.665
2025-10-10,9:39:02.359084768,T,KO,I,14,66.67
2025-10-10,9:39:02.359087650,T,KO,I,10,66.67
2025-10-10,9:39:02.359105649,T,KO,I,24,66.67
2025-10-10,9:39:02.359896513,T,KO,I,42,66.67
2025-10-10,9:39:02.367042194,T,KO,I,58,66.67
2025-10-10,9:39:02.367042194,T,KO,I,1,66.67
2025-10-10,9:39:03.813669891,T,KO,,200,66.67
2025-10-10,9:39:03.813687948,T,KO,I,1,66.67
2025-10-10,9:39:03.813694036,T,KO,I,1,66.67
2025-10-10,9:39:03.813699986,T,KO,I,57,66.67
2025-10-10,9:39:03.813703053,T,KO,I,17,66.67
2025-10-10,9:39:05.278314352,T,KO,F I,10,66.67
2025-10-10,9:39:06.561118644,T,KO,I,5,66.675
2025-10-10,9:39:07.488831375,T,KO,,100,66.675
2025-10-10,9:39:08.600834863,T,KO,F I,10,66.67
2025-10-10,9:39:12.465431999,T,KO,F I,10,66.68
2025-10-10,9:39:12.465431999,T,KO,F,100,66.68
2025-10-10,9:39:22.074211199,T,KO,F,100,66.7
2025-10-10,9:39:25.961587730,T,KO,,100,66.71
2025-10-10,9:39:26.830588466,T,KO,F I,27,66.7
2025-10-10,9:39:26.830591597,T,KO,F I,30,66.7
2025-10-10,9:39:26.830591597,T,KO,F I,22,66.7
2025-10-10,9:39:26.830603599,T,KO,F,100,66.7
2025-10-10,9:39:28.336256498,T,KO,F,100,66.7
2025-10-10,9:39:28.337020844,T,KO,I,1,66.7
2025-10-10,9:39:30.312954417,T,KO,I,10,66.71
2025-10-10,9:39:30.312954417,T,KO,I,1,66.71
2025-10-10,9:39:30.320472273,T,KO,I,12,66.72
2025-10-10,9:39:42.531033182,T,KO,F,300,66.72
2025-10-10,9:39:42.531054453,T,KO,I,1,66.72
2025-10-10,9:39:42.531081305,T,KO,,100,66.72
2025-10-10,9:39:42.531102303,T,KO,I,1,66.72
2025-10-10,9:39:43.042265837,T,KO,F I,6,66.72
2025-10-10,9:39:43.042284123,T,KO,F I,80,66.72
2025-10-10,9:39:43.042286832,T,KO,F I,19,66.72
2025-10-10,9:39:43.042596578,T,KO,I,36,66.72
2025-10-10,9:39:44.719020305,T,KO,I,73,66.72
2025-10-10,9:39:44.719023611,T,KO,I,1,66.72
2025-10-10,9:39:44.719023611,T,KO,I,5,66.72
2025-10-10,9:39:44.967938091,T,KO,I,36,66.72
2025-10-10,9:39:46.249488791,T,KO,I,27,66.72
2025-10-10,9:39:46.249491341,T,KO,,200,66.72
2025-10-10,9:39:46.701287410,T,KO,I,20,66.72
2025-10-10,9:39:46.701287410,T,KO,I,27,66.72
2025-10-10,9:39:46.701326679,T,KO,I,8,66.72
2025-10-10,9:39:46.701326679,T,KO,I,52,66.72
2025-10-10,9:39:46.701389635,T,KO,I,21,66.72
2025-10-10,9:39:56.432990475,T,KO,F I,16,66.72
2025-10-10,9:39:56.442195430,T,KO,F I,15,66.725
2025-10-10,9:39:56.442532247,T,KO,I,15,66.725
2025-10-10,9:39:56.442610366,T,KO,I,15,66.73
2025-10-10,9:39:56.446856514,T,KO,I,62,66.73
2025-10-10,9:39:56.446856514,T,KO,I,8,66.73
2025-10-10,9:40:00.383391121,T,KO,I,62,66.72
2025-10-10,9:40:02.295807999,T,KO,F I,1,66.73
2025-10-10,9:40:04.578550827,T,KO,I,10,66.73
2025-10-10,9:40:05.831154138,T,KO,F,100,66.72
2025-10-10,9:40:05.831181202,T,KO,I,1,66.72
2025-10-10,9:40:05.831620248,T,KO,I,1,66.72
2025-10-10,9:40:06.031404071,T,KO,I,21,66.72
2025-10-10,9:40:08.047234333,T,KO,F I,15,66.72
2025-10-10,9:40:08.047234333,T,KO,F I,25,66.72
2025-10-10,9:40:08.047237222,T,KO,F I,50,66.72
2025-10-10,9:40:08.967416796,T,KO,F,100,66.72
2025-10-10,9:40:09.441303542,T,KO,I,10,66.73
2025-10-10,9:40:11.563707331,T,KO,,100,66.725
2025-10-10,9:40:11.632279700,T,KO,,100,66.725
2025-10-10,9:40:14.907827976,T,KO,I,20,66.72
2025-10-10,9:40:14.907827976,T,KO,I,3,66.72
2025-10-10,9:40:15.399041898,T,KO,I,3,66.72
2025-10-10,9:40:15.399920196,T,KO,F I,72,66.72
2025-10-10,9:40:15.399920196,T,KO,F I,62,66.72
2025-10-10,9:40:15.399926126,T,KO,F I,36,66.72
2025-10-10,9:40:15.399929085,T,KO,F I,13,66.72
2025-10-10,9:40:15.628996605,T,KO,I,50,66.72
2025-10-10,9:40:15.642919782,T,KO,I,12,66.72
2025-10-10,9:40:16.960853774,T,KO,F I,25,66.71
2025-10-10,9:40:16.960856748,T,KO,F,100,66.71
2025-10-10,9:40:19.345813031,T,KO,,200,66.705
2025-10-10,9:40:19.346149840,T,KO,,100,66.71
2025-10-10,9:40:19.346149840,T,KO,I,32,66.71
2025-10-10,9:40:19.346152840,T,KO,I,35,66.71
2025-10-10,9:40:19.354602941,T,KO,,200,66.715
2025-10-10,9:40:19.455532373,T,KO,F,200,66.72
2025-10-10,9:40:22.218240257,T,KO,I,28,66.73
2025-10-10,9:40:27.144259511,T,KO,F,200,66.7
2025-10-10,9:40:27.144262534,T,KO,F I,30,66.7
2025-10-10,9:40:27.144277533,T,KO,I,1,66.7
2025-10-10,9:40:37.559538663,T,KO,F I,52,66.7
2025-10-10,9:40:38.393701414,T,KO,F I,48,66.7
2025-10-10,9:40:43.552671549,T,KO,,100,66.695
2025-10-10,9:40:43.642444362,T,KO,F,100,66.7
2025-10-10,9:40:43.656980891,T,KO,,100,66.705
2025-10-10,9:40:43.656983883,T,KO,I,12,66.71
2025-10-10,9:40:43.657004929,T,KO,I,1,66.71
2025-10-10,9:40:46.976181304,T,KO,I,25,66.7
2025-10-10,9:40:51.463637080,T,KO,F I,3,66.7
2025-10-10,9:40:51.484750569,T,KO,I,4,66.695
2025-10-10,9:40:51.484750569,T,KO,I,2,66.695
2025-10-10,9:40:51.623949419,T,KO,I,59,66.7
2025-10-10,9:40:51.623951974,T,KO,I,12,66.7
2025-10-10,9:40:52.339388947,T,KO,F I,1,66.7
2025-10-10,9:40:52.339388947,T,KO,F I,9,66.7
2025-10-10,9:40:53.079671118,T,KO,I,87,66.71
2025-10-10,9:40:53.079674102,T,KO,,200,66.71
2025-10-10,9:40:53.080236947,T,KO,I,50,66.71
2025-10-10,9:40:59.755962061,T,KO,I,2,66.7
2025-10-10,9:40:59.756283891,T,KO,I,25,66.7
2025-10-10,9:40:59.784680524,T,KO,I,25,66.7
2025-10-10,9:41:05.097130270,T,KO,I,10,66.71
2025-10-10,9:41:05.097133348,T,KO,I,20,66.71
2025-10-10,9:41:05.097145146,T,KO,I,30,66.71
2025-10-10,9:41:05.097151229,T,KO,I,29,66.71
2025-10-10,9:41:11.710959378,T,KO,I,6,66.715
2025-10-10,9:41:12.533776061,T,KO,F I,1,66.71
2025-10-10,9:41:12.533776061,T,KO,F I,1,66.71
2025-10-10,9:41:12.534067676,T,KO,I,25,66.71
2025-10-10,9:41:20.248100090,T,KO,F I,10,66.71
2025-10-10,9:41:20.248103168,T,KO,F,100,66.71
2025-10-10,9:41:20.248106852,T,KO,F I,5,66.71
2025-10-10,9:41:20.248119894,T,KO,F I,14,66.71
2025-10-10,9:41:20.431485902,T,KO,F,200,66.72
2025-10-10,9:41:20.431485902,T,KO,F,200,66.72
2025-10-10,9:41:20.431488899,T,KO,F I,25,66.72
2025-10-10,9:41:20.432418057,T,KO,F,200,66.73
2025-10-10,9:41:20.461870358,T,KO,I,64,66.73
2025-10-10,9:41:26.001752564,T,KO,F I,28,66.73
2025-10-10,9:41:26.001754557,T,KO,F I,64,66.73
2025-10-10,9:41:26.001757558,T,KO,F,200,66.73
2025-10-10,9:41:27.725216332,T,KO,F,100,66.74
2025-10-10,9:41:29.945253813,T,KO,I,28,66.74
2025-10-10,9:41:29.945265926,T,KO,I,28,66.74
2025-10-10,9:41:29.945584612,T,KO,,100,66.74
2025-10-10,9:41:29.945590627,T,KO,,100,66.74
2025-10-10,9:41:29.945596813,T,KO,I,65,66.74
2025-10-10,9:41:29.945599710,T,KO,,100,66.74
2025-10-10,9:41:29.945599710,T,KO,I,1,66.74
2025-10-10,9:41:29.962884936,T,KO,F,200,66.75
2025-10-10,9:41:29.962884936,T,KO,F I,10,66.75
2025-10-10,9:41:33.203971132,T,KO,F I,65,66.76
2025-10-10,9:41:36.996149870,T,KO,I,24,66.74
2025-10-10,9:41:36.996237076,T,KO,I,23,66.74
2025-10-10,9:41:38.485404929,T,KO,I,17,66.74
2025-10-10,9:41:38.485428926,T,KO,,236,66.74
2025-10-10,9:41:44.308885986,T,KO,F I,10,66.75
2025-10-10,9:41:44.308891913,T,KO,F I,5,66.75
2025-10-10,9:41:44.308891913,T,KO,F I,23,66.75
2025-10-10,9:41:58.634338904,T,KO,F,100,66.75
2025-10-10,9:42:00.142304351,T,KO,I,88,66.75
2025-10-10,9:42:02.291938221,T,KO,F I,42,66.74
2025-10-10,9:42:02.291938221,T,KO,F I,1,66.74
2025-10-10,9:42:02.292672324,T,KO,I,42,66.73
2025-10-10,9:42:02.292672324,T,KO,I,58,66.73
2025-10-10,9:42:02.292674932,T,KO,I,1,66.73
2025-10-10,9:42:02.293829698,T,KO,,100,66.725
2025-10-10,9:42:04.006652194,T,KO,I,1,66.72
2025-10-10,9:42:04.006670591,T,KO,I,12,66.72
2025-10-10,9:42:04.006677048,T,KO,,185,66.72
2025-10-10,9:42:04.006677048,T,KO,,100,66.72
2025-10-10,9:42:06.770101820,T,KO,I,6,66.72
2025-10-10,9:42:09.221684944,T,KO,F,100,66.71
2025-10-10,9:42:09.370720209,T,KO,I,70,66.71
2025-10-10,9:42:09.370720209,T,KO,I,10,66.71
2025-10-10,9:42:09.370723293,T,KO,I,14,66.71
2025-10-10,9:42:09.390672360,T,KO,,100,66.715
2025-10-10,9:42:13.013547927,T,KO,F I,70,66.71
2025-10-10,9:42:21.671931686,T,KO,,100,66.705
2025-10-10,9:42:21.695036101,T,KO,F I,8,66.71
2025-10-10,9:42:21.695038677,T,KO,F I,8,66.71
2025-10-10,9:42:21.695053817,T,KO,F I,8,66.71
2025-10-10,9:42:21.695059727,T,KO,I,8,66.71
2025-10-10,9:42:21.696076192,T,KO,I,69,66.71
2025-10-10,9:42:21.696076192,T,KO,I,31,66.71
2025-10-10,9:42:21.696674672,T,KO,I,27,66.71
2025-10-10,9:42:21.696677615,T,KO,I,69,66.71
2025-10-10,9:42:21.697206859,T,KO,I,69,66.71
2025-10-10,9:42:21.697206859,T,KO,I,31,66.71
2025-10-10,9:42:21.891502630,T,KO,I,69,66.71
2025-10-10,9:42:22.050819140,T,KO,I,69,66.71
2025-10-10,9:42:22.050822092,T,KO,,131,66.71
2025-10-10,9:42:22.050840155,T,KO,I,1,66.71
2025-10-10,9:42:22.050846193,T,KO,I,30,66.71
2025-10-10,9:42:26.428167638,T,KO,F I,10,66.72
2025-10-10,9:42:28.384452882,T,KO,I,20,66.73
2025-10-10,9:42:28.384452882,T,KO,I,80,66.73
2025-10-10,9:42:30.874046349,T,KO,I,6,66.73
2025-10-10,9:42:34.413401016,T,KO,I,3,66.74
2025-10-10,9:42:34.413401016,T,KO,I,10,66.74
2025-10-10,9:42:34.413413212,T,KO,F I,13,66.74
2025-10-10,9:42:34.413434131,T,KO,F I,87,66.74
2025-10-10,9:42:34.841885546,T,KO,I,12,66.745
2025-10-10,9:42:36.052605216,T,KO,I,8,66.745
2025-10-10,9:42:37.826578214,T,KO,,100,66.74
2025-10-10,9:42:39.138500798,T,KO,F I,12,66.75
2025-10-10,9:42:39.138500798,T,KO,F I,10,66.75
2025-10-10,9:42:48.403663627,T,KO,,100,66.75
2025-10-10,9:42:52.503120396,T,KO,I,5,66.74
2025-10-10,9:42:56.482338675,T,KO,,100,66.73
2025-10-10,9:43:02.084654717,T,KO,,100,66.73
2025-10-10,9:43:04.083019188,T,KO,,100,66.73
2025-10-10,9:43:04.083100486,T,KO,,100,66.73
2025-10-10,9:43:04.083100486,T,KO,I,68,66.73
2025-10-10,9:43:04.083107477,T,KO,,100,66.73
2025-10-10,9:43:04.083107477,T,KO,I,28,66.73
2025-10-10,9:43:04.083112704,T,KO,,100,66.73
2025-10-10,9:43:04.083112704,T,KO,,200,66.73
2025-10-10,9:43:04.083116018,T,KO,,100,66.73
2025-10-10,9:43:04.118783391,T,KO,I,68,66.73
2025-10-10,9:43:04.118786512,T,KO,,100,66.73
2025-10-10,9:43:04.118786512,T,KO,I,28,66.73
2025-10-10,9:43:04.118789425,T,KO,I,68,66.73
2025-10-10,9:43:04.118792416,T,KO,,100,66.73
2025-10-10,9:43:04.118792416,T,KO,I,2,66.73
2025-10-10,9:43:12.563782257,T,KO,,100,66.72
2025-10-10,9:43:12.563782257,T,KO,I,25,66.72
2025-10-10,9:43:12.563799857,T,KO,I,1,66.72
2025-10-10,9:43:12.564082574,T,KO,F I,99,66.72
2025-10-10,9:43:12.564320057,T,KO,,100,66.72
2025-10-10,9:43:12.564341136,T,KO,I,1,66.72
2025-10-10,9:43:12.569035648,T,KO,I,6,66.715
2025-10-10,9:43:13.639007776,T,KO,I,5,66.72
2025-10-10,9:43:17.078846437,T,KO,,100,66.715
2025-10-10,9:43:17.627894098,T,KO,,100,66.715
2025-10-10,9:43:19.674111565,T,KO,F,100,66.715
2025-10-10,9:43:19.674114681,T,KO,F I,9,66.72
2025-10-10,9:43:21.232411718,T,KO,F I,66,66.72
2025-10-10,9:43:21.232414043,T,KO,F I,3,66.72
2025-10-10,9:43:21.232417650,T,KO,F,100,66.72
2025-10-10,9:43:21.232417650,T,KO,F I,5,66.72
2025-10-10,9:43:21.232420264,T,KO,F I,3,66.72
2025-10-10,9:43:21.232420264,T,KO,F I,2,66.72
2025-10-10,9:43:21.232426771,T,KO,F I,2,66.72
2025-10-10,9:43:21.232426771,T,KO,F I,2,66.72
2025-10-10,9:43:21.232426771,T,KO,F I,1,66.72
2025-10-10,9:43:21.232432071,T,KO,F I,2,66.72
2025-10-10,9:43:21.232432071,T,KO,F I,26,66.72
2025-10-10,9:43:21.232435059,T,KO,F I,9,66.72
2025-10-10,9:43:21.232435059,T,KO,F I,2,66.72
2025-10-10,9:43:21.232438920,T,KO,F I,1,66.72
2025-10-10,9:43:21.232477176,T,KO,F I,3,66.72
2025-10-10,9:43:21.232486264,T,KO,F I,52,66.72
2025-10-10,9:43:21.234010828,T,KO,F,100,66.72
2025-10-10,9:43:21.234013913,T,KO,F I,59,66.72
2025-10-10,9:43:21.234031941,T,KO,I,1,66.72
2025-10-10,9:43:42.330640195,T,KO,I,30,66.72
2025-10-10,9:43:42.330640195,T,KO,I,60,66.72
2025-10-10,9:43:43.159284333,T,KO,,100,66.72
2025-10-10,9:43:43.159804932,T,KO,I,93,66.72
2025-10-10,9:43:43.159804932,T,KO,,100,66.72
2025-10-10,9:43:43.159807610,T,KO,I,28,66.72
2025-10-10,9:43:45.001604157,T,KO,F I,28,66.72
2025-10-10,9:43:45.001607685,T,KO,F I,93,66.72
2025-10-10,9:43:45.001610178,T,KO,F,100,66.72
2025-10-10,9:43:52.635279400,T,KO,I,11,66.72
2025-10-10,9:43:53.014049498,T,KO,I,5,66.72
2025-10-10,9:43:55.327561651,T,KO,I,19,66.73
2025-10-10,9:43:55.327561651,T,KO,,100,66.73
2025-10-10,9:43:56.786056288,T,KO,F I,3,66.73
2025-10-10,9:44:04.067328193,T,KO,F,100,66.74
2025-10-10,9:44:04.067331173,T,KO,F I,25,66.74
2025-10-10,9:44:07.023555112,T,KO,F I,1,66.74
2025-10-10,9:44:21.722109592,T,KO,I,15,66.735
2025-10-10,9:44:27.998811825,T,KO,F I,4,66.72
2025-10-10,9:44:32.841669226,T,KO,F I,25,66.72
2025-10-10,9:44:32.842851223,T,KO,F I,2,66.72
2025-10-10,9:44:32.842854037,T,KO,F I,94,66.72
2025-10-10,9:44:36.941955786,T,KO,F I,10,66.73
2025-10-10,9:44:36.941955786,T,KO,F I,21,66.73
2025-10-10,9:44:44.577429217,T,KO,I,96,66.73
2025-10-10,9:44:44.577432189,T,KO,,100,66.73
2025-10-10,9:44:44.578944866,T,KO,I,73,66.72
2025-10-10,9:44:44.578944866,T,KO,,112,66.72
2025-10-10,9:44:44.578947753,T,KO,I,25,66.72
2025-10-10,9:44:44.578974892,T,KO,F,100,66.72
2025-10-10,9:44:44.580376697,T,KO,F,800,66.71
2025-10-10,9:44:44.580379255,T,KO,F,200,66.71
2025-10-10,9:44:44.580385279,T,KO,F,100,66.71
2025-10-10,9:44:44.580385279,T,KO,F I,1,66.71
2025-10-10,9:44:44.580385279,T,KO,F I,2,66.71
2025-10-10,9:44:50.939679436,T,KO,I,6,66.7
2025-10-10,9:44:50.939682781,T,KO,I,1,66.7
2025-10-10,9:44:50.939688246,T,KO,I,1,66.7
2025-10-10,9:44:50.939688246,T,KO,I,1,66.7
2025-10-10,9:44:57.147740010,T,KO,,100,66.705
2025-10-10,9:44:59.442992576,T,KO,F I,10,66.71
2025-10-10,9:44:59.442992576,T,KO,F I,25,66.71
2025-10-10,9:45:00.449011584,T,KO,,100,66.715
2025-10-10,9:45:00.842661226,T,KO,,100,66.71
2025-10-10,9:45:01.136358869,T,KO,F,200,66.72
2025-10-10,9:45:01.136358869,T,KO,F,200,66.72
2025-10-10,9:45:01.136361633,T,KO,F I,25,66.72
2025-10-10,9:45:02.892042192,T,KO,F I,2,66.72
2025-10-10,9:45:08.413014515,T,KO,I,12,66.71
2025-10-10,9:45:19.213405933,T,KO,F,100,66.7
2025-10-10,9:45:19.213408869,T,KO,F,100,66.7
2025-10-10,9:45:23.920613112,T,KO,,100,66.695
2025-10-10,9:45:25.390210223,T,KO,,100,66.695
2025-10-10,9:45:27.777425296,T,KO,F I,3,66.69
2025-10-10,9:45:27.777427849,T,KO,F I,1,66.69
2025-10-10,9:45:27.777431219,T,KO,F I,3,66.69
2025-10-10,9:45:27.777431219,T,KO,F I,7,66.69
2025-10-10,9:45:27.777448991,T,KO,I,7,66.69
2025-10-10,9:45:27.777448991,T,KO,I,6,66.69
2025-10-10,9:45:27.777460945,T,KO,F I,7,66.69
2025-10-10,9:45:27.777662426,T,KO,F I,7,66.69
2025-10-10,9:45:27.777752689,T,KO,F I,66,66.69
2025-10-10,9:45:27.777752689,T,KO,F,100,66.69
2025-10-10,9:45:27.777756072,T,KO,F,100,66.69
2025-10-10,9:45:27.777758734,T,KO,F,200,66.69
2025-10-10,9:45:30.522266276,T,KO,I,2,66.68
2025-10-10,9:45:30.522266276,T,KO,I,28,66.68
2025-10-10,9:45:35.665731504,T,KO,,100,66.675
2025-10-10,9:45:37.618281794,T,KO,,100,66.675
2025-10-10,9:45:38.654092991,T,KO,F I,43,66.67
2025-10-10,9:45:38.654092991,T,KO,F I,25,66.67
2025-10-10,9:45:38.881055661,T,KO,F I,31,66.67
2025-10-10,9:45:38.892097682,T,KO,I,17,66.675
2025-10-10,9:45:54.459616887,T,KO,F I,10,66.66
2025-10-10,9:45:54.459621002,T,KO,F I,80,66.66
2025-10-10,9:45:54.459631973,T,KO,F I,20,66.66
2025-10-10,9:45:54.459635249,T,KO,F I,23,66.66
2025-10-10,9:45:54.459635249,T,KO,F I,20,66.66
2025-10-10,9:45:54.459638058,T,KO,I,45,66.66
2025-10-10,9:45:54.459644169,T,KO,F I,12,66.66
2025-10-10,9:45:54.459646926,T,KO,F I,8,66.66
2025-10-10,9:45:54.459646926,T,KO,I,20,66.66
2025-10-10,9:45:54.459649939,T,KO,F I,63,66.66
2025-10-10,9:45:54.570359329,T,KO,F I,7,66.65
2025-10-10,9:45:54.570361622,T,KO,F I,18,66.65
2025-10-10,9:45:58.793006892,T,KO,F I,60,66.65
2025-10-10,9:45:59.056148535,T,KO,F,640,66.65
2025-10-10,9:45:59.056166645,T,KO,,100,66.65
2025-10-10,9:46:03.422018769,T,KO,F I,10,66.66
2025-10-10,9:46:03.422022057,T,KO,F,100,66.66
2025-10-10,9:46:03.422022057,T,KO,,110,66.66
2025-10-10,9:46:03.422039778,T,KO,I,1,66.66
2025-10-10,9:46:03.422075888,T,KO,I,99,66.66
2025-10-10,9:46:03.422078896,T,KO,I,90,66.66
2025-10-10,9:46:07.988349557,T,KO,F I,1,66.66
2025-10-10,9:46:07.999328566,T,KO,I,80,66.66
2025-10-10,9:46:11.870788171,T,KO,F,100,66.67
2025-10-10,9:46:11.870791219,T,KO,F I,3,66.67
2025-10-10,9:46:11.870791219,T,KO,F I,10,66.67
2025-10-10,9:46:13.561372754,T,KO,I,74,66.68
2025-10-10,9:46:16.111635592,T,KO,I,80,66.69
2025-10-10,9:46:17.022610342,T,KO,F I,27,66.68
2025-10-10,9:46:17.096718890,T,KO,,100,66.67
2025-10-10,9:46:27.947104701,T,KO,F,100,66.67
2025-10-10,9:46:27.947107851,T,KO,F I,10,66.67
2025-10-10,9:46:27.947110612,T,KO,F I,50,66.67
2025-10-10,9:46:28.129416405,T,KO,I,10,66.675
2025-10-10,9:46:28.130144214,T,KO,F I,10,66.68
2025-10-10,9:46:28.130147109,T,KO,F,159,66.68
2025-10-10,9:46:28.130270394,T,KO,,100,66.68
2025-10-10,9:46:28.130273635,T,KO,I,73,66.68
2025-10-10,9:46:28.130276895,T,KO,,100,66.68
2025-10-10,9:46:28.130276895,T,KO,,100,66.68
2025-10-10,9:46:28.130279525,T,KO,I,25,66.68
2025-10-10,9:46:28.131130485,T,KO,I,77,66.67
2025-10-10,9:46:28.131133887,T,KO,,100,66.67
2025-10-10,9:46:28.131136571,T,KO,I,13,66.67
2025-10-10,9:46:28.131139507,T,KO,,100,66.67
2025-10-10,9:46:28.131139507,T,KO,,100,66.67
2025-10-10,9:46:28.131434247,T,KO,I,25,66.67
2025-10-10,9:46:28.131476284,T,KO,F I,74,66.67
2025-10-10,9:46:28.131482375,T,KO,F,100,66.67
2025-10-10,9:46:28.131482375,T,KO,F I,74,66.67
2025-10-10,9:46:28.131521446,T,KO,I,26,66.67
2025-10-10,9:46:33.007300995,T,KO,I,6,66.665
2025-10-10,9:46:33.011171284,T,KO,,100,66.665
2025-10-10,9:46:37.855544200,T,KO,,100,66.66
2025-10-10,9:46:37.855547184,T,KO,,100,66.66
2025-10-10,9:46:48.930940507,T,KO,I,50,66.645
2025-10-10,9:46:48.948872654,T,KO,F I,3,66.64
2025-10-10,9:46:48.948875308,T,KO,F I,1,66.64
2025-10-10,9:46:49.698964465,T,KO,,100,66.635
2025-10-10,9:46:49.698966699,T,KO,,100,66.635
2025-10-10,9:46:50.359529665,T,KO,F I,1,66.63
2025-10-10,9:46:53.793861481,T,KO,I,94,66.63
2025-10-10,9:46:53.793864483,T,KO,I,10,66.63
2025-10-10,9:46:53.793879965,T,KO,F I,10,66.63
2025-10-10,9:46:53.793882490,T,KO,I,1,66.63
2025-10-10,9:46:53.793885514,T,KO,F I,89,66.63
2025-10-10,9:46:57.719558728,T,KO,F,100,66.64
2025-10-10,9:46:57.719561341,T,KO,F I,94,66.64
2025-10-10,9:46:57.719565129,T,KO,F,100,66.64
2025-10-10,9:46:57.719565129,T,KO,F,100,66.64
2025-10-10,9:46:57.719567368,T,KO,,200,66.64
2025-10-10,9:46:57.721188242,T,KO,I,36,66.65
2025-10-10,9:46:59.909740674,T,KO,F,100,66.65
2025-10-10,9:47:03.414402049,T,KO,F I,3,66.64
2025-10-10,9:47:03.414404816,T,KO,F I,2,66.64
2025-10-10,9:47:03.414417438,T,KO,F I,5,66.64
2025-10-10,9:47:03.414417438,T,KO,F I,5,66.64
2025-10-10,9:47:03.414425857,T,KO,F I,5,66.64
2025-10-10,9:47:03.414438242,T,KO,F I,5,66.64
2025-10-10,9:47:03.414438242,T,KO,F I,5,66.64
2025-10-10,9:47:03.414443901,T,KO,F I,5,66.64
2025-10-10,9:47:03.414443901,T,KO,F I,5,66.64
2025-10-10,9:47:03.415923368,T,KO,F,165,66.64
2025-10-10,9:47:11.341633088,T,KO,,100,66.645
2025-10-10,9:47:16.561481103,T,KO,F I,1,66.65
2025-10-10,9:47:16.561483217,T,KO,F I,99,66.65
2025-10-10,9:47:16.561483217,T,KO,F I,10,66.65
2025-10-10,9:47:24.924740995,T,KO,,100,66.64
2025-10-10,9:47:27.242884053,T,KO,I,19,66.64
2025-10-10,9:47:27.242884053,T,KO,I,25,66.64
2025-10-10,9:47:38.759349864,T,KO,,100,66.67
2025-10-10,9:47:42.547336690,T,KO,,100,66.66
2025-10-10,9:47:42.583753403,T,KO,I,11,66.66
2025-10-10,9:47:44.073633853,T,KO,I,12,66.66
2025-10-10,9:47:44.093481307,T,KO,F,100,66.66
2025-10-10,9:47:46.636229188,T,KO,,100,66.66
2025-10-10,9:47:46.636229188,T,KO,,100,66.66
2025-10-10,9:47:50.057700206,T,KO,,100,66.66
2025-10-10,9:47:50.057700206,T,KO,I,25,66.66
2025-10-10,9:47:50.057718867,T,KO,I,1,66.66
2025-10-10,9:47:50.057718867,T,KO,I,16,66.66
2025-10-10,9:47:50.057721160,T,KO,I,16,66.66
2025-10-10,9:47:50.061663631,T,KO,I,55,66.66
2025-10-10,9:47:50.308037330,T,KO,,100,66.655
2025-10-10,9:47:51.758542095,T,KO,I,10,66.66
2025-10-10,9:47:51.758542095,T,KO,I,30,66.66
2025-10-10,9:47:51.786229127,T,KO,I,81,66.66
2025-10-10,9:47:52.633779566,T,KO,F,200,66.65
2025-10-10,9:47:52.634553534,T,KO,,100,66.65
2025-10-10,9:47:52.634555538,T,KO,I,81,66.65
2025-10-10,9:47:52.634558859,T,KO,I,81,66.65
2025-10-10,9:47:52.634561573,T,KO,,100,66.65
2025-10-10,9:47:52.634561573,T,KO,,100,66.65
2025-10-10,9:47:52.634571037,T,KO,F,200,66.64
2025-10-10,9:47:52.634571037,T,KO,F,200,66.64
2025-10-10,9:47:52.634576489,T,KO,F I,25,66.64
2025-10-10,9:47:52.634591598,T,KO,I,11,66.65
2025-10-10,9:47:52.634595431,T,KO,I,44,66.65
2025-10-10,9:47:52.634595431,T,KO,,100,66.65
2025-10-10,9:47:52.634600588,T,KO,I,81,66.65
2025-10-10,9:47:52.634631056,T,KO,I,19,66.65
2025-10-10,9:47:52.634718095,T,KO,,100,66.65
2025-10-10,9:47:52.634721387,T,KO,,100,66.65
2025-10-10,9:47:52.634724268,T,KO,,200,66.65
2025-10-10,9:47:52.634724268,T,KO,I,81,66.65
2025-10-10,9:47:52.634724268,T,KO,I,19,66.65
2025-10-10,9:47:52.634766213,T,KO,I,73,66.65
2025-10-10,9:47:52.634769346,T,KO,I,59,66.65
2025-10-10,9:47:52.634771998,T,KO,I,33,66.65
2025-10-10,9:47:52.634771998,T,KO,,200,66.65
2025-10-10,9:47:52.634775457,T,KO,I,19,66.65
2025-10-10,9:47:52.634778523,T,KO,I,25,66.65
2025-10-10,9:47:52.634778523,T,KO,I,73,66.65
2025-10-10,9:47:52.634781063,T,KO,,100,66.65
2025-10-10,9:47:52.634783972,T,KO,I,73,66.65
2025-10-10,9:47:52.634783972,T,KO,I,19,66.65
2025-10-10,9:47:52.634856142,T,KO,,100,66.645
2025-10-10,9:47:52.634859329,T,KO,,100,66.645
2025-10-10,9:47:52.634859329,T,KO,I,27,66.65
2025-10-10,9:47:52.636143250,T,KO,F,100,66.645
2025-10-10,9:47:52.636146310,T,KO,F,102,66.64
2025-10-10,9:47:52.636149637,T,KO,F,100,66.64
2025-10-10,9:47:52.636153108,T,KO,F,200,66.64
2025-10-10,9:47:52.636153108,T,KO,F,200,66.64
2025-10-10,9:47:52.636155398,T,KO,F,100,66.64
2025-10-10,9:47:52.636159284,T,KO,F I,1,66.64
2025-10-10,9:47:52.636159284,T,KO,F I,19,66.64
2025-10-10,9:47:52.636161725,T,KO,F I,32,66.64
2025-10-10,9:47:52.636161725,T,KO,F I,19,66.64
2025-10-10,9:47:52.636164331,T,KO,F,100,66.64
2025-10-10,9:47:52.636224402,T,KO,F,102,66.64
2025-10-10,9:47:52.638467732,T,KO,F,200,66.63
2025-10-10,9:47:52.638470791,T,KO,F I,3,66.63
2025-10-10,9:47:52.638470791,T,KO,F I,3,66.63
2025-10-10,9:47:52.638473772,T,KO,F,200,66.63
2025-10-10,9:47:52.638774524,T,KO,I,20,66.63
2025-10-10,9:47:52.639962299,T,KO,,100,66.63
2025-10-10,9:47:52.639992357,T,KO,F I,81,66.63
2025-10-10,9:47:52.639995438,T,KO,F,100,66.63
2025-10-10,9:47:52.639998478,T,KO,F,100,66.63
2025-10-10,9:47:52.639998478,T,KO,F I,81,66.64
2025-10-10,9:47:52.640002753,T,KO,F,100,66.64
2025-10-10,9:47:52.640002753,T,KO,F,100,66.64
2025-10-10,9:47:52.640007471,T,KO,F,100,66.64
2025-10-10,9:47:52.640007471,T,KO,F,100,66.64
2025-10-10,9:47:52.640011258,T,KO,F,200,66.64
2025-10-10,9:47:52.640011258,T,KO,F,200,66.64
2025-10-10,9:47:58.625433279,T,KO,,102,66.64
2025-10-10,9:47:58.625436652,T,KO,I,40,66.64
2025-10-10,9:47:58.625436652,T,KO,,113,66.64
2025-10-10,9:47:58.625442020,T,KO,I,1,66.64
2025-10-10,9:47:58.625490135,T,KO,F,102,66.64
2025-10-10,9:47:58.625490135,T,KO,F I,1,66.64
2025-10-10,9:47:58.625532406,T,KO,F I,1,66.64
2025-10-10,9:47:58.625547370,T,KO,F,101,66.64
2025-10-10,9:47:58.625553265,T,KO,F I,1,66.64
2025-10-10,9:47:58.625574334,T,KO,F I,1,66.64
2025-10-10,9:47:58.625590046,T,KO,I,1,66.64
2025-10-10,9:47:58.625593004,T,KO,I,51,66.64
2025-10-10,9:47:59.319609358,T,KO,,100,66.63
2025-10-10,9:47:59.415736246,T,KO,F I,82,66.63
2025-10-10,9:48:00.993062034,T,KO,,100,66.63
2025-10-10,9:48:00.993080010,T,KO,I,1,66.63
2025-10-10,9:48:00.993083075,T,KO,F I,81,66.63
2025-10-10,9:48:00.993086068,T,KO,F I,3,66.63
2025-10-10,9:48:00.993395791,T,KO,I,25,66.63
2025-10-10,9:48:00.993856043,T,KO,F I,75,66.63
2025-10-10,9:48:00.993858920,T,KO,F I,82,66.63
2025-10-10,9:48:00.993874559,T,KO,F,157,66.63
2025-10-10,9:48:00.993879975,T,KO,I,1,66.63
2025-10-10,9:48:03.741139190,T,KO,F I,4,66.64
2025-10-10,9:48:03.741142166,T,KO,F,100,66.64
2025-10-10,9:48:03.923538619,T,KO,,100,66.64
2025-10-10,9:48:07.185942953,T,KO,I,10,66.64
2025-10-10,9:48:20.291329775,T,KO,F I,70,66.66
2025-10-10,9:48:20.291354172,T,KO,I,30,66.66
2025-10-10,9:48:20.291356993,T,KO,I,11,66.66
2025-10-10,9:48:20.291356993,T,KO,I,1,66.66
2025-10-10,9:48:20.291360107,T,KO,I,68,66.66
2025-10-10,9:48:20.291362757,T,KO,F I,32,66.66
2025-10-10,9:48:22.106816552,T,KO,F I,29,66.66
2025-10-10,9:48:22.106820231,T,KO,F,100,66.66
2025-10-10,9:48:22.106823778,T,KO,F I,82,66.66
2025-10-10,9:48:22.106823778,T,KO,F I,25,66.66
2025-10-10,9:48:22.106828668,T,KO,F I,1,66.66
2025-10-10,9:48:24.174974303,T,KO,I,60,66.655
2025-10-10,9:48:31.746109515,T,KO,,100,66.655
2025-10-10,9:48:35.543911685,T,KO,,200,66.66
2025-10-10,9:48:35.543914697,T,KO,I,10,66.66
2025-10-10,9:48:35.543932721,T,KO,I,1,66.66
2025-10-10,9:48:35.543938772,T,KO,I,99,66.66
2025-10-10,9:48:44.275973932,T,KO,F I,23,66.66
2025-10-10,9:48:44.275986383,T,KO,F,100,66.66
2025-10-10,9:48:44.275989173,T,KO,F,212,66.66
2025-10-10,9:48:44.276503752,T,KO,I,78,66.66
2025-10-10,9:48:44.276506195,T,KO,,100,66.66
2025-10-10,9:48:44.276509554,T,KO,I,28,66.66
2025-10-10,9:48:44.276512186,T,KO,,100,66.66
2025-10-10,9:48:44.276518209,T,KO,I,25,66.66
2025-10-10,9:48:44.276521151,T,KO,I,25,66.66
2025-10-10,9:48:44.276524638,T,KO,I,56,66.66
2025-10-10,9:48:44.276524638,T,KO,I,1,66.66
2025-10-10,9:48:44.276527213,T,KO,F I,43,66.66
2025-10-10,9:48:44.276530262,T,KO,F,100,66.66
2025-10-10,9:48:44.276633162,T,KO,,100,66.66
2025-10-10,9:48:44.276636056,T,KO,I,35,66.66
2025-10-10,9:48:44.276656687,T,KO,I,43,66.66
2025-10-10,9:48:44.276659483,T,KO,I,56,66.66
2025-10-10,9:48:44.276662543,T,KO,I,1,66.66
2025-10-10,9:48:44.276743971,T,KO,F I,1,66.66
2025-10-10,9:48:44.276743971,T,KO,F I,43,66.66
2025-10-10,9:48:44.276746794,T,KO,F I,28,66.66
2025-10-10,9:48:44.276806902,T,KO,,100,66.66
2025-10-10,9:48:44.276903333,T,KO,F I,97,66.66
2025-10-10,9:48:44.470699692,T,KO,,100,66.665
2025-10-10,9:48:46.924757583,T,KO,F I,4,66.67
2025-10-10,9:48:46.924757583,T,KO,F,200,66.67
2025-10-10,9:48:46.932161236,T,KO,,200,66.675
2025-10-10,9:48:52.008199785,T,KO,I,10,66.695
2025-10-10,9:48:53.212144131,T,KO,F,100,66.7
2025-10-10,9:48:53.212902393,T,KO,,100,66.71
2025-10-10,9:48:53.213605728,T,KO,,100,66.72
2025-10-10,9:48:53.213966489,T,KO,I,15,66.72
2025-10-10,9:48:53.743717211,T,KO,I,60,66.725
2025-10-10,9:48:54.452039345,T,KO,F I,13,66.72
2025-10-10,9:48:54.737581341,T,KO,F,100,66.72
2025-10-10,9:48:54.737587465,T,KO,,100,66.72
2025-10-10,9:48:54.737599409,T,KO,I,1,66.72
2025-10-10,9:48:54.787747178,T,KO,I,21,66.72
2025-10-10,9:48:54.787776913,T,KO,I,64,66.72
2025-10-10,9:48:54.787779933,T,KO,,100,66.72
2025-10-10,9:48:55.325794333,T,KO,F,100,66.71
2025-10-10,9:48:55.325839380,T,KO,I,25,66.71
2025-10-10,9:48:55.325842449,T,KO,I,25,66.71
2025-10-10,9:48:55.325845817,T,KO,I,29,66.71
2025-10-10,9:48:55.325845817,T,KO,I,37,66.71
2025-10-10,9:48:55.863920619,T,KO,F I,27,66.7
2025-10-10,9:48:57.895802392,T,KO,F I,85,66.71
2025-10-10,9:48:57.895829447,T,KO,,100,66.71
2025-10-10,9:48:59.827627352,T,KO,F I,29,66.71
2025-10-10,9:48:59.827678484,T,KO,I,81,66.71
2025-10-10,9:48:59.827699624,T,KO,,100,66.71
2025-10-10,9:48:59.827703396,T,KO,I,40,66.71
2025-10-10,9:48:59.827708465,T,KO,F I,60,66.71
2025-10-10,9:48:59.827708465,T,KO,F,100,66.71
2025-10-10,9:48:59.827711492,T,KO,F I,40,66.71
2025-10-10,9:48:59.827723552,T,KO,I,1,66.71
2025-10-10,9:49:02.487525391,T,KO,,100,66.715
2025-10-10,9:49:04.423286736,T,KO,I,6,66.71
2025-10-10,9:49:04.423362126,T,KO,I,17,66.71
2025-10-10,9:49:04.424826801,T,KO,I,58,66.71
2025-10-10,9:49:04.424826801,T,KO,I,2,66.71
2025-10-10,9:49:04.424829384,T,KO,I,3,66.71
2025-10-10,9:49:04.470132464,T,KO,F,100,66.71
2025-10-10,9:49:04.470132464,T,KO,F I,77,66.71
2025-10-10,9:49:04.470135320,T,KO,F,100,66.71
2025-10-10,9:49:06.936092477,T,KO,I,10,66.72
2025-10-10,9:49:06.936095512,T,KO,I,7,66.72
2025-10-10,9:49:06.936098576,T,KO,,100,66.72
2025-10-10,9:49:06.936098576,T,KO,I,71,66.72
2025-10-10,9:49:06.936111379,T,KO,I,1,66.72
2025-10-10,9:49:06.936114002,T,KO,I,1,66.72
2025-10-10,9:49:09.096348516,T,KO,F,100,66.73
2025-10-10,9:49:09.096348516,T,KO,F I,21,66.73
2025-10-10,9:49:09.096353632,T,KO,F I,10,66.73
2025-10-10,9:49:09.191722695,T,KO,,100,66.735
2025-10-10,9:49:14.274244755,T,KO,F,100,66.74
2025-10-10,9:49:14.274247843,T,KO,F I,29,66.74
2025-10-10,9:49:20.727097514,T,KO,,100,66.745
2025-10-10,9:49:21.145216502,T,KO,F I,77,66.74
2025-10-10,9:49:21.145216502,T,KO,F,100,66.74
2025-10-10,9:49:21.145571272,T,KO,,100,66.74
2025-10-10,9:49:22.651058827,T,KO,,100,66.735
2025-10-10,9:49:30.615269279,T,KO,,100,66.735
2025-10-10,9:49:30.622976655,T,KO,I,10,66.735
2025-10-10,9:49:35.768670932,T,KO,I,5,66.73
2025-10-10,9:49:35.768670932,T,KO,,200,66.73
2025-10-10,9:49:35.768688187,T,KO,I,1,66.73
2025-10-10,9:49:35.768697128,T,KO,I,99,66.73
2025-10-10,9:49:37.178030855,T,KO,F I,25,66.72
2025-10-10,9:49:39.776513793,T,KO,I,25,66.71
2025-10-10,9:49:39.776516669,T,KO,I,1,66.71
2025-10-10,9:49:39.776523370,T,KO,,100,66.71
2025-10-10,9:49:39.776523370,T,KO,I,66,66.71
2025-10-10,9:49:40.594127894,T,KO,F I,25,66.7
2025-10-10,9:49:41.036592812,T,KO,,100,66.69
2025-10-10,9:49:41.836512895,T,KO,F I,26,66.7
2025-10-10,9:49:43.765156402,T,KO,F I,29,66.7
2025-10-10,9:49:43.765159377,T,KO,F I,18,66.7
2025-10-10,9:49:50.217852626,T,KO,,200,66.7
2025-10-10,9:49:50.217852626,T,KO,I,25,66.7
2025-10-10,9:49:50.263871360,T,KO,I,18,66.7
2025-10-10,9:49:52.065170840,T,KO,F,100,66.7
2025-10-10,9:49:58.865582228,T,KO,,100,66.69
2025-10-10,9:49:58.865584977,T,KO,,200,66.69
2025-10-10,9:49:59.597158354,T,KO,,100,66.685
2025-10-10,9:50:00.996902113,T,KO,I,25,66.68
2025-10-10,9:50:02.426422747,T,KO,F I,21,66.68
2025-10-10,9:50:02.426428849,T,KO,F I,24,66.68
2025-10-10,9:50:02.426431889,T,KO,F,100,66.68
2025-10-10,9:50:02.426431889,T,KO,F I,8,66.68
2025-10-10,9:50:02.427012359,T,KO,F I,24,66.68
2025-10-10,9:50:04.517798876,T,KO,F I,2,66.68
2025-10-10,9:50:04.718584016,T,KO,I,52,66.68
2025-10-10,9:50:06.196769651,T,KO,F,100,66.68
2025-10-10,9:50:06.196769651,T,KO,F I,30,66.68
2025-10-10,9:50:11.038409282,T,KO,F I,64,66.68
2025-10-10,9:50:11.038409282,T,KO,F,100,66.68
2025-10-10,9:50:12.945888082,T,KO,I,47,66.685
2025-10-10,9:50:14.343740388,T,KO,I,12,66.68
2025-10-10,9:50:15.599865136,T,KO,F I,1,66.68
2025-10-10,9:50:15.599868115,T,KO,F I,99,66.68
2025-10-10,9:50:15.599937367,T,KO,I,22,66.68
2025-10-10,9:50:15.599961429,T,KO,I,3,66.68
2025-10-10,9:50:15.599961429,T,KO,I,40,66.68
2025-10-10,9:50:16.819104047,T,KO,I,8,66.67
2025-10-10,9:50:17.009670882,T,KO,F I,69,66.67
2025-10-10,9:50:17.009673933,T,KO,F I,10,66.67
2025-10-10,9:50:18.862056510,T,KO,F I,26,66.67
2025-10-10,9:50:19.996026562,T,KO,F I,43,66.67
2025-10-10,9:50:19.996047792,T,KO,I,20,66.67
2025-10-10,9:50:19.996050563,T,KO,I,80,66.67
2025-10-10,9:50:19.996298197,T,KO,I,25,66.67
2025-10-10,9:50:19.996324841,T,KO,F I,25,66.67
2025-10-10,9:50:20.741469063,T,KO,F I,20,66.67
2025-10-10,9:50:20.741469063,T,KO,F,111,66.675
2025-10-10,9:50:20.741471933,T,KO,F I,89,66.675
2025-10-10,9:50:20.741475038,T,KO,F I,37,66.68
2025-10-10,9:50:20.741475038,T,KO,F I,17,66.68
2025-10-10,9:50:20.741775665,T,KO,I,3,66.68
2025-10-10,9:50:20.747640225,T,KO,I,69,66.68
2025-10-10,9:50:20.747642808,T,KO,I,31,66.68
2025-10-10,9:50:21.103691172,T,KO,F I,20,66.68
2025-10-10,9:50:21.103693556,T,KO,F I,19,66.68
2025-10-10,9:50:21.103696603,T,KO,F I,44,66.68
2025-10-10,9:50:23.775927020,T,KO,F I,2,66.68
2025-10-10,9:50:37.723406722,T,KO,F I,25,66.67
2025-10-10,9:50:37.723554086,T,KO,F,100,66.67
2025-10-10,9:50:37.724185593,T,KO,I,68,66.67
2025-10-10,9:50:41.006936084,T,KO,F I,68,66.66
2025-10-10,9:50:41.007275850,T,KO,I,25,66.66
2025-10-10,9:50:41.007633689,T,KO,I,25,66.66
2025-10-10,9:50:41.007961567,T,KO,I,71,66.66
2025-10-10,9:50:41.007961567,T,KO,I,25,66.66
2025-10-10,9:50:43.393630493,T,KO,F I,8,66.65
2025-10-10,9:50:44.615317180,T,KO,,100,66.645
2025-10-10,9:50:48.946010315,T,KO,F,147,66.64
2025-10-10,9:50:48.946030610,T,KO,,253,66.64
2025-10-10,9:50:58.382761170,T,KO,F,100,66.64
2025-10-10,9:50:58.382761170,T,KO,F,100,66.64
2025-10-10,9:50:58.382764959,T,KO,F,100,66.64
2025-10-10,9:50:58.383515926,T,KO,I,12,66.64
2025-10-10,9:50:58.841365331,T,KO,,100,66.645
2025-10-10,9:50:59.313041708,T,KO,F I,12,66.65
2025-10-10,9:50:59.313041708,T,KO,F I,39,66.65
2025-10-10,9:51:02.845870949,T,KO,I,10,66.66
2025-10-10,9:51:03.049143015,T,KO,I,2,66.66
2025-10-10,9:51:03.049182429,T,KO,I,77,66.66
2025-10-10,9:51:03.049185217,T,KO,I,94,66.66
2025-10-10,9:51:03.049203363,T,KO,I,1,66.66
2025-10-10,9:51:06.558907180,T,KO,F I,77,66.66
2025-10-10,9:51:07.894466166,T,KO,,200,66.66
2025-10-10,9:51:07.894469115,T,KO,I,25,66.66
2025-10-10,9:51:07.894472139,T,KO,,100,66.66
2025-10-10,9:51:09.966794788,T,KO,I,40,66.66
2025-10-10,9:51:11.198071346,T,KO,,200,66.67
2025-10-10,9:51:11.198071346,T,KO,,126,66.67
2025-10-10,9:51:12.463043804,T,KO,I,68,66.68
2025-10-10,9:51:12.463046125,T,KO,I,25,66.68
2025-10-10,9:51:15.379494326,T,KO,F I,41,66.695
2025-10-10,9:51:15.416389178,T,KO,F I,41,66.695
2025-10-10,9:51:17.762739549,T,KO,I,16,66.69
2025-10-10,9:51:23.008800382,T,KO,F I,13,66.7
2025-10-10,9:51:23.008821621,T,KO,I,13,66.7
2025-10-10,9:51:29.342557523,T,KO,F I,50,66.7
2025-10-10,9:51:29.342560210,T,KO,F I,41,66.7
2025-10-10,9:51:32.953647721,T,KO,F I,1,66.71
2025-10-10,9:51:33.844152623,T,KO,F I,27,66.72
2025-10-10,9:51:33.844173756,T,KO,I,75,66.72
2025-10-10,9:51:36.228429249,T,KO,F,100,66.72
2025-10-10,9:51:36.228432378,T,KO,F,100,66.72
2025-10-10,9:51:39.440303983,T,KO,I,6,66.72
2025-10-10,9:51:43.271230071,T,KO,I,15,66.72
2025-10-10,9:51:50.142829897,T,KO,F I,12,66.715
2025-10-10,9:51:50.143877324,T,KO,I,10,66.71
2025-10-10,9:51:50.143877324,T,KO,I,1,66.71
2025-10-10,9:51:50.143877324,T,KO,I,17,66.71
2025-10-10,9:51:50.143882465,T,KO,,100,66.71
2025-10-10,9:51:52.482970413,T,KO,,100,66.71
2025-10-10,9:52:00.144702251,T,KO,I,13,66.71
2025-10-10,9:52:00.144705344,T,KO,I,52,66.71
2025-10-10,9:52:00.144936815,T,KO,F I,61,66.71
2025-10-10,9:52:00.144940266,T,KO,F I,25,66.71
2025-10-10,9:52:00.145565414,T,KO,F I,59,66.71
2025-10-10,9:52:02.871378486,T,KO,F,200,66.7
2025-10-10,9:52:02.871381005,T,KO,F I,98,66.7
2025-10-10,9:52:02.871386453,T,KO,F I,2,66.7
2025-10-10,9:52:02.871389467,T,KO,F I,1,66.7
2025-10-10,9:52:02.871392447,T,KO,F,112,66.7
2025-10-10,9:52:02.871401507,T,KO,F I,88,66.7
2025-10-10,9:52:02.871404831,T,KO,F I,2,66.7
2025-10-10,9:52:02.926357370,T,KO,F,200,66.695
2025-10-10,9:52:02.926360406,T,KO,F I,43,66.7
2025-10-10,9:52:02.926387614,T,KO,I,41,66.7
2025-10-10,9:52:02.926387614,T,KO,I,60,66.7
2025-10-10,9:52:02.926390440,T,KO,I,61,66.7
2025-10-10,9:52:02.926393486,T,KO,I,14,66.7
2025-10-10,9:52:03.003966239,T,KO,I,84,66.7
2025-10-10,9:52:03.003969283,T,KO,I,25,66.7
2025-10-10,9:52:03.003972291,T,KO,I,60,66.7
2025-10-10,9:52:03.003975629,T,KO,I,36,66.7
2025-10-10,9:52:03.003975629,T,KO,I,68,66.7
2025-10-10,9:52:06.437249457,T,KO,I,2,66.68
2025-10-10,9:52:12.509401446,T,KO,F,100,66.67
2025-10-10,9:52:12.509401446,T,KO,F I,25,66.67
2025-10-10,9:52:13.008981260,T,KO,I,84,66.67
2025-10-10,9:52:13.816241973,T,KO,F,200,66.68
2025-10-10,9:52:13.816241973,T,KO,F,200,66.68
2025-10-10,9:52:14.171811800,T,KO,F I,25,66.7
2025-10-10,9:52:14.171811800,T,KO,F I,8,66.7
2025-10-10,9:52:14.171829871,T,KO,I,32,66.7
2025-10-10,9:52:14.171869043,T,KO,F I,80,66.7
2025-10-10,9:52:14.171869043,T,KO,F,100,66.7
2025-10-10,9:52:14.171881013,T,KO,F I,61,66.7
2025-10-10,9:52:14.171886970,T,KO,F,100,66.7
2025-10-10,9:52:19.465229325,T,KO,I,1,66.69
2025-10-10,9:52:19.465229325,T,KO,,100,66.69
2025-10-10,9:52:20.265495093,T,KO,I,80,66.69
2025-10-10,9:52:20.266484556,T,KO,I,10,66.69
2025-10-10,9:52:21.917172908,T,KO,F,300,66.69
2025-10-10,9:52:24.114665843,T,KO,,100,66.69
2025-10-10,9:52:25.051396649,T,KO,,100,66.695
2025-10-10,9:52:27.187699950,T,KO,F I,5,66.7
2025-10-10,9:52:27.187973292,T,KO,,100,66.7
2025-10-10,9:52:27.187976352,T,KO,,100,66.7
2025-10-10,9:52:27.187976352,T,KO,I,25,66.7
2025-10-10,9:52:27.187994362,T,KO,I,1,66.7
2025-10-10,9:52:29.087444235,T,KO,I,1,66.69
2025-10-10,9:52:29.491149854,T,KO,F I,10,66.69
2025-10-10,9:52:29.491156374,T,KO,F,140,66.69
2025-10-10,9:52:29.491173858,T,KO,I,1,66.69
2025-10-10,9:52:29.491200886,T,KO,I,59,66.69
2025-10-10,9:52:29.716906484,T,KO,F,200,66.69
2025-10-10,9:52:29.716921510,T,KO,F,200,66.69
2025-10-10,9:52:32.545686737,T,KO,F I,44,66.69
2025-10-10,9:52:33.232594732,T,KO,F I,4,66.69
2025-10-10,9:52:33.232787273,T,KO,F I,2,66.69
2025-10-10,9:52:57.523223608,T,KO,F,100,66.7
2025-10-10,9:52:57.523223608,T,KO,F I,10,66.7
2025-10-10,9:52:57.716710407,T,KO,,100,66.695
2025-10-10,9:52:58.469027212,T,KO,F I,3,66.695
2025-10-10,9:52:58.469674014,T,KO,F I,1,66.69
2025-10-10,9:52:58.469674014,T,KO,F I,2,66.69
2025-10-10,9:53:01.811205267,T,KO,I,2,66.69
2025-10-10,9:53:05.013685496,T,KO,I,15,66.68
2025-10-10,9:53:05.013706584,T,KO,F I,85,66.68
2025-10-10,9:53:05.013706584,T,KO,F I,20,66.68
2025-10-10,9:53:05.013715645,T,KO,I,80,66.68
2025-10-10,9:53:05.013718790,T,KO,,100,66.68
2025-10-10,9:53:05.013718790,T,KO,I,1,66.68
2025-10-10,9:53:05.013721606,T,KO,I,8,66.68
2025-10-10,9:53:05.013736630,T,KO,F,200,66.68
2025-10-10,9:53:12.276099349,T,KO,F I,10,66.68
2025-10-10,9:53:17.482808093,T,KO,I,10,66.685
2025-10-10,9:53:26.563646903,T,KO,F I,10,66.69
2025-10-10,9:53:27.757604372,T,KO,,1000,66.7
2025-10-10,9:53:27.757607405,T,KO,I,1,66.7
2025-10-10,9:53:27.778868576,T,KO,F,100,66.7
2025-10-10,9:53:27.778871035,T,KO,F I,60,66.7
2025-10-10,9:53:27.778925185,T,KO,,100,66.695
2025-10-10,9:53:28.669785024,T,KO,F I,60,66.7
2025-10-10,9:53:34.734674391,T,KO,F,100,66.7
2025-10-10,9:53:44.206414181,T,KO,I,90,66.685
2025-10-10,9:53:44.283695128,T,KO,I,9,66.68
2025-10-10,9:53:45.217334806,T,KO,F,200,66.68
2025-10-10,9:53:45.217626535,T,KO,F I,4,66.68
2025-10-10,9:53:51.848665562,T,KO,F I,10,66.69
2025-10-10,9:53:51.848668607,T,KO,F I,5,66.69
2025-10-10,9:53:51.849991792,T,KO,,100,66.7
2025-10-10,9:53:54.650787398,T,KO,F I,11,66.7
2025-10-10,9:54:01.158307216,T,KO,I,2,66.69
2025-10-10,9:54:01.158310299,T,KO,I,25,66.69
2025-10-10,9:54:05.421455805,T,KO,F I,10,66.7
2025-10-10,9:54:12.021337694,T,KO,F I,5,66.71
2025-10-10,9:54:12.021337694,T,KO,F,100,66.71
2025-10-10,9:54:12.021340741,T,KO,F I,10,66.71
2025-10-10,9:54:17.026268735,T,KO,,100,66.715
2025-10-10,9:54:18.240140454,T,KO,F I,1,66.71
2025-10-10,9:54:18.240146525,T,KO,F I,74,66.71
2025-10-10,9:54:18.240146525,T,KO,F I,78,66.71
2025-10-10,9:54:18.240164528,T,KO,F,100,66.71
2025-10-10,9:54:18.256089741,T,KO,,100,66.715
2025-10-10,9:54:18.745860281,T,KO,,100,66.715
2025-10-10,9:54:21.801055911,T,KO,,200,66.72
2025-10-10,9:54:21.801059006,T,KO,I,25,66.72
2025-10-10,9:54:21.801061792,T,KO,,100,66.72
2025-10-10,9:54:21.801061792,T,KO,I,70,66.72
2025-10-10,9:54:28.715327449,T,KO,I,77,66.725
2025-10-10,9:54:30.667444678,T,KO,,200,66.73
2025-10-10,9:54:30.667448398,T,KO,,200,66.73
2025-10-10,9:54:30.667448398,T,KO,I,50,66.73
2025-10-10,9:54:30.667450706,T,KO,I,25,66.73
2025-10-10,9:54:32.453780107,T,KO,F I,8,66.73
2025-10-10,9:54:42.022245243,T,KO,I,50,66.725
2025-10-10,9:54:42.822208221,T,KO,I,10,66.73
2025-10-10,9:54:42.822208221,T,KO,I,20,66.73
2025-10-10,9:54:42.824213237,T,KO,I,25,66.73
2025-10-10,9:54:48.694979317,T,KO,F,100,66.72
2025-10-10,9:54:48.694979317,T,KO,F I,2,66.72
2025-10-10,9:54:48.694981654,T,KO,F,100,66.72
2025-10-10,9:54:48.695002606,T,KO,,100,66.72
2025-10-10,9:54:50.183472798,T,KO,,100,66.715
2025-10-10,9:54:54.561942980,T,KO,I,15,66.71
2025-10-10,9:54:54.561946353,T,KO,I,49,66.71
2025-10-10,9:54:54.561946353,T,KO,I,41,66.71
2025-10-10,9:54:54.561961047,T,KO,I,60,66.71
2025-10-10,9:54:55.335195944,T,KO,F I,25,66.71
2025-10-10,9:54:56.586897219,T,KO,F,100,66.71
2025-10-10,9:54:56.586899773,T,KO,F I,25,66.71
2025-10-10,9:54:56.600495187,T,KO,,100,66.705
2025-10-10,9:55:00.376793024,T,KO,F I,10,66.7
2025-10-10,9:55:00.376799035,T,KO,F,200,66.7
2025-10-10,9:55:00.376802799,T,KO,F I,25,66.7
2025-10-10,9:55:00.376817079,T,KO,F I,25,66.7
2025-10-10,9:55:00.376823396,T,KO,I,75,66.7
2025-10-10,9:55:00.395602991,T,KO,F I,1,66.69
2025-10-10,9:55:00.395605876,T,KO,F I,1,66.69
2025-10-10,9:55:00.561835760,T,KO,F I,3,66.69
2025-10-10,9:55:01.879769719,T,KO,F,200,66.69
2025-10-10,9:55:01.880669101,T,KO,F I,3,66.69
2025-10-10,9:55:01.880669101,T,KO,F I,3,66.69
2025-10-10,9:55:05.720018001,T,KO,I,6,66.685
2025-10-10,9:55:05.947822471,T,KO,,100,66.685
2025-10-10,9:55:06.023109806,T,KO,F I,25,66.69
2025-10-10,9:55:06.023109806,T,KO,F I,60,66.69
2025-10-10,9:55:06.184456104,T,KO,,100,66.695
2025-10-10,9:55:08.715506240,T,KO,,100,66.69
2025-10-10,9:55:08.715509471,T,KO,I,25,66.69
2025-10-10,9:55:08.715509471,T,KO,,200,66.69
2025-10-10,9:55:08.715512241,T,KO,,200,66.69
2025-10-10,9:55:08.717488456,T,KO,F,100,66.68
2025-10-10,9:55:08.724618822,T,KO,,200,66.67
2025-10-10,9:55:08.724618822,T,KO,,200,66.67
2025-10-10,9:55:08.724620984,T,KO,I,16,66.67
2025-10-10,9:55:08.726319952,T,KO,F,200,66.66
2025-10-10,9:55:08.726326627,T,KO,F,100,66.66
2025-10-10,9:55:08.726326627,T,KO,F I,1,66.66
2025-10-10,9:55:08.726329676,T,KO,F,100,66.66
2025-10-10,9:55:08.726332036,T,KO,F,100,66.66
2025-10-10,9:55:08.726332036,T,KO,F I,25,66.66
2025-10-10,9:55:08.735970556,T,KO,,200,66.65
2025-10-10,9:55:08.735973418,T,KO,,200,66.65
2025-10-10,9:55:08.735975975,T,KO,,900,66.65
2025-10-10,9:55:08.735975975,T,KO,I,25,66.65
2025-10-10,9:55:08.737969710,T,KO,F I,7,66.64
2025-10-10,9:55:08.738162260,T,KO,I,4,66.64
2025-10-10,9:55:08.738174283,T,KO,I,64,66.64
2025-10-10,9:55:08.738728420,T,KO,F,100,66.64
2025-10-10,9:55:08.738728420,T,KO,F I,4,66.64
2025-10-10,9:55:08.738733981,T,KO,F I,68,66.64
2025-10-10,9:55:08.738733981,T,KO,F,200,66.64
2025-10-10,9:55:08.738737279,T,KO,F I,60,66.64
2025-10-10,9:55:08.738737279,T,KO,F I,4,66.64
2025-10-10,9:55:08.738739915,T,KO,F,100,66.64
2025-10-10,9:55:08.738739915,T,KO,F,200,66.64
2025-10-10,9:55:08.739307926,T,KO,,100,66.64
2025-10-10,9:55:08.739310895,T,KO,I,68,66.64
2025-10-10,9:55:08.739954434,T,KO,F,200,66.64
2025-10-10,9:55:08.739957542,T,KO,F,200,66.64
2025-10-10,9:55:08.739962129,T,KO,F,100,66.64
2025-10-10,9:55:08.739962129,T,KO,F I,85,66.64
2025-10-10,9:55:08.741070918,T,KO,F,200,66.64
2025-10-10,9:55:08.741070918,T,KO,F I,15,66.64
2025-10-10,9:55:08.741076109,T,KO,F,200,66.64
2025-10-10,9:55:08.741076109,T,KO,F,100,66.64
2025-10-10,9:55:08.741076109,T,KO,F I,25,66.64
2025-10-10,9:55:08.741301973,T,KO,F I,59,66.64
2025-10-10,9:55:08.741320111,T,KO,I,1,66.64
2025-10-10,9:55:08.741388863,T,KO,F I,99,66.64
2025-10-10,9:55:08.741388863,T,KO,F I,1,66.64
2025-10-10,9:55:08.741394964,T,KO,F I,67,66.64
2025-10-10,9:55:08.741394964,T,KO,F I,1,66.64
2025-10-10,9:55:08.741409948,T,KO,I,1,66.64
2025-10-10,9:55:08.741461080,T,KO,I,98,66.64
2025-10-10,9:55:08.781513546,T,KO,F,100,66.65
2025-10-10,9:55:08.781516438,T,KO,F I,68,66.65
2025-10-10,9:55:08.781516438,T,KO,F I,1,66.65
2025-10-10,9:55:25.075920355,T,KO,F I,1,66.65
2025-10-10,9:55:25.075938490,T,KO,F I,76,66.65
2025-10-10,9:55:25.075968378,T,KO,F,243,66.65
2025-10-10,9:55:25.075968378,T,KO,F I,85,66.65
2025-10-10,9:55:25.075974671,T,KO,F,100,66.65
2025-10-10,9:55:25.075974671,T,KO,F I,1,66.65
2025-10-10,9:55:25.075977776,T,KO,F I,2,66.65
2025-10-10,9:55:25.075977776,T,KO,F I,1,66.65
2025-10-10,9:55:25.075980437,T,KO,F I,1,66.65
2025-10-10,9:55:25.075980437,T,KO,F I,1,66.65
2025-10-10,9:55:25.075983600,T,KO,F I,1,66.65
2025-10-10,9:55:28.345063426,T,KO,,100,66.64
2025-10-10,9:55:28.345093415,T,KO,F I,90,66.64
2025-10-10,9:55:32.392601367,T,KO,I,70,66.635
2025-10-10,9:55:34.245521570,T,KO,I,25,66.63
2025-10-10,9:55:34.245524392,T,KO,I,85,66.63
2025-10-10,9:55:40.592381109,T,KO,F I,16,66.63
2025-10-10,9:55:40.592384086,T,KO,F,100,66.63
2025-10-10,9:55:40.592384086,T,KO,F I,33,66.63
2025-10-10,9:55:40.592386696,T,KO,F I,36,66.63
2025-10-10,9:55:40.592389719,T,KO,F I,1,66.63
2025-10-10,9:55:40.741331684,T,KO,F I,25,66.64
2025-10-10,9:55:40.741331684,T,KO,F I,28,66.64
2025-10-10,9:55:41.536307755,T,KO,F I,25,66.65
2025-10-10,9:55:41.536310849,T,KO,F I,1,66.65
2025-10-10,9:55:41.536313751,T,KO,F I,22,66.65
2025-10-10,9:55:41.536401068,T,KO,F I,63,66.65
2025-10-10,9:55:41.536401068,T,KO,F I,14,66.65
2025-10-10,9:55:41.536423060,T,KO,F I,86,66.65
2025-10-10,9:55:41.536425112,T,KO,F I,69,66.65
2025-10-10,9:55:46.973553119,T,KO,F,100,66.64
2025-10-10,9:55:46.973553119,T,KO,F I,3,66.64
2025-10-10,9:55:46.973557684,T,KO,F I,97,66.64
2025-10-10,9:55:48.204894240,T,KO,,100,66.635
2025-10-10,9:55:56.020749118,T,KO,I,4,66.63
2025-10-10,9:55:57.536954677,T,KO,F I,3,66.63
2025-10-10,9:55:57.536957217,T,KO,F I,21,66.63
2025-10-10,9:55:57.918010256,T,KO,I,79,66.63
2025-10-10,9:55:57.918010256,T,KO,I,43,66.625
2025-10-10,9:55:57.919236741,T,KO,I,12,66.625
2025-10-10,9:56:03.357713417,T,KO,,100,66.625
2025-10-10,9:56:03.357740590,T,KO,F I,63,66.63
2025-10-10,9:56:03.357740590,T,KO,F I,14,66.63
2025-10-10,9:56:06.714352819,T,KO,F,100,66.64
2025-10-10,9:56:06.946656048,T,KO,I,2,66.64
2025-10-10,9:56:28.995784985,T,KO,F,100,66.66
2025-10-10,9:56:29.050900394,T,KO,F I,75,66.66
2025-10-10,9:56:29.050903762,T,KO,F,100,66.66
2025-10-10,9:56:29.050903762,T,KO,F,200,66.66
2025-10-10,9:56:29.050906358,T,KO,F I,72,66.66
2025-10-10,9:56:29.050906358,T,KO,F I,25,66.66
2025-10-10,9:56:29.051213058,T,KO,F,277,66.66
2025-10-10,9:56:29.051234455,T,KO,F,223,66.66
2025-10-10,9:56:29.076145462,T,KO,I,50,66.655
2025-10-10,9:56:33.007188958,T,KO,,100,66.65
2025-10-10,9:56:37.495856576,T,KO,I,60,66.655
2025-10-10,9:56:39.811107138,T,KO,I,20,66.655
2025-10-10,9:56:43.060378505,T,KO,F,100,66.65
2025-10-10,9:56:43.062278974,T,KO,F I,82,66.65
2025-10-10,9:56:44.599266957,T,KO,F,100,66.655
2025-10-10,9:56:44.599266957,T,KO,F I,10,66.66
2025-10-10,9:56:44.599272607,T,KO,F I,72,66.66
2025-10-10,9:56:44.599290729,T,KO,F I,28,66.66
2025-10-10,9:56:44.599290729,T,KO,F I,20,66.66
2025-10-10,9:56:44.599294228,T,KO,F I,27,66.66
2025-10-10,9:56:44.599294228,T,KO,F I,25,66.66
2025-10-10,9:56:44.599717710,T,KO,I,7,66.67
2025-10-10,9:56:51.561289110,T,KO,F I,51,66.66
2025-10-10,9:56:51.561310057,T,KO,F,188,66.66
2025-10-10,9:56:51.561313084,T,KO,F,200,66.66
2025-10-10,9:56:54.071289088,T,KO,I,30,66.65
2025-10-10,9:56:56.249241240,T,KO,I,90,66.645
2025-10-10,9:56:57.741804034,T,KO,F I,10,66.65
2025-10-10,9:57:00.689301001,T,KO,I,90,66.66
2025-10-10,9:57:10.687267644,T,KO,F I,1,66.67
2025-10-10,9:57:10.687267644,T,KO,F,200,66.67
2025-10-10,9:57:10.687270002,T,KO,F I,55,66.67
2025-10-10,9:57:10.687272989,T,KO,F I,10,66.67
2025-10-10,9:57:10.689198235,T,KO,F I,51,66.68
2025-10-10,9:57:10.689200870,T,KO,F,300,66.68
2025-10-10,9:57:10.689209665,T,KO,F I,8,66.68
2025-10-10,9:57:10.689212555,T,KO,F,102,66.68
2025-10-10,9:57:16.049812986,T,KO,F I,2,66.68
2025-10-10,9:57:16.049816151,T,KO,F I,85,66.68
2025-10-10,9:57:16.049830914,T,KO,F I,15,66.68
2025-10-10,9:57:16.049830914,T,KO,F I,5,66.68
2025-10-10,9:57:16.049836816,T,KO,F I,20,66.68
2025-10-10,9:57:16.049839948,T,KO,I,20,66.68
2025-10-10,9:57:16.049996205,T,KO,F I,20,66.68
2025-10-10,9:57:16.052447088,T,KO,I,40,66.68
2025-10-10,9:57:16.064836658,T,KO,I,25,66.67
2025-10-10,9:57:16.091865237,T,KO,I,75,66.67
2025-10-10,9:57:16.091865237,T,KO,I,50,66.67
2025-10-10,9:57:16.092175289,T,KO,I,10,66.66
2025-10-10,9:57:16.092177920,T,KO,I,61,66.66
2025-10-10,9:57:16.092184214,T,KO,,197,66.66
2025-10-10,9:57:16.092184214,T,KO,,200,66.66
2025-10-10,9:57:16.092186796,T,KO,,100,66.66
2025-10-10,9:57:26.252103325,T,KO,I,50,66.655
2025-10-10,9:57:33.169445259,T,KO,F I,10,66.66
2025-10-10,9:57:33.169448158,T,KO,F I,15,66.66
2025-10-10,9:57:33.169454953,T,KO,F I,25,66.66
2025-10-10,9:57:33.169454953,T,KO,F,100,66.66
2025-10-10,9:57:33.169458081,T,KO,F I,34,66.66
2025-10-10,9:57:33.169458081,T,KO,F I,25,66.66
2025-10-10,9:57:33.169728121,T,KO,F I,11,66.66
2025-10-10,9:57:36.795364129,T,KO,I,3,66.66
2025-10-10,9:57:37.265530813,T,KO,F I,5,66.66
2025-10-10,9:57:37.286376412,T,KO,I,25,66.66
2025-10-10,9:57:37.292126262,T,KO,I,37,66.66
2025-10-10,9:57:43.256977130,T,KO,F I,25,66.66
2025-10-10,9:57:43.256980042,T,KO,F I,12,66.66
2025-10-10,9:57:43.256980042,T,KO,F I,25,66.66
2025-10-10,9:57:43.256982519,T,KO,F I,10,66.66
2025-10-10,9:57:44.643197094,T,KO,F I,27,66.665
2025-10-10,9:57:44.694300844,T,KO,I,50,66.665
2025-10-10,9:57:47.106252329,T,KO,F I,25,66.66
2025-10-10,9:57:47.106252329,T,KO,F I,1,66.66
2025-10-10,9:57:47.106255349,T,KO,F I,26,66.66
2025-10-10,9:57:47.106258277,T,KO,F I,26,66.66
2025-10-10,9:57:47.106258277,T,KO,F I,26,66.66
2025-10-10,9:57:47.106270308,T,KO,F I,10,66.66
2025-10-10,9:57:47.106300424,T,KO,F I,12,66.66
2025-10-10,9:57:47.980572593,T,KO,,120,66.655
2025-10-10,9:57:51.550943780,T,KO,F I,20,66.65
2025-10-10,9:57:51.550949620,T,KO,F I,1,66.65
2025-10-10,9:57:51.550949620,T,KO,F,100,66.65
2025-10-10,9:57:51.550952203,T,KO,F,263,66.65
2025-10-10,9:57:51.550955742,T,KO,F,100,66.65
2025-10-10,9:57:51.550955742,T,KO,F I,5,66.65
2025-10-10,9:57:51.550958711,T,KO,F,100,66.65
2025-10-10,9:57:51.550958711,T,KO,F,100,66.65
2025-10-10,9:57:51.566845715,T,KO,I,50,66.645
2025-10-10,9:57:51.566848013,T,KO,I,50,66.645
2025-10-10,9:57:57.390400893,T,KO,I,9,66.64
2025-10-10,9:58:02.054208537,T,KO,,100,66.635
2025-10-10,9:58:03.343878432,T,KO,,100,66.635
2025-10-10,9:58:03.343881322,T,KO,,100,66.63
2025-10-10,9:58:03.343881322,T,KO,I,2,66.63
2025-10-10,9:58:03.343896296,T,KO,I,98,66.63
2025-10-10,9:58:03.343899268,T,KO,I,2,66.63
2025-10-10,9:58:04.639240360,T,KO,F I,11,66.64
2025-10-10,9:58:04.639240360,T,KO,F,100,66.64
2025-10-10,9:58:04.639709371,T,KO,F I,17,66.64
2025-10-10,9:58:04.639754531,T,KO,F I,16,66.64
2025-10-10,9:58:07.527000074,T,KO,I,50,66.645
2025-10-10,9:58:14.198945431,T,KO,F I,49,66.65
2025-10-10,9:58:14.198951509,T,KO,F I,49,66.65
2025-10-10,9:58:14.198966533,T,KO,I,49,66.65
2025-10-10,9:58:14.198999638,T,KO,F I,2,66.65
2025-10-10,9:58:22.609638242,T,KO,F I,20,66.64
2025-10-10,9:58:24.257924330,T,KO,I,15,66.64
2025-10-10,9:58:24.258188374,T,KO,,165,66.64
2025-10-10,9:58:24.258191348,T,KO,I,4,66.64
2025-10-10,9:58:24.389120237,T,KO,I,90,66.635
2025-10-10,9:58:30.590087242,T,KO,F I,27,66.63
2025-10-10,9:58:30.590089938,T,KO,F,100,66.63
2025-10-10,9:58:30.590092959,T,KO,F,100,66.63
2025-10-10,9:58:30.590096321,T,KO,F,100,66.63
