DATE,TIME_M,EX,SYM_ROOT,TR_SCOND,SIZE,PRICE
2025-11-19,9:30:00.273129973,T,KO,T,100,71.21
2025-11-19,9:30:01.164961046,T,KO,I,7,71.15
2025-11-19,9:30:01.164961046,T,KO,Q,7,71.15
2025-11-19,9:30:01.164964033,T,KO,,121,71.15
2025-11-19,9:30:01.164970012,T,KO,I,1,71.15
2025-11-19,9:30:01.165213677,T,KO,I,50,71.18
2025-11-19,9:30:01.165216614,T,KO,,300,71.18
2025-11-19,9:30:01.344960683,T,KO,F,300,71.2
2025-11-19,9:30:01.345008836,T,KO,,100,71.19
2025-11-19,9:30:01.345011824,T,KO,I,1,71.19
2025-11-19,9:30:01.345718612,T,KO,,100,71.19
2025-11-19,9:30:01.345754812,T,KO,,100,71.18
2025-11-19,9:30:01.345977246,T,KO,I,1,71.19
2025-11-19,9:30:01.345980164,T,KO,,300,71.19
2025-11-19,9:30:01.346476353,T,KO,I,1,71.18
2025-11-19,9:30:01.347544229,T,KO,,300,71.18
2025-11-19,9:30:01.348019210,T,KO,I,7,71.17
2025-11-19,9:30:01.348019210,T,KO,I,50,71.17
2025-11-19,9:30:01.348115327,T,KO,,294,71.18
2025-11-19,9:30:01.348118274,T,KO,I,50,71.18
2025-11-19,9:30:01.368281665,T,KO,,300,71.19
2025-11-19,9:30:01.368281665,T,KO,I,50,71.19
2025-11-19,9:30:01.368994019,T,KO,F,145,71.18
2025-11-19,9:30:01.369021192,T,KO,,155,71.18
2025-11-19,9:30:01.369024146,T,KO,I,1,71.18
2025-11-19,9:30:01.369024146,T,KO,I,50,71.18
2025-11-19,9:30:01.369027020,T,KO,I,50,71.18
2025-11-19,9:30:01.775481122,T,KO,F,100,71.16
2025-11-19,9:30:01.775481122,T,KO,F,200,71.16
2025-11-19,9:30:01.775956240,T,KO,,100,71.17
2025-11-19,9:30:01.775959309,T,KO,I,18,71.17
2025-11-19,9:30:01.797210867,T,KO,I,5,71.16
2025-11-19,9:30:01.797213923,T,KO,,300,71.16
2025-11-19,9:30:01.953424029,T,KO,,300,71.13
2025-11-19,9:30:01.953427006,T,KO,I,50,71.13
2025-11-19,9:30:01.953890063,T,KO,I,5,71.13
2025-11-19,9:30:01.969205812,T,KO,,100,71.12
2025-11-19,9:30:01.969208630,T,KO,,300,71.12
2025-11-19,9:30:01.969212757,T,KO,,300,71.12
2025-11-19,9:30:02.026095174,T,KO,,300,71.14
2025-11-19,9:30:02.026095174,T,KO,I,2,71.14
2025-11-19,9:30:02.026098160,T,KO,I,2,71.14
2025-11-19,9:30:02.026098160,T,KO,I,1,71.14
2025-11-19,9:30:02.026167278,T,KO,,700,71.14
2025-11-19,9:30:02.026393081,T,KO,,300,71.15
2025-11-19,9:30:02.026798781,T,KO,,300,71.16
2025-11-19,9:30:02.648550485,T,KO,F I,20,71.16
2025-11-19,9:30:02.648568607,T,KO,I,80,71.16
2025-11-19,9:30:03.451983036,T,KO,,300,71.18
2025-11-19,9:30:03.453739186,T,KO,,300,71.19
2025-11-19,9:30:03.783372915,T,KO,,300,71.2
2025-11-19,9:30:03.826308877,T,KO,,300,71.21
2025-11-19,9:30:03.826311527,T,KO,I,5,71.21
2025-11-19,9:30:03.985203863,T,KO,I,4,71.2
2025-11-19,9:30:03.985240011,T,KO,I,1,71.2
2025-11-19,9:30:06.266743648,T,KO,,100,71.18
2025-11-19,9:30:06.403169611,T,KO,I,1,71.19
2025-11-19,9:30:06.403232782,T,KO,F I,1,71.2
2025-11-19,9:30:06.403280827,T,KO,,100,71.2
2025-11-19,9:30:06.653037712,T,KO,,300,71.2
2025-11-19,9:30:06.653037712,T,KO,,100,71.2
2025-11-19,9:30:06.653079832,T,KO,F,299,71.19
2025-11-19,9:30:06.653852661,T,KO,F,100,71.19
2025-11-19,9:30:07.343473152,T,KO,I,1,71.185
2025-11-19,9:30:09.523470179,T,KO,I,2,71.16
2025-11-19,9:30:09.523470179,T,KO,I,50,71.16
2025-11-19,9:30:09.523542406,T,KO,F I,20,71.16
2025-11-19,9:30:11.618003760,T,KO,F I,1,71.13
2025-11-19,9:30:12.890156737,T,KO,I,50,71.1
2025-11-19,9:30:12.890156737,T,KO,I,1,71.1
2025-11-19,9:30:12.890496508,T,KO,F,100,71.095
2025-11-19,9:30:13.555696356,T,KO,I,96,71.12
2025-11-19,9:30:18.019172279,T,KO,,100,71.125
2025-11-19,9:30:20.318616892,T,KO,,300,71.13
2025-11-19,9:30:21.236871928,T,KO,I,1,71.13
2025-11-19,9:30:22.400427711,T,KO,,100,71.1
2025-11-19,9:30:22.400472239,T,KO,F,202,71.09
2025-11-19,9:30:23.039593402,T,KO,,100,71.13
2025-11-19,9:30:28.989407926,T,KO,F,100,71.1
2025-11-19,9:30:28.990953766,T,KO,I,50,71.1
2025-11-19,9:30:28.990980749,T,KO,F,100,71.095
2025-11-19,9:30:28.991020377,T,KO,,100,71.09
2025-11-19,9:30:28.991023858,T,KO,,300,71.09
2025-11-19,9:30:28.991026212,T,KO,I,91,71.09
2025-11-19,9:30:28.991028878,T,KO,F I,50,71.11
2025-11-19,9:30:28.991046848,T,KO,F I,11,71.1
2025-11-19,9:30:28.991058908,T,KO,I,1,71.09
2025-11-19,9:30:28.991410736,T,KO,F,100,71.11
2025-11-19,9:30:29.000426779,T,KO,I,11,71.11
2025-11-19,9:30:29.000426779,T,KO,I,11,71.11
2025-11-19,9:30:29.000432228,T,KO,,100,71.11
2025-11-19,9:30:29.000492391,T,KO,F I,11,71.11
2025-11-19,9:30:30.434987786,T,KO,I,50,71.1
2025-11-19,9:30:30.434987786,T,KO,,300,71.1
2025-11-19,9:30:30.434990689,T,KO,,100,71.1
2025-11-19,9:30:30.434993073,T,KO,,190,71.1
2025-11-19,9:30:30.435031978,T,KO,F,100,71.11
2025-11-19,9:30:30.435101267,T,KO,F I,55,71.12
2025-11-19,9:30:30.435104174,T,KO,F I,18,71.12
2025-11-19,9:30:30.435110319,T,KO,F I,19,71.12
2025-11-19,9:30:30.435110319,T,KO,F I,6,71.12
2025-11-19,9:30:30.435122287,T,KO,I,2,71.12
2025-11-19,9:30:30.435224464,T,KO,F,100,71.12
2025-11-19,9:30:30.435230501,T,KO,F I,14,71.12
2025-11-19,9:30:30.435230501,T,KO,F I,86,71.12
2025-11-19,9:30:30.435233464,T,KO,,100,71.12
2025-11-19,9:30:30.435275628,T,KO,F I,50,71.13
2025-11-19,9:30:30.435279053,T,KO,F,100,71.13
2025-11-19,9:30:30.435302748,T,KO,F,150,71.13
2025-11-19,9:30:30.435329673,T,KO,,100,71.12
2025-11-19,9:30:30.435365843,T,KO,I,11,71.12
2025-11-19,9:30:30.435365843,T,KO,I,50,71.12
2025-11-19,9:30:30.435543214,T,KO,I,50,71.11
2025-11-19,9:30:30.435985381,T,KO,,300,71.11
2025-11-19,9:30:30.435988645,T,KO,I,50,71.11
2025-11-19,9:30:30.435991296,T,KO,,100,71.11
2025-11-19,9:30:30.740848706,T,KO,,300,71.11
2025-11-19,9:30:30.740857396,T,KO,,100,71.1
2025-11-19,9:30:30.740860445,T,KO,I,50,71.1
2025-11-19,9:30:30.740866401,T,KO,I,1,71.1
2025-11-19,9:30:30.740887446,T,KO,,170,71.1
2025-11-19,9:30:30.740915020,T,KO,,129,71.1
2025-11-19,9:30:30.740917529,T,KO,F I,11,71.11
2025-11-19,9:30:30.740920674,T,KO,F I,61,71.1
2025-11-19,9:30:30.740938593,T,KO,F I,11,71.11
2025-11-19,9:30:30.740941558,T,KO,I,2,71.11
2025-11-19,9:30:30.740957092,T,KO,F I,58,71.11
2025-11-19,9:30:30.740959722,T,KO,,240,71.11
2025-11-19,9:30:30.740962904,T,KO,I,47,71.11
2025-11-19,9:30:30.740965620,T,KO,I,60,71.11
2025-11-19,9:30:30.740974691,T,KO,F,100,71.11
2025-11-19,9:30:30.740977839,T,KO,F,200,71.11
2025-11-19,9:30:30.740977839,T,KO,F I,30,71.11
2025-11-19,9:30:30.740980736,T,KO,F I,10,71.11
2025-11-19,9:30:30.741128029,T,KO,,100,71.11
2025-11-19,9:30:30.741131102,T,KO,I,11,71.11
2025-11-19,9:30:30.741666441,T,KO,F,100,71.12
2025-11-19,9:30:30.741669348,T,KO,F I,50,71.12
2025-11-19,9:30:30.741888921,T,KO,I,73,71.12
2025-11-19,9:30:30.742347095,T,KO,I,27,71.12
2025-11-19,9:30:30.742347095,T,KO,,1300,71.12
2025-11-19,9:30:30.742348927,T,KO,,100,71.12
2025-11-19,9:30:31.268827901,T,KO,I,60,71.11
2025-11-19,9:30:31.268837851,T,KO,I,40,71.11
2025-11-19,9:30:31.268840009,T,KO,,209,71.11
2025-11-19,9:30:31.268863979,T,KO,I,2,71.11
2025-11-19,9:30:31.268897847,T,KO,I,60,71.11
2025-11-19,9:30:31.585770765,T,KO,,147,71.1
2025-11-19,9:30:31.585798220,T,KO,,153,71.1
2025-11-19,9:30:31.586320999,T,KO,F I,50,71.1
2025-11-19,9:30:31.586327065,T,KO,F I,50,71.1
2025-11-19,9:30:31.586372123,T,KO,,100,71.1
2025-11-19,9:30:31.586516506,T,KO,I,50,71.1
2025-11-19,9:30:31.586519515,T,KO,,300,71.1
2025-11-19,9:30:31.586600707,T,KO,F,100,71.1
2025-11-19,9:30:31.586670582,T,KO,,100,71.1
2025-11-19,9:30:31.586678885,T,KO,F,101,71.1
2025-11-19,9:30:31.586704173,T,KO,F,150,71.1
2025-11-19,9:30:31.586708998,T,KO,,199,71.1
2025-11-19,9:30:31.586781121,T,KO,,101,71.1
2025-11-19,9:30:31.586796189,T,KO,I,19,71.09
2025-11-19,9:30:31.587081892,T,KO,I,50,71.1
2025-11-19,9:30:31.587368296,T,KO,,100,71.1
2025-11-19,9:30:31.587371234,T,KO,,100,71.1
2025-11-19,9:30:31.587373537,T,KO,,100,71.1
2025-11-19,9:30:31.587377008,T,KO,,300,71.1
2025-11-19,9:30:31.587377008,T,KO,,100,71.1
2025-11-19,9:30:31.587656223,T,KO,,300,71.1
2025-11-19,9:30:33.655056472,T,KO,F I,25,71.1
2025-11-19,9:30:33.655065732,T,KO,I,25,71.1
2025-11-19,9:30:36.640371394,T,KO,I,27,71.1
2025-11-19,9:30:36.640374338,T,KO,,300,71.1
2025-11-19,9:30:36.640377144,T,KO,I,48,71.09
2025-11-19,9:30:36.640401257,T,KO,I,1,71.09
2025-11-19,9:30:36.640410252,T,KO,,151,71.09
2025-11-19,9:30:36.640413228,T,KO,,130,71.09
2025-11-19,9:30:36.640413228,T,KO,I,12,71.09
2025-11-19,9:30:36.640428350,T,KO,I,1,71.09
2025-11-19,9:30:37.234559301,T,KO,F I,20,71.11
2025-11-19,9:30:37.235753217,T,KO,I,60,71.12
2025-11-19,9:30:38.260133973,T,KO,F,100,71.125
2025-11-19,9:30:38.260136989,T,KO,F I,2,71.11
2025-11-19,9:30:38.260142950,T,KO,,281,71.11
2025-11-19,9:30:38.260158464,T,KO,I,1,71.11
2025-11-19,9:30:38.260161142,T,KO,I,1,71.11
2025-11-19,9:30:38.260251249,T,KO,I,50,71.11
2025-11-19,9:30:38.261231712,T,KO,,100,71.1
2025-11-19,9:30:38.261231712,T,KO,,100,71.09
2025-11-19,9:30:38.261235066,T,KO,I,37,71.09
2025-11-19,9:30:38.262566722,T,KO,,100,71.09
2025-11-19,9:30:38.262569951,T,KO,,100,71.09
2025-11-19,9:30:38.262602865,T,KO,I,10,71.09
2025-11-19,9:30:38.262629917,T,KO,F I,90,71.09
2025-11-19,9:30:39.312388151,T,KO,F I,2,71.1
2025-11-19,9:30:39.312415203,T,KO,I,2,71.1
2025-11-19,9:30:39.632491456,T,KO,F I,56,71.1
2025-11-19,9:30:40.394521477,T,KO,,100,71.1
2025-11-19,9:30:40.394524415,T,KO,,100,71.1
2025-11-19,9:30:40.394524415,T,KO,I,8,71.1
2025-11-19,9:30:40.394564129,T,KO,I,27,71.09
2025-11-19,9:30:40.394569601,T,KO,I,73,71.09
2025-11-19,9:30:40.394569601,T,KO,I,74,71.09
2025-11-19,9:30:41.878516987,T,KO,F I,50,71.1
2025-11-19,9:30:41.878913943,T,KO,F,100,71.1
2025-11-19,9:30:41.878934898,T,KO,I,1,71.1
2025-11-19,9:30:41.879082358,T,KO,,100,71.1
2025-11-19,9:30:41.911556670,T,KO,F,200,71.105
2025-11-19,9:30:41.916139580,T,KO,F,100,71.1
2025-11-19,9:30:42.413115180,T,KO,F I,10,71.1
2025-11-19,9:30:42.413148393,T,KO,I,15,71.09
2025-11-19,9:30:44.354075923,T,KO,I,21,71.09
2025-11-19,9:30:44.354102894,T,KO,I,2,71.09
2025-11-19,9:30:44.538451080,T,KO,I,62,71.09
2025-11-19,9:30:44.538451080,T,KO,,100,71.09
2025-11-19,9:30:44.538454004,T,KO,,100,71.09
2025-11-19,9:30:44.538469691,T,KO,F,100,71.09
2025-11-19,9:30:44.538472265,T,KO,F,100,71.09
2025-11-19,9:30:44.538475008,T,KO,I,1,71.09
2025-11-19,9:30:44.538481032,T,KO,F,100,71.09
2025-11-19,9:30:44.538484172,T,KO,F,100,71.09
2025-11-19,9:30:44.538487747,T,KO,,100,71.09
2025-11-19,9:30:44.538796788,T,KO,,100,71.09
2025-11-19,9:30:44.538820886,T,KO,I,28,71.09
2025-11-19,9:30:44.538833474,T,KO,F I,50,71.09
2025-11-19,9:30:44.538836015,T,KO,I,22,71.09
2025-11-19,9:30:44.538838964,T,KO,I,78,71.09
2025-11-19,9:30:44.538856970,T,KO,I,22,71.09
2025-11-19,9:30:44.538856970,T,KO,,168,71.09
2025-11-19,9:30:44.538856970,T,KO,F I,72,71.09
2025-11-19,9:30:44.538872029,T,KO,F I,28,71.09
2025-11-19,9:30:44.538872029,T,KO,F,100,71.09
2025-11-19,9:30:44.538875110,T,KO,F,222,71.09
2025-11-19,9:30:44.538875110,T,KO,F I,22,71.09
2025-11-19,9:30:44.538887007,T,KO,,100,71.09
2025-11-19,9:30:44.538890013,T,KO,I,13,71.09
2025-11-19,9:30:44.539034372,T,KO,,201,71.08
2025-11-19,9:30:44.539284039,T,KO,I,99,71.08
2025-11-19,9:30:44.539302068,T,KO,I,1,71.08
2025-11-19,9:30:44.539753140,T,KO,,100,71.08
2025-11-19,9:30:44.568453425,T,KO,,100,71.07
2025-11-19,9:30:44.568456529,T,KO,,100,71.07
2025-11-19,9:30:44.568688668,T,KO,F,100,71.08
2025-11-19,9:30:44.568709076,T,KO,,100,71.08
2025-11-19,9:30:44.568715779,T,KO,I,23,71.08
2025-11-19,9:30:44.568715779,T,KO,I,10,71.08
2025-11-19,9:30:44.568718085,T,KO,,300,71.08
2025-11-19,9:30:44.568721297,T,KO,I,50,71.08
2025-11-19,9:30:44.568721297,T,KO,I,1,71.08
2025-11-19,9:30:44.568739094,T,KO,,100,71.08
2025-11-19,9:30:44.569148107,T,KO,F,141,71.09
2025-11-19,9:30:44.569614395,T,KO,F I,2,71.1
2025-11-19,9:30:44.569614395,T,KO,F I,50,71.1
2025-11-19,9:30:44.569617273,T,KO,F,153,71.1
2025-11-19,9:30:44.570014684,T,KO,,100,71.09
2025-11-19,9:30:44.570014684,T,KO,I,23,71.09
2025-11-19,9:30:44.570017372,T,KO,,300,71.09
2025-11-19,9:30:44.570020211,T,KO,,100,71.09
2025-11-19,9:30:44.653688490,T,KO,,100,71.08
2025-11-19,9:30:45.391606938,T,KO,I,55,71.06
2025-11-19,9:30:45.391961798,T,KO,,190,71.06
2025-11-19,9:30:45.394048747,T,KO,I,23,71.07
2025-11-19,9:30:47.531720070,T,KO,F I,50,71.1
2025-11-19,9:30:47.531828380,T,KO,F I,50,71.1
2025-11-19,9:30:47.531855382,T,KO,,100,71.1
2025-11-19,9:30:47.531924576,T,KO,F I,50,71.1
2025-11-19,9:30:47.531952158,T,KO,I,60,71.09
2025-11-19,9:30:47.532276423,T,KO,,100,71.1
2025-11-19,9:30:47.541971998,T,KO,F,100,71.11
2025-11-19,9:30:47.541974639,T,KO,F,100,71.11
2025-11-19,9:30:47.541977516,T,KO,F I,50,71.11
2025-11-19,9:30:47.541977516,T,KO,F,300,71.11
2025-11-19,9:30:50.354564824,T,KO,F I,27,71.115
2025-11-19,9:30:50.354564824,T,KO,F I,6,71.115
2025-11-19,9:30:50.481183783,T,KO,F I,50,71.12
2025-11-19,9:30:50.481355325,T,KO,I,23,71.12
2025-11-19,9:30:50.481355325,T,KO,I,23,71.12
2025-11-19,9:30:50.481358212,T,KO,I,54,71.12
2025-11-19,9:30:50.481376278,T,KO,I,1,71.12
2025-11-19,9:30:50.481484532,T,KO,I,45,71.12
2025-11-19,9:30:50.481487481,T,KO,,155,71.12
2025-11-19,9:30:50.481535667,T,KO,F I,23,71.12
2025-11-19,9:30:50.481547714,T,KO,F I,23,71.12
2025-11-19,9:30:52.084365045,T,KO,I,23,71.12
2025-11-19,9:30:52.084368247,T,KO,I,2,71.12
2025-11-19,9:30:52.084371101,T,KO,I,9,71.12
2025-11-19,9:30:52.084371101,T,KO,I,10,71.12
2025-11-19,9:30:52.084413201,T,KO,,132,71.11
2025-11-19,9:30:52.084432009,T,KO,I,1,71.11
2025-11-19,9:30:52.084434261,T,KO,,141,71.11
2025-11-19,9:30:52.084716909,T,KO,,100,71.11
2025-11-19,9:30:52.190593082,T,KO,F I,10,71.12
2025-11-19,9:30:52.563736754,T,KO,,100,71.125
2025-11-19,9:30:52.618211486,T,KO,I,78,71.12
2025-11-19,9:30:52.618238621,T,KO,I,1,71.12
2025-11-19,9:30:52.618244592,T,KO,I,46,71.12
2025-11-19,9:30:52.618260240,T,KO,F,175,71.12
2025-11-19,9:30:52.618263494,T,KO,F I,27,71.12
2025-11-19,9:30:52.618265710,T,KO,F,100,71.12
2025-11-19,9:30:52.618265710,T,KO,F I,47,71.12
2025-11-19,9:30:52.618563372,T,KO,F I,50,71.12
2025-11-19,9:30:52.618569383,T,KO,I,11,71.12
2025-11-19,9:30:52.618834028,T,KO,F I,11,71.12
2025-11-19,9:30:58.705182851,T,KO,,100,71.12
2025-11-19,9:30:58.705204462,T,KO,I,1,71.12
2025-11-19,9:30:58.705291117,T,KO,F,100,71.12
2025-11-19,9:30:58.705450387,T,KO,F I,20,71.12
2025-11-19,9:30:58.762204623,T,KO,I,35,71.15
2025-11-19,9:31:01.535355474,T,KO,,273,71.175
2025-11-19,9:31:01.993731018,T,KO,I,1,71.175
2025-11-19,9:31:03.268376797,T,KO,,100,71.14
2025-11-19,9:31:06.644418481,T,KO,F I,2,71.15
2025-11-19,9:31:13.845856086,T,KO,,100,71.165
2025-11-19,9:31:13.845856086,T,KO,,100,71.16
2025-11-19,9:31:13.845858877,T,KO,I,1,71.16
2025-11-19,9:31:13.845861934,T,KO,I,18,71.16
2025-11-19,9:31:13.871846778,T,KO,,100,71.18
2025-11-19,9:31:13.871846778,T,KO,I,54,71.19
2025-11-19,9:31:13.871867834,T,KO,F,246,71.19
2025-11-19,9:31:13.871871214,T,KO,F I,8,71.19
2025-11-19,9:31:13.871871214,T,KO,F I,25,71.19
2025-11-19,9:31:13.871930990,T,KO,,100,71.18
2025-11-19,9:31:13.871952089,T,KO,I,1,71.18
2025-11-19,9:31:13.871982651,T,KO,,100,71.185
2025-11-19,9:31:13.871982651,T,KO,I,25,71.18
2025-11-19,9:31:13.871985317,T,KO,I,15,71.17
2025-11-19,9:31:13.872096973,T,KO,F,100,71.18
2025-11-19,9:31:13.872099982,T,KO,F I,10,71.18
2025-11-19,9:31:13.872563110,T,KO,,100,71.18
2025-11-19,9:31:13.872566066,T,KO,I,85,71.17
2025-11-19,9:31:13.872566066,T,KO,I,95,71.17
2025-11-19,9:31:13.872589558,T,KO,I,1,71.17
2025-11-19,9:31:13.872866309,T,KO,F I,50,71.18
2025-11-19,9:31:13.873837519,T,KO,,100,71.18
2025-11-19,9:31:13.889836292,T,KO,I,10,71.18
2025-11-19,9:31:13.889836292,T,KO,I,15,71.18
2025-11-19,9:31:13.889838619,T,KO,I,1,71.18
2025-11-19,9:31:13.889847651,T,KO,F I,26,71.18
2025-11-19,9:31:13.889853720,T,KO,F I,26,71.18
2025-11-19,9:31:13.889916804,T,KO,,138,71.18
2025-11-19,9:31:13.889920151,T,KO,,100,71.185
2025-11-19,9:31:13.889920151,T,KO,I,62,71.19
2025-11-19,9:31:13.892430812,T,KO,F,100,71.18
2025-11-19,9:31:13.892430812,T,KO,F I,11,71.18
2025-11-19,9:31:15.768818811,T,KO,I,10,71.18
2025-11-19,9:31:15.768830860,T,KO,F I,15,71.18
2025-11-19,9:31:15.768833852,T,KO,F,300,71.18
2025-11-19,9:31:16.059358693,T,KO,I,16,71.185
2025-11-19,9:31:16.059362121,T,KO,I,1,71.18
2025-11-19,9:31:16.059362121,T,KO,I,30,71.17
2025-11-19,9:31:16.059364863,T,KO,I,50,71.17
2025-11-19,9:31:16.059367745,T,KO,I,61,71.17
2025-11-19,9:31:16.059400804,T,KO,I,27,71.18
2025-11-19,9:31:16.059683541,T,KO,I,30,71.18
2025-11-19,9:31:16.059752692,T,KO,,172,71.17
2025-11-19,9:31:16.059768034,T,KO,I,1,71.17
2025-11-19,9:31:16.059788749,T,KO,,100,71.18
2025-11-19,9:31:16.059807358,T,KO,I,1,71.18
2025-11-19,9:31:16.060366139,T,KO,,100,71.19
2025-11-19,9:31:16.060366139,T,KO,,100,71.19
2025-11-19,9:31:16.060369297,T,KO,I,50,71.19
2025-11-19,9:31:16.060522532,T,KO,F,300,71.19
2025-11-19,9:31:16.060537545,T,KO,,100,71.19
2025-11-19,9:31:16.060543546,T,KO,,100,71.19
2025-11-19,9:31:16.437404124,T,KO,,100,71.185
2025-11-19,9:31:17.968299162,T,KO,I,48,71.185
2025-11-19,9:31:18.843116282,T,KO,,100,71.17
2025-11-19,9:31:18.843116282,T,KO,,100,71.175
2025-11-19,9:31:18.843118842,T,KO,I,50,71.18
2025-11-19,9:31:18.843121886,T,KO,I,18,71.18
2025-11-19,9:31:18.843121886,T,KO,I,7,71.18
2025-11-19,9:31:18.843124753,T,KO,,236,71.18
2025-11-19,9:31:18.843163919,T,KO,F I,36,71.175
2025-11-19,9:31:18.843196906,T,KO,I,96,71.18
2025-11-19,9:31:18.843232964,T,KO,F,264,71.175
2025-11-19,9:31:18.844198656,T,KO,F I,7,71.19
2025-11-19,9:31:18.844201277,T,KO,I,7,71.19
2025-11-19,9:31:18.844378866,T,KO,I,86,71.19
2025-11-19,9:31:18.844399742,T,KO,F I,4,71.19
2025-11-19,9:31:20.195391422,T,KO,F I,25,71.16
2025-11-19,9:31:21.318013165,T,KO,I,10,71.15
2025-11-19,9:31:21.318013165,T,KO,I,25,71.15
2025-11-19,9:31:21.506544554,T,KO,I,46,71.17
2025-11-19,9:31:21.506544554,T,KO,,100,71.17
2025-11-19,9:31:21.506550117,T,KO,I,25,71.17
2025-11-19,9:31:21.506550117,T,KO,I,50,71.17
2025-11-19,9:31:21.506568191,T,KO,F,110,71.17
2025-11-19,9:31:22.968088313,T,KO,F I,3,71.2
2025-11-19,9:31:22.968097526,T,KO,F I,97,71.2
2025-11-19,9:31:22.968100273,T,KO,F,100,71.2
2025-11-19,9:31:22.968103264,T,KO,F I,3,71.2
2025-11-19,9:31:22.968106686,T,KO,F I,97,71.2
2025-11-19,9:31:22.968109195,T,KO,F,100,71.2
2025-11-19,9:31:23.118011160,T,KO,F I,1,71.22
2025-11-19,9:31:23.118013342,T,KO,F I,6,71.22
2025-11-19,9:31:23.118746979,T,KO,F I,50,71.23
2025-11-19,9:31:23.118789076,T,KO,I,10,71.22
2025-11-19,9:31:23.119015167,T,KO,,100,71.23
2025-11-19,9:31:23.119018432,T,KO,I,10,71.23
2025-11-19,9:31:23.135490879,T,KO,I,40,71.23
2025-11-19,9:31:32.345944321,T,KO,F,100,71.21
2025-11-19,9:31:32.345944321,T,KO,F I,1,71.21
2025-11-19,9:31:32.345947258,T,KO,F I,46,71.21
2025-11-19,9:31:35.268824609,T,KO,,100,71.2
2025-11-19,9:31:35.268824609,T,KO,I,32,71.19
2025-11-19,9:31:35.268860647,T,KO,,225,71.19
2025-11-19,9:31:35.268886061,T,KO,F I,43,71.19
2025-11-19,9:31:35.268890680,T,KO,F I,25,71.19
2025-11-19,9:31:35.268890680,T,KO,F,100,71.19
2025-11-19,9:31:35.268893706,T,KO,F I,40,71.19
2025-11-19,9:31:35.268911823,T,KO,I,36,71.2
2025-11-19,9:31:35.268911823,T,KO,I,51,71.2
2025-11-19,9:31:35.268932842,T,KO,I,1,71.2
2025-11-19,9:31:35.269116275,T,KO,F I,24,71.2
2025-11-19,9:31:38.460142432,T,KO,F I,1,71.18
2025-11-19,9:31:38.460145269,T,KO,F I,1,71.18
2025-11-19,9:31:39.931248973,T,KO,F,300,71.16
2025-11-19,9:31:39.931248973,T,KO,F I,50,71.16
2025-11-19,9:31:39.937203685,T,KO,F I,2,71.16
2025-11-19,9:31:39.937206100,T,KO,F I,25,71.16
2025-11-19,9:31:39.961831803,T,KO,I,42,71.15
2025-11-19,9:31:40.034523967,T,KO,I,42,71.16
2025-11-19,9:31:40.781641412,T,KO,F,100,71.17
2025-11-19,9:31:40.783087825,T,KO,,100,71.17
2025-11-19,9:31:40.783397685,T,KO,,100,71.17
2025-11-19,9:31:42.529497199,T,KO,F,100,71.17
2025-11-19,9:31:42.532047294,T,KO,,100,71.17
2025-11-19,9:31:45.123493258,T,KO,I,35,71.16
2025-11-19,9:31:45.123658615,T,KO,I,65,71.16
2025-11-19,9:31:45.123893215,T,KO,I,35,71.16
2025-11-19,9:31:45.123956358,T,KO,I,35,71.16
2025-11-19,9:31:51.100781307,T,KO,F,100,71.16
2025-11-19,9:31:54.656945917,T,KO,F I,20,71.15
2025-11-19,9:31:54.656988038,T,KO,F,300,71.16
2025-11-19,9:31:54.658067575,T,KO,F,300,71.17
2025-11-19,9:31:54.658067575,T,KO,F,100,71.17
2025-11-19,9:31:54.658070531,T,KO,F I,25,71.17
2025-11-19,9:31:54.658074205,T,KO,F I,50,71.17
2025-11-19,9:31:54.658744732,T,KO,F I,2,71.18
2025-11-19,9:31:54.658744732,T,KO,F,200,71.18
2025-11-19,9:31:56.542072717,T,KO,,100,71.17
2025-11-19,9:31:57.160258054,T,KO,,100,71.165
2025-11-19,9:31:57.644221645,T,KO,,100,71.165
2025-11-19,9:32:02.086004610,T,KO,,100,71.165
2025-11-19,9:32:02.090545469,T,KO,F,350,71.165
2025-11-19,9:32:02.090584504,T,KO,,150,71.165
2025-11-19,9:32:02.820104000,T,KO,F I,2,71.18
2025-11-19,9:32:02.820107129,T,KO,F I,20,71.18
2025-11-19,9:32:02.820110013,T,KO,F,100,71.18
2025-11-19,9:32:02.820110013,T,KO,F,100,71.18
2025-11-19,9:32:02.820112959,T,KO,F I,25,71.18
2025-11-19,9:32:02.820146074,T,KO,,100,71.17
2025-11-19,9:32:02.820149127,T,KO,I,38,71.17
2025-11-19,9:32:02.820167109,T,KO,I,1,71.17
2025-11-19,9:32:02.820173988,T,KO,I,50,71.18
2025-11-19,9:32:02.820173988,T,KO,,100,71.18
2025-11-19,9:32:02.820185109,T,KO,F I,2,71.18
2025-11-19,9:32:02.820188698,T,KO,F I,1,71.18
2025-11-19,9:32:02.820248278,T,KO,F I,8,71.18
2025-11-19,9:32:02.820251375,T,KO,F I,36,71.18
2025-11-19,9:32:02.820266311,T,KO,I,64,71.18
2025-11-19,9:32:02.820528071,T,KO,I,50,71.17
2025-11-19,9:32:02.820528071,T,KO,,100,71.17
2025-11-19,9:32:02.820530994,T,KO,,100,71.17
2025-11-19,9:32:02.820534137,T,KO,I,25,71.17
2025-11-19,9:32:02.820537255,T,KO,,189,71.17
2025-11-19,9:32:02.820537255,T,KO,,100,71.17
2025-11-19,9:32:03.261678994,T,KO,I,62,71.18
2025-11-19,9:32:03.261678994,T,KO,I,30,71.18
2025-11-19,9:32:03.675804013,T,KO,I,38,71.18
2025-11-19,9:32:04.272298577,T,KO,F,300,71.18
2025-11-19,9:32:04.272302002,T,KO,F,200,71.17
2025-11-19,9:32:04.272304919,T,KO,F I,25,71.17
2025-11-19,9:32:04.272304919,T,KO,F I,50,71.17
2025-11-19,9:32:04.272307680,T,KO,F,300,71.17
2025-11-19,9:32:04.272972880,T,KO,F,100,71.18
2025-11-19,9:32:04.272972880,T,KO,F I,38,71.18
2025-11-19,9:32:04.272978462,T,KO,F,300,71.18
2025-11-19,9:32:04.272978462,T,KO,F I,30,71.18
2025-11-19,9:32:04.272978462,T,KO,F,150,71.18
2025-11-19,9:32:04.273026347,T,KO,,300,71.18
2025-11-19,9:32:04.273035541,T,KO,F,300,71.19
2025-11-19,9:32:04.273041863,T,KO,F I,50,71.19
2025-11-19,9:32:04.273041863,T,KO,F I,50,71.19
2025-11-19,9:32:04.273045350,T,KO,F,100,71.19
2025-11-19,9:32:04.273045350,T,KO,F,100,71.19
2025-11-19,9:32:04.273435337,T,KO,F,100,71.18
2025-11-19,9:32:04.273435337,T,KO,F I,51,71.18
2025-11-19,9:32:04.273441380,T,KO,F,100,71.18
2025-11-19,9:32:04.273441380,T,KO,F,100,71.175
2025-11-19,9:32:04.273445611,T,KO,F,100,71.17
2025-11-19,9:32:04.273445611,T,KO,F,100,71.17
2025-11-19,9:32:04.273450316,T,KO,F I,51,71.17
2025-11-19,9:32:04.273450316,T,KO,F I,38,71.17
2025-11-19,9:32:04.273450316,T,KO,F I,50,71.17
2025-11-19,9:32:04.273450316,T,KO,F I,62,71.17
2025-11-19,9:32:04.273456954,T,KO,F I,55,71.17
2025-11-19,9:32:04.273456954,T,KO,F,300,71.17
2025-11-19,9:32:04.273456954,T,KO,F I,55,71.17
2025-11-19,9:32:04.273460447,T,KO,F I,50,71.17
2025-11-19,9:32:04.273460447,T,KO,F I,20,71.17
2025-11-19,9:32:04.273462637,T,KO,F,100,71.17
2025-11-19,9:32:04.273462637,T,KO,F I,25,71.17
2025-11-19,9:32:04.274196175,T,KO,F,100,71.18
2025-11-19,9:32:04.274229197,T,KO,F,100,71.18
2025-11-19,9:32:04.277543078,T,KO,F,100,71.18
2025-11-19,9:32:04.277588224,T,KO,F,100,71.18
2025-11-19,9:32:04.277648375,T,KO,F I,50,71.18
2025-11-19,9:32:04.277669383,T,KO,F I,10,71.18
2025-11-19,9:32:04.277711570,T,KO,F,100,71.18
2025-11-19,9:32:04.279807536,T,KO,,100,71.175
2025-11-19,9:32:04.346380042,T,KO,,100,71.18
2025-11-19,9:32:04.346401618,T,KO,I,1,71.18
2025-11-19,9:32:04.346999874,T,KO,F,100,71.19
2025-11-19,9:32:04.346999874,T,KO,F,300,71.19
2025-11-19,9:32:04.346999874,T,KO,F I,64,71.19
2025-11-19,9:32:04.347796531,T,KO,,100,71.2
2025-11-19,9:32:04.347796531,T,KO,I,73,71.2
2025-11-19,9:32:04.347823535,T,KO,F I,27,71.2
2025-11-19,9:32:04.347823535,T,KO,F I,64,71.2
2025-11-19,9:32:04.347862599,T,KO,,100,71.195
2025-11-19,9:32:04.347868648,T,KO,F,100,71.195
2025-11-19,9:32:04.347868648,T,KO,F,100,71.195
2025-11-19,9:32:04.348881986,T,KO,F I,50,71.19
2025-11-19,9:32:04.348885933,T,KO,F I,51,71.19
2025-11-19,9:32:04.348885933,T,KO,F,100,71.19
2025-11-19,9:32:04.355377462,T,KO,F,100,71.18
2025-11-19,9:32:04.355380493,T,KO,F I,51,71.18
2025-11-19,9:32:04.356096165,T,KO,,200,71.18
2025-11-19,9:32:04.356679651,T,KO,F I,29,71.18
2025-11-19,9:32:04.356710681,T,KO,I,51,71.19
2025-11-19,9:32:04.356710681,T,KO,,100,71.19
2025-11-19,9:32:04.356715688,T,KO,I,64,71.19
2025-11-19,9:32:04.734440083,T,KO,F I,36,71.2
2025-11-19,9:32:04.734460375,T,KO,I,36,71.2
2025-11-19,9:32:05.965538389,T,KO,,300,71.21
2025-11-19,9:32:16.451350390,T,KO,F I,5,71.17
2025-11-19,9:32:16.465201442,T,KO,F I,15,71.15
2025-11-19,9:32:16.568368857,T,KO,F I,10,71.13
2025-11-19,9:32:16.568371282,T,KO,F,100,71.13
2025-11-19,9:32:16.568374132,T,KO,F I,90,71.13
2025-11-19,9:32:16.568389183,T,KO,I,1,71.13
2025-11-19,9:32:16.568398792,T,KO,I,9,71.13
2025-11-19,9:32:16.568398792,T,KO,,100,71.13
2025-11-19,9:32:16.568401226,T,KO,I,25,71.13
2025-11-19,9:32:16.568431730,T,KO,I,50,71.12
2025-11-19,9:32:16.568431730,T,KO,I,40,71.12
2025-11-19,9:32:16.568434467,T,KO,,300,71.12
2025-11-19,9:32:16.568434467,T,KO,I,25,71.12
2025-11-19,9:32:16.569053792,T,KO,F I,50,71.12
2025-11-19,9:32:16.569083860,T,KO,I,50,71.12
2025-11-19,9:32:16.569134894,T,KO,,100,71.12
2025-11-19,9:32:16.578703835,T,KO,F I,30,71.11
2025-11-19,9:32:16.578709799,T,KO,F I,25,71.11
2025-11-19,9:32:16.578709799,T,KO,F,100,71.11
2025-11-19,9:32:16.578712721,T,KO,F,100,71.11
2025-11-19,9:32:16.599756831,T,KO,I,91,71.11
2025-11-19,9:32:19.026921679,T,KO,F I,35,71.1
2025-11-19,9:32:19.028960785,T,KO,F I,1,71.1
2025-11-19,9:32:19.028960785,T,KO,F I,50,71.1
2025-11-19,9:32:19.028972521,T,KO,F I,50,71.1
2025-11-19,9:32:19.029195009,T,KO,F I,50,71.1
2025-11-19,9:32:19.060574787,T,KO,F I,10,71.1
2025-11-19,9:32:25.114419155,T,KO,I,12,71.07
2025-11-19,9:32:26.408145438,T,KO,I,75,71.065
2025-11-19,9:32:26.408157461,T,KO,F I,50,71.065
2025-11-19,9:32:26.408161405,T,KO,,100,71.065
2025-11-19,9:32:26.408163628,T,KO,F I,75,71.065
2025-11-19,9:32:26.408166458,T,KO,F,100,71.07
2025-11-19,9:32:26.408647580,T,KO,F I,1,71.07
2025-11-19,9:32:26.408665932,T,KO,F,100,71.07
2025-11-19,9:32:26.408665932,T,KO,F I,10,71.07
2025-11-19,9:32:26.408710810,T,KO,F I,1,71.07
2025-11-19,9:32:26.408713815,T,KO,F I,1,71.07
2025-11-19,9:32:26.408759157,T,KO,F I,98,71.07
2025-11-19,9:32:26.408846313,T,KO,F,100,71.08
2025-11-19,9:32:26.408846313,T,KO,F I,2,71.08
2025-11-19,9:32:26.408957331,T,KO,,100,71.08
2025-11-19,9:32:26.409134737,T,KO,F I,70,71.08
2025-11-19,9:32:26.409153620,T,KO,,130,71.08
2025-11-19,9:32:26.409411402,T,KO,I,90,71.08
2025-11-19,9:32:26.410118103,T,KO,I,10,71.08
2025-11-19,9:32:27.181317001,T,KO,F I,50,71.08
2025-11-19,9:32:27.181320020,T,KO,F I,19,71.08
2025-11-19,9:32:27.181322907,T,KO,F,100,71.08
2025-11-19,9:32:27.181599755,T,KO,I,46,71.09
2025-11-19,9:32:27.181623702,T,KO,F I,4,71.09
2025-11-19,9:32:27.182403057,T,KO,,100,71.08
2025-11-19,9:32:27.182406793,T,KO,,100,71.08
2025-11-19,9:32:27.182413166,T,KO,I,9,71.08
2025-11-19,9:32:27.182413166,T,KO,,300,71.08
2025-11-19,9:32:27.182413166,T,KO,,100,71.08
2025-11-19,9:32:27.182413166,T,KO,I,50,71.08
2025-11-19,9:32:27.182426603,T,KO,I,1,71.08
2025-11-19,9:32:31.023898967,T,KO,F I,9,71.09
2025-11-19,9:32:31.023901844,T,KO,F I,50,71.09
2025-11-19,9:32:31.023913816,T,KO,F I,86,71.09
2025-11-19,9:32:31.024693056,T,KO,I,16,71.1
2025-11-19,9:32:31.024945243,T,KO,I,74,71.105
2025-11-19,9:32:31.024948334,T,KO,I,66,71.11
2025-11-19,9:32:31.024966540,T,KO,F I,34,71.11
2025-11-19,9:32:31.024966540,T,KO,F I,40,71.11
2025-11-19,9:32:31.024969897,T,KO,I,5,71.11
2025-11-19,9:32:33.769456249,T,KO,F,190,71.1
2025-11-19,9:32:33.769485935,T,KO,I,25,71.1
2025-11-19,9:32:33.769485935,T,KO,I,4,71.1
2025-11-19,9:32:37.607259290,T,KO,F,100,71.13
2025-11-19,9:32:37.607259290,T,KO,F,216,71.13
2025-11-19,9:32:37.607364552,T,KO,F I,72,71.13
2025-11-19,9:32:37.607475839,T,KO,I,28,71.13
2025-11-19,9:32:37.607475839,T,KO,,100,71.13
2025-11-19,9:32:42.763670305,T,KO,,300,71.14
2025-11-19,9:32:42.763670305,T,KO,I,25,71.14
2025-11-19,9:32:42.763673318,T,KO,I,50,71.14
2025-11-19,9:32:44.450140939,T,KO,F I,20,71.16
2025-11-19,9:32:44.450146922,T,KO,I,20,71.16
2025-11-19,9:32:44.450155953,T,KO,I,20,71.16
2025-11-19,9:32:44.450162422,T,KO,I,20,71.16
2025-11-19,9:32:44.450167988,T,KO,F I,20,71.16
2025-11-19,9:32:44.450198071,T,KO,F I,20,71.16
2025-11-19,9:32:45.083392130,T,KO,F,100,71.16
2025-11-19,9:32:47.900164749,T,KO,I,10,71.14
2025-11-19,9:32:47.900167792,T,KO,I,10,71.14
2025-11-19,9:32:49.696382145,T,KO,F,200,71.14
2025-11-19,9:32:49.807147605,T,KO,I,16,71.13
2025-11-19,9:32:53.239501391,T,KO,F,100,71.12
2025-11-19,9:32:53.239501391,T,KO,F I,2,71.12
2025-11-19,9:32:54.753279528,T,KO,F I,16,71.13
2025-11-19,9:33:03.706942285,T,KO,F,100,71.12
2025-11-19,9:33:07.260343447,T,KO,F,132,71.09
2025-11-19,9:33:09.400457326,T,KO,,300,71.07
2025-11-19,9:33:09.400463092,T,KO,I,60,71.07
2025-11-19,9:33:09.400468502,T,KO,I,25,71.07
2025-11-19,9:33:09.400468502,T,KO,,289,71.07
2025-11-19,9:33:09.400480619,T,KO,F,120,71.07
2025-11-19,9:33:09.400483626,T,KO,F I,10,71.07
2025-11-19,9:33:09.435354644,T,KO,F,100,71.06
2025-11-19,9:33:11.349969599,T,KO,F I,25,71.08
2025-11-19,9:33:11.349969599,T,KO,F,300,71.08
2025-11-19,9:33:11.349972583,T,KO,F I,7,71.08
2025-11-19,9:33:11.350026774,T,KO,F I,10,71.08
2025-11-19,9:33:11.350032768,T,KO,F I,53,71.08
2025-11-19,9:33:11.360927637,T,KO,,100,71.09
2025-11-19,9:33:15.826172512,T,KO,F I,8,71.11
2025-11-19,9:33:15.826768575,T,KO,I,1,71.11
2025-11-19,9:33:15.826770979,T,KO,I,72,71.105
2025-11-19,9:33:15.876972723,T,KO,I,1,71.11
2025-11-19,9:33:15.876972723,T,KO,,190,71.11
2025-11-19,9:33:19.750855966,T,KO,F I,1,71.1
2025-11-19,9:33:19.750859255,T,KO,F I,7,71.1
2025-11-19,9:33:19.750859255,T,KO,F I,9,71.1
2025-11-19,9:33:19.750861762,T,KO,F I,5,71.1
2025-11-19,9:33:19.750876885,T,KO,F I,2,71.1
2025-11-19,9:33:19.750879906,T,KO,F I,1,71.1
2025-11-19,9:33:19.750886092,T,KO,F I,4,71.1
2025-11-19,9:33:19.750889246,T,KO,F I,79,71.1
2025-11-19,9:33:19.750891920,T,KO,F,100,71.1
2025-11-19,9:33:19.807781349,T,KO,F I,2,71.1
2025-11-19,9:33:20.135366548,T,KO,F I,2,71.09
2025-11-19,9:33:22.922996741,T,KO,F I,17,71.11
2025-11-19,9:33:25.476714826,T,KO,I,4,71.105
2025-11-19,9:33:26.100556566,T,KO,I,20,71.1
2025-11-19,9:33:28.793118504,T,KO,,300,71.09
2025-11-19,9:33:28.793118504,T,KO,I,25,71.09
2025-11-19,9:33:28.793121384,T,KO,I,2,71.09
2025-11-19,9:33:34.913944277,T,KO,I,2,71.09
2025-11-19,9:33:34.913983411,T,KO,F I,39,71.09
2025-11-19,9:33:34.913986337,T,KO,F I,58,71.09
2025-11-19,9:33:34.914001390,T,KO,I,42,71.09
2025-11-19,9:33:34.914001390,T,KO,I,10,71.09
2025-11-19,9:33:34.914004775,T,KO,I,1,71.09
2025-11-19,9:33:34.914013875,T,KO,F I,52,71.09
2025-11-19,9:33:34.914013875,T,KO,F I,52,71.09
2025-11-19,9:33:34.914019466,T,KO,F I,52,71.09
2025-11-19,9:33:34.914022457,T,KO,F I,33,71.09
2025-11-19,9:33:34.914708236,T,KO,I,52,71.09
2025-11-19,9:33:34.914711084,T,KO,I,10,71.09
2025-11-19,9:33:34.915005814,T,KO,,100,71.1
2025-11-19,9:33:34.915009492,T,KO,I,50,71.1
2025-11-19,9:33:34.915015001,T,KO,,300,71.1
2025-11-19,9:33:34.915015001,T,KO,I,25,71.1
2025-11-19,9:33:34.915017859,T,KO,I,20,71.1
2025-11-19,9:33:38.846277859,T,KO,F,100,71.12
2025-11-19,9:33:38.846280934,T,KO,F I,50,71.12
2025-11-19,9:33:38.846280934,T,KO,F I,50,71.12
2025-11-19,9:33:38.846284045,T,KO,F,150,71.12
2025-11-19,9:33:38.846284045,T,KO,F,200,71.12
2025-11-19,9:33:38.846305464,T,KO,I,50,71.12
2025-11-19,9:33:38.846305464,T,KO,I,1,71.12
2025-11-19,9:33:38.846308000,T,KO,I,99,71.12
2025-11-19,9:33:38.846978551,T,KO,,100,71.13
2025-11-19,9:33:38.846978551,T,KO,I,63,71.13
2025-11-19,9:33:38.847116857,T,KO,I,28,71.13
2025-11-19,9:33:38.996232936,T,KO,F I,2,71.12
2025-11-19,9:33:38.996690119,T,KO,I,1,71.12
2025-11-19,9:33:38.996690119,T,KO,I,9,71.12
2025-11-19,9:33:38.996696020,T,KO,,100,71.12
2025-11-19,9:33:38.996696020,T,KO,,120,71.12
2025-11-19,9:33:38.996777301,T,KO,I,70,71.12
2025-11-19,9:33:38.996834373,T,KO,F,100,71.12
2025-11-19,9:33:38.996855403,T,KO,I,1,71.12
2025-11-19,9:33:38.996858442,T,KO,F I,2,71.12
2025-11-19,9:33:38.996861424,T,KO,F I,30,71.12
2025-11-19,9:33:39.303757376,T,KO,,100,71.12
2025-11-19,9:33:39.303757376,T,KO,I,10,71.12
2025-11-19,9:33:39.303790427,T,KO,F I,86,71.12
2025-11-19,9:33:39.536920674,T,KO,F,100,71.11
2025-11-19,9:33:39.536923953,T,KO,F I,25,71.11
2025-11-19,9:33:39.536929794,T,KO,F,100,71.11
2025-11-19,9:33:39.536929794,T,KO,F,300,71.11
2025-11-19,9:33:39.536933225,T,KO,F I,50,71.11
2025-11-19,9:33:39.538036576,T,KO,F I,30,71.1
2025-11-19,9:33:39.538039441,T,KO,F,100,71.1
2025-11-19,9:33:39.538042361,T,KO,F,100,71.1
2025-11-19,9:33:45.210507001,T,KO,F I,2,71.1
2025-11-19,9:33:45.210507001,T,KO,F I,61,71.1
2025-11-19,9:33:45.210527444,T,KO,F,100,71.1
2025-11-19,9:33:45.210530435,T,KO,F,100,71.1
2025-11-19,9:33:45.210560521,T,KO,F,205,71.09
2025-11-19,9:33:47.329876049,T,KO,I,5,71.085
2025-11-19,9:33:47.583563260,T,KO,F,409,71.07
2025-11-19,9:33:52.330666315,T,KO,I,10,71.065
2025-11-19,9:33:52.419329512,T,KO,F,409,71.05
2025-11-19,9:33:53.364857127,T,KO,I,44,71.04
2025-11-19,9:33:53.366408871,T,KO,I,31,71.04
2025-11-19,9:33:53.366408871,T,KO,I,57,71.04
2025-11-19,9:33:53.366423291,T,KO,I,1,71.04
2025-11-19,9:33:53.366648752,T,KO,F I,11,71.04
2025-11-19,9:33:54.083198470,T,KO,F I,11,71.03
2025-11-19,9:33:54.083198470,T,KO,F I,7,71.03
2025-11-19,9:33:54.083201387,T,KO,F,409,71.03
2025-11-19,9:33:55.526491783,T,KO,I,4,71.01
2025-11-19,9:33:55.526491783,T,KO,I,47,71.01
2025-11-19,9:33:55.526521834,T,KO,,362,71.01
2025-11-19,9:33:57.090123073,T,KO,F I,1,71.0
2025-11-19,9:33:57.090123073,T,KO,F I,4,71.0
2025-11-19,9:33:57.090125989,T,KO,F I,20,71.0
2025-11-19,9:33:57.090129841,T,KO,F I,20,71.0
2025-11-19,9:33:57.090129841,T,KO,F,132,71.0
2025-11-19,9:33:57.090141272,T,KO,F,176,71.0
2025-11-19,9:34:01.598502426,T,KO,,100,70.99
2025-11-19,9:34:03.243023116,T,KO,,190,70.99
2025-11-19,9:34:03.437941293,T,KO,F,110,70.99
2025-11-19,9:34:04.060619389,T,KO,,100,70.99
2025-11-19,9:34:05.020469434,T,KO,,100,70.99
2025-11-19,9:34:05.088620754,T,KO,F I,2,71.0
2025-11-19,9:34:05.109947548,T,KO,,100,71.01
2025-11-19,9:34:05.109951177,T,KO,I,50,71.0
2025-11-19,9:34:05.109951177,T,KO,,225,71.0
2025-11-19,9:34:05.109968489,T,KO,I,1,71.0
2025-11-19,9:34:05.110010832,T,KO,I,74,71.0
2025-11-19,9:34:05.110103921,T,KO,,300,71.0
2025-11-19,9:34:05.110173077,T,KO,,190,71.0
2025-11-19,9:34:05.121729565,T,KO,F I,18,71.0
2025-11-19,9:34:05.121769194,T,KO,,300,71.01
2025-11-19,9:34:05.121769194,T,KO,I,25,71.01
2025-11-19,9:34:05.121771634,T,KO,I,50,71.01
2025-11-19,9:34:05.121775029,T,KO,I,70,71.01
2025-11-19,9:34:05.384432584,T,KO,F I,50,71.01
2025-11-19,9:34:05.384432584,T,KO,F,100,71.01
2025-11-19,9:34:05.386329791,T,KO,I,50,71.01
2025-11-19,9:34:05.386453398,T,KO,I,50,71.01
2025-11-19,9:34:05.511840132,T,KO,F,100,71.0
2025-11-19,9:34:05.511842752,T,KO,F,300,71.0
2025-11-19,9:34:05.511845734,T,KO,F I,50,71.0
2025-11-19,9:34:09.628226528,T,KO,F I,47,70.99
2025-11-19,9:34:09.628236539,T,KO,F I,53,70.99
2025-11-19,9:34:09.628238700,T,KO,F I,31,70.99
2025-11-19,9:34:09.628256668,T,KO,F,169,70.99
2025-11-19,9:34:09.628259669,T,KO,F,100,70.99
2025-11-19,9:34:12.411502478,T,KO,,100,70.99
2025-11-19,9:34:12.411539237,T,KO,,100,70.99
2025-11-19,9:34:12.411541821,T,KO,I,20,71.0
2025-11-19,9:34:12.411545234,T,KO,I,25,71.0
2025-11-19,9:34:12.411545234,T,KO,I,60,71.0
2025-11-19,9:34:12.411548217,T,KO,,300,71.0
2025-11-19,9:34:12.411548217,T,KO,I,24,71.0
2025-11-19,9:34:12.411568573,T,KO,I,1,71.0
2025-11-19,9:34:15.711189240,T,KO,F I,25,70.99
2025-11-19,9:34:15.758549041,T,KO,,190,71.0
2025-11-19,9:34:19.372144815,T,KO,F I,17,71.01
2025-11-19,9:34:19.372148015,T,KO,F I,5,71.01
2025-11-19,9:34:19.372150433,T,KO,F I,2,71.01
2025-11-19,9:34:19.372165609,T,KO,F I,76,71.01
2025-11-19,9:34:19.372169066,T,KO,F,100,71.01
2025-11-19,9:34:19.372169066,T,KO,F I,7,71.01
2025-11-19,9:34:19.372171712,T,KO,,199,71.01
2025-11-19,9:34:19.372174841,T,KO,F,183,71.01
2025-11-19,9:34:19.372184058,T,KO,I,1,71.01
2025-11-19,9:34:19.372189570,T,KO,I,80,71.01
2025-11-19,9:34:19.372198544,T,KO,I,30,71.01
2025-11-19,9:34:23.789662518,T,KO,I,41,71.01
2025-11-19,9:34:23.789665518,T,KO,I,5,71.01
2025-11-19,9:34:23.789894114,T,KO,F I,59,71.0
2025-11-19,9:34:23.789897097,T,KO,F,100,71.0
2025-11-19,9:34:24.229616309,T,KO,F,100,71.01
2025-11-19,9:34:24.265221245,T,KO,F,100,71.03
2025-11-19,9:34:24.265224151,T,KO,F,100,71.03
2025-11-19,9:34:24.265239132,T,KO,I,1,71.03
2025-11-19,9:34:24.265263922,T,KO,F I,99,71.03
2025-11-19,9:34:24.271154549,T,KO,F,100,71.02
2025-11-19,9:34:24.271157302,T,KO,F I,80,71.02
2025-11-19,9:34:27.647370242,T,KO,F I,1,71.02
2025-11-19,9:34:27.647373309,T,KO,F,100,71.02
2025-11-19,9:34:27.647376690,T,KO,F,118,71.02
2025-11-19,9:34:27.647379236,T,KO,F I,10,71.02
2025-11-19,9:34:27.647379236,T,KO,F I,2,71.02
2025-11-19,9:34:27.647439463,T,KO,F I,37,71.02
2025-11-19,9:34:27.647457530,T,KO,F I,63,71.02
2025-11-19,9:34:28.591664322,T,KO,F I,10,71.03
2025-11-19,9:34:31.769287485,T,KO,F,100,71.04
2025-11-19,9:34:31.769293748,T,KO,F I,10,71.04
2025-11-19,9:34:31.769293748,T,KO,F,110,71.04
2025-11-19,9:34:31.769320612,T,KO,I,44,71.04
2025-11-19,9:34:31.769323653,T,KO,I,1,71.04
2025-11-19,9:34:34.525884183,T,KO,I,74,71.03
2025-11-19,9:34:34.526124311,T,KO,F I,39,71.03
2025-11-19,9:34:34.526400942,T,KO,F I,11,71.03
2025-11-19,9:34:34.629342085,T,KO,F I,16,71.03
2025-11-19,9:34:34.629847607,T,KO,F,100,71.02
2025-11-19,9:34:34.629847607,T,KO,F,100,71.02
2025-11-19,9:34:40.838103358,T,KO,I,3,71.01
2025-11-19,9:34:45.379008266,T,KO,I,2,71.01
2025-11-19,9:34:45.379011316,T,KO,I,98,71.0
2025-11-19,9:34:45.379026350,T,KO,I,1,71.0
2025-11-19,9:34:45.379369148,T,KO,I,1,71.0
2025-11-19,9:34:49.206894117,T,KO,F I,80,71.01
2025-11-19,9:34:49.206897122,T,KO,F I,2,71.01
2025-11-19,9:34:51.193996801,T,KO,I,11,71.03
2025-11-19,9:34:54.376289802,T,KO,,100,71.025
2025-11-19,9:34:55.327019178,T,KO,F,100,71.015
2025-11-19,9:34:56.604569937,T,KO,F,100,71.03
2025-11-19,9:34:56.604584868,T,KO,I,1,71.03
2025-11-19,9:34:56.604590982,T,KO,F I,9,71.03
2025-11-19,9:34:56.604593946,T,KO,F I,20,71.03
2025-11-19,9:35:00.011498068,T,KO,F I,10,71.04
2025-11-19,9:35:01.286017555,T,KO,I,2,71.05
2025-11-19,9:35:01.794853495,T,KO,F I,10,71.05
2025-11-19,9:35:01.794866058,T,KO,F,200,71.05
2025-11-19,9:35:01.795806848,T,KO,F I,50,71.06
2025-11-19,9:35:05.447863704,T,KO,F I,10,71.06
2025-11-19,9:35:05.447866693,T,KO,F I,90,71.06
2025-11-19,9:35:05.447875738,T,KO,F I,10,71.06
2025-11-19,9:35:05.447884687,T,KO,I,1,71.06
2025-11-19,9:35:05.448317802,T,KO,I,54,71.06
2025-11-19,9:35:05.488424247,T,KO,F,300,71.07
2025-11-19,9:35:05.488436342,T,KO,F I,25,71.07
2025-11-19,9:35:05.496318138,T,KO,F I,60,71.06
2025-11-19,9:35:05.496318138,T,KO,F I,71,71.06
2025-11-19,9:35:05.496324993,T,KO,F I,50,71.06
2025-11-19,9:35:05.496324993,T,KO,F,300,71.06
2025-11-19,9:35:05.496324993,T,KO,F,101,71.06
2025-11-19,9:35:05.496327329,T,KO,F I,25,71.06
2025-11-19,9:35:05.496751098,T,KO,F I,18,71.06
2025-11-19,9:35:05.496754186,T,KO,F I,82,71.06
2025-11-19,9:35:07.579481471,T,KO,I,15,71.06
2025-11-19,9:35:09.490782635,T,KO,F,100,71.04
2025-11-19,9:35:09.490800986,T,KO,I,1,71.04
2025-11-19,9:35:09.491871138,T,KO,I,56,71.04
2025-11-19,9:35:09.521816443,T,KO,I,29,71.05
2025-11-19,9:35:09.521966809,T,KO,F I,45,71.05
2025-11-19,9:35:09.549428248,T,KO,I,70,71.06
2025-11-19,9:35:09.549431455,T,KO,I,2,71.06
2025-11-19,9:35:09.549431455,T,KO,,100,71.06
2025-11-19,9:35:09.549434371,T,KO,,100,71.06
2025-11-19,9:35:09.551187500,T,KO,F,100,71.07
2025-11-19,9:35:09.551208475,T,KO,F,300,71.07
2025-11-19,9:35:09.622796945,T,KO,,100,71.07
2025-11-19,9:35:09.812533837,T,KO,,100,71.07
2025-11-19,9:35:11.159093153,T,KO,F,100,71.08
2025-11-19,9:35:11.159111075,T,KO,I,1,71.08
2025-11-19,9:35:12.268546402,T,KO,I,6,71.085
2025-11-19,9:35:14.094134301,T,KO,I,19,71.085
2025-11-19,9:35:19.596582290,T,KO,F I,2,71.1
2025-11-19,9:35:19.596585224,T,KO,F I,6,71.1
2025-11-19,9:35:22.163667244,T,KO,I,4,71.105
2025-11-19,9:35:22.682093001,T,KO,F I,8,71.12
2025-11-19,9:35:23.863549905,T,KO,,100,71.11
2025-11-19,9:35:25.704381071,T,KO,F,100,71.12
2025-11-19,9:35:25.704396045,T,KO,I,1,71.12
2025-11-19,9:35:25.704540869,T,KO,F I,62,71.11
2025-11-19,9:35:25.704543472,T,KO,F I,25,71.11
2025-11-19,9:35:25.705039580,T,KO,F I,25,71.1
2025-11-19,9:35:25.705043199,T,KO,F I,50,71.1
2025-11-19,9:35:25.705045634,T,KO,F I,70,71.1
2025-11-19,9:35:25.706035174,T,KO,F,100,71.1
2025-11-19,9:35:25.706035174,T,KO,F I,10,71.1
2025-11-19,9:35:25.706038392,T,KO,F I,2,71.1
2025-11-19,9:35:25.706083148,T,KO,,100,71.1
2025-11-19,9:35:25.707177851,T,KO,F I,2,71.11
2025-11-19,9:35:25.707180702,T,KO,F,270,71.11
2025-11-19,9:35:25.707183711,T,KO,F I,30,71.11
2025-11-19,9:35:25.715423305,T,KO,I,14,71.12
2025-11-19,9:35:25.715423305,T,KO,I,25,71.12
2025-11-19,9:35:25.715805266,T,KO,I,3,71.12
2025-11-19,9:35:25.744968729,T,KO,F I,1,71.12
2025-11-19,9:35:26.685178978,T,KO,F I,50,71.12
2025-11-19,9:35:31.532378816,T,KO,I,74,71.11
2025-11-19,9:35:31.532378816,T,KO,I,69,71.11
2025-11-19,9:35:31.532393912,T,KO,I,1,71.11
2025-11-19,9:35:31.532411646,T,KO,I,20,71.11
2025-11-19,9:35:31.532414636,T,KO,,190,71.11
2025-11-19,9:35:31.532459779,T,KO,I,74,71.11
2025-11-19,9:35:31.532459779,T,KO,I,1,71.11
2025-11-19,9:35:31.532465813,T,KO,I,20,71.11
2025-11-19,9:35:31.532607273,T,KO,I,1,71.11
2025-11-19,9:35:31.532610155,T,KO,I,74,71.11
2025-11-19,9:35:31.532610155,T,KO,I,5,71.11
2025-11-19,9:35:31.532628642,T,KO,I,79,71.11
2025-11-19,9:35:31.532829668,T,KO,F I,74,71.11
2025-11-19,9:35:31.532832769,T,KO,F,100,71.11
2025-11-19,9:35:31.532832769,T,KO,F,264,71.11
2025-11-19,9:35:31.532850720,T,KO,I,1,71.11
2025-11-19,9:35:31.532860113,T,KO,I,35,71.11
2025-11-19,9:35:31.532862671,T,KO,I,1,71.11
2025-11-19,9:35:31.533109278,T,KO,F I,42,71.11
2025-11-19,9:35:32.120161371,T,KO,F I,82,71.12
2025-11-19,9:35:32.120239573,T,KO,F I,74,71.12
2025-11-19,9:35:32.120378240,T,KO,F I,10,71.12
2025-11-19,9:35:32.120380905,T,KO,F I,39,71.12
2025-11-19,9:35:32.120398983,T,KO,I,4,71.12
2025-11-19,9:35:33.492933895,T,KO,I,52,71.11
2025-11-19,9:35:35.262908094,T,KO,F I,2,71.11
2025-11-19,9:35:35.262908094,T,KO,F I,45,71.11
2025-11-19,9:35:35.262910414,T,KO,F I,2,71.11
2025-11-19,9:35:35.262951781,T,KO,,300,71.12
2025-11-19,9:35:35.262951781,T,KO,,100,71.12
2025-11-19,9:35:35.262955454,T,KO,I,93,71.12
2025-11-19,9:35:35.262967526,T,KO,I,1,71.12
2025-11-19,9:35:35.262973533,T,KO,F I,6,71.12
2025-11-19,9:35:35.889566847,T,KO,,100,71.11
2025-11-19,9:35:36.264487815,T,KO,F,107,71.1
2025-11-19,9:35:36.264499870,T,KO,I,1,71.1
2025-11-19,9:35:36.264509617,T,KO,,100,71.1
2025-11-19,9:35:36.264511918,T,KO,,192,71.1
2025-11-19,9:35:36.265242624,T,KO,I,72,71.1
2025-11-19,9:35:36.265306242,T,KO,,200,71.105
2025-11-19,9:35:36.265309301,T,KO,I,20,71.105
2025-11-19,9:35:36.265315236,T,KO,I,25,71.11
2025-11-19,9:35:36.265315236,T,KO,,100,71.11
2025-11-19,9:35:36.265315236,T,KO,,300,71.11
2025-11-19,9:35:36.265317819,T,KO,I,13,71.11
2025-11-19,9:35:36.265365899,T,KO,I,2,71.11
2025-11-19,9:35:36.265368952,T,KO,I,12,71.11
2025-11-19,9:35:36.265372643,T,KO,I,10,71.11
2025-11-19,9:35:36.265372643,T,KO,I,27,71.11
2025-11-19,9:35:36.267167612,T,KO,F I,72,71.11
2025-11-19,9:35:36.267170257,T,KO,F I,72,71.11
2025-11-19,9:35:36.269022576,T,KO,F I,72,71.11
2025-11-19,9:35:36.269022576,T,KO,F I,28,71.11
2025-11-19,9:35:39.873416161,T,KO,I,44,71.1
2025-11-19,9:35:39.914689395,T,KO,I,6,71.1
2025-11-19,9:35:40.552394183,T,KO,I,50,71.09
2025-11-19,9:35:40.552397265,T,KO,,184,71.09
2025-11-19,9:35:40.552415482,T,KO,I,1,71.09
2025-11-19,9:35:40.552421684,T,KO,,115,71.09
2025-11-19,9:35:40.552421684,T,KO,I,25,71.09
2025-11-19,9:35:41.187603007,T,KO,F I,47,71.1
2025-11-19,9:35:41.202614842,T,KO,F,100,71.11
2025-11-19,9:35:41.202641869,T,KO,F,100,71.11
2025-11-19,9:35:41.202641869,T,KO,F I,88,71.11
2025-11-19,9:35:41.226193962,T,KO,I,4,71.11
2025-11-19,9:35:41.291963673,T,KO,I,1,71.11
2025-11-19,9:35:41.734476580,T,KO,F I,25,71.1
2025-11-19,9:35:41.734476580,T,KO,F I,50,71.1
2025-11-19,9:35:44.310026685,T,KO,,300,71.09
2025-11-19,9:35:45.779716954,T,KO,F I,20,71.08
2025-11-19,9:35:48.907667703,T,KO,F I,48,71.09
2025-11-19,9:35:48.907679705,T,KO,F I,2,71.09
2025-11-19,9:35:54.587267553,T,KO,F I,40,71.09
2025-11-19,9:35:54.978520489,T,KO,I,1,71.09
2025-11-19,9:35:55.844150106,T,KO,I,3,71.09
2025-11-19,9:35:58.535208324,T,KO,F I,2,71.1
2025-11-19,9:35:58.538612366,T,KO,F,100,71.105
2025-11-19,9:35:58.906845453,T,KO,I,18,71.105
2025-11-19,9:36:01.082665550,T,KO,F I,94,71.1
2025-11-19,9:36:02.001717631,T,KO,I,88,71.11
2025-11-19,9:36:02.001717631,T,KO,,100,71.11
2025-11-19,9:36:02.543950804,T,KO,,100,71.12
2025-11-19,9:36:02.621983738,T,KO,,300,71.12
2025-11-19,9:36:02.634024411,T,KO,,350,71.12
2025-11-19,9:36:02.701865989,T,KO,I,50,71.12
2025-11-19,9:36:03.938134345,T,KO,F I,10,71.13
2025-11-19,9:36:03.938137471,T,KO,F,277,71.13
2025-11-19,9:36:03.938137471,T,KO,F I,13,71.13
2025-11-19,9:36:03.938152294,T,KO,I,1,71.13
2025-11-19,9:36:03.965869669,T,KO,,300,71.135
2025-11-19,9:36:03.965872286,T,KO,,100,71.14
2025-11-19,9:36:04.052162857,T,KO,F I,19,71.135
2025-11-19,9:36:04.064639613,T,KO,F I,1,71.14
2025-11-19,9:36:04.078719118,T,KO,F I,1,71.135
2025-11-19,9:36:04.105329518,T,KO,I,23,71.13
2025-11-19,9:36:04.106966112,T,KO,F I,2,71.14
2025-11-19,9:36:04.107034496,T,KO,F I,66,71.13
2025-11-19,9:36:04.122765023,T,KO,F I,22,71.13
2025-11-19,9:36:04.122783006,T,KO,F I,1,71.13
2025-11-19,9:36:04.137590363,T,KO,F I,2,71.13
2025-11-19,9:36:04.399718560,T,KO,F I,2,71.12
2025-11-19,9:36:04.546766475,T,KO,I,50,71.11
2025-11-19,9:36:04.546766475,T,KO,I,66,71.11
2025-11-19,9:36:04.546768828,T,KO,I,10,71.11
2025-11-19,9:36:07.395050484,T,KO,F I,50,71.11
2025-11-19,9:36:07.395053921,T,KO,F I,25,71.11
2025-11-19,9:36:07.395098578,T,KO,I,49,71.11
2025-11-19,9:36:07.395116647,T,KO,I,24,71.11
2025-11-19,9:36:07.395149704,T,KO,F I,1,71.11
2025-11-19,9:36:07.395168506,T,KO,F I,1,71.11
2025-11-19,9:36:07.395170773,T,KO,F I,1,71.11
2025-11-19,9:36:07.395176834,T,KO,F I,1,71.11
2025-11-19,9:36:07.395176834,T,KO,F I,1,71.11
2025-11-19,9:36:07.395179778,T,KO,F I,1,71.11
2025-11-19,9:36:07.395218920,T,KO,F I,25,71.11
2025-11-19,9:36:11.370855489,T,KO,F I,73,71.11
2025-11-19,9:36:11.370855489,T,KO,F I,50,71.11
2025-11-19,9:36:11.370858529,T,KO,F I,10,71.11
2025-11-19,9:36:11.370898033,T,KO,I,25,71.11
2025-11-19,9:36:11.370898033,T,KO,I,1,71.11
2025-11-19,9:36:11.370903770,T,KO,,100,71.11
2025-11-19,9:36:11.370903770,T,KO,I,24,71.11
2025-11-19,9:36:11.370915705,T,KO,I,45,71.11
2025-11-19,9:36:11.370919611,T,KO,,239,71.11
2025-11-19,9:36:11.370927710,T,KO,,100,71.11
2025-11-19,9:36:11.370927710,T,KO,I,68,71.11
2025-11-19,9:36:11.389794764,T,KO,I,1,71.11
2025-11-19,9:36:11.963727093,T,KO,F I,1,71.11
2025-11-19,9:36:11.963727093,T,KO,F I,50,71.11
2025-11-19,9:36:11.963729553,T,KO,F I,18,71.11
2025-11-19,9:36:11.963789663,T,KO,I,60,71.11
2025-11-19,9:36:11.963819775,T,KO,I,8,71.11
2025-11-19,9:36:11.964183679,T,KO,,100,71.11
2025-11-19,9:36:11.966282782,T,KO,F I,4,71.11
2025-11-19,9:36:15.217497050,T,KO,I,64,71.11
2025-11-19,9:36:15.217497050,T,KO,I,2,71.11
2025-11-19,9:36:15.217536088,T,KO,I,66,71.11
2025-11-19,9:36:15.245153917,T,KO,I,66,71.11
2025-11-19,9:36:15.245198983,T,KO,I,19,71.11
2025-11-19,9:36:15.245259118,T,KO,F I,47,71.11
2025-11-19,9:36:15.331886375,T,KO,,100,71.11
2025-11-19,9:36:15.331886375,T,KO,I,39,71.11
2025-11-19,9:36:15.331910990,T,KO,F I,27,71.11
2025-11-19,9:36:15.331910990,T,KO,F I,19,71.11
2025-11-19,9:36:15.331913560,T,KO,F I,1,71.11
2025-11-19,9:36:15.331913560,T,KO,F I,6,71.11
2025-11-19,9:36:15.331919463,T,KO,F I,28,71.11
2025-11-19,9:36:15.331922547,T,KO,F I,19,71.11
2025-11-19,9:36:15.332051880,T,KO,F I,66,71.11
2025-11-19,9:36:15.332051880,T,KO,F,100,71.11
2025-11-19,9:36:15.332072858,T,KO,I,1,71.11
2025-11-19,9:36:15.332076521,T,KO,I,66,71.11
2025-11-19,9:36:15.332076521,T,KO,I,49,71.11
2025-11-19,9:36:15.332079611,T,KO,I,1,71.11
2025-11-19,9:36:15.332460826,T,KO,I,66,71.11
2025-11-19,9:36:15.332464843,T,KO,,100,71.11
2025-11-19,9:36:15.332469792,T,KO,I,66,71.11
2025-11-19,9:36:15.332469792,T,KO,,100,71.11
2025-11-19,9:36:19.027198453,T,KO,I,33,71.125
2025-11-19,9:36:19.081604009,T,KO,F I,1,71.14
2025-11-19,9:36:19.081961955,T,KO,I,2,71.14
2025-11-19,9:36:19.081961955,T,KO,I,24,71.14
2025-11-19,9:36:19.082082364,T,KO,F I,69,71.13
2025-11-19,9:36:19.082082364,T,KO,F I,3,71.13
2025-11-19,9:36:19.082103953,T,KO,I,98,71.13
2025-11-19,9:36:19.082109280,T,KO,I,66,71.13
2025-11-19,9:36:19.082112205,T,KO,,300,71.13
2025-11-19,9:36:19.083700041,T,KO,F,100,71.12
2025-11-19,9:36:19.083700041,T,KO,F I,43,71.12
2025-11-19,9:36:19.092640391,T,KO,,300,71.11
2025-11-19,9:36:19.101601695,T,KO,F I,69,71.12
2025-11-19,9:36:19.101604864,T,KO,F I,83,71.12
2025-11-19,9:36:19.101622763,T,KO,I,1,71.12
2025-11-19,9:36:19.121791726,T,KO,F I,15,71.12
2025-11-19,9:36:19.121821899,T,KO,,200,71.12
2025-11-19,9:36:19.121825083,T,KO,,100,71.12
2025-11-19,9:36:19.121825083,T,KO,,100,71.12
2025-11-19,9:36:19.127051319,T,KO,I,4,71.125
2025-11-19,9:36:19.135627661,T,KO,F I,42,71.125
2025-11-19,9:36:19.148588566,T,KO,F I,5,71.125
2025-11-19,9:36:20.860084791,T,KO,,100,71.11
2025-11-19,9:36:20.886232024,T,KO,,300,71.11
2025-11-19,9:36:20.886235059,T,KO,I,31,71.11
2025-11-19,9:36:20.886253070,T,KO,I,1,71.11
2025-11-19,9:36:20.886268404,T,KO,I,1,71.11
2025-11-19,9:36:20.886310182,T,KO,I,80,71.12
2025-11-19,9:36:21.146841728,T,KO,F I,99,71.13
2025-11-19,9:36:21.146856726,T,KO,I,1,71.13
2025-11-19,9:36:22.949491034,T,KO,F I,10,71.125
2025-11-19,9:36:22.959727460,T,KO,F I,1,71.125
2025-11-19,9:36:23.898629642,T,KO,I,36,71.12
2025-11-19,9:36:23.898644772,T,KO,F I,44,71.12
2025-11-19,9:36:24.232812543,T,KO,F I,8,71.11
2025-11-19,9:36:24.731442053,T,KO,F I,1,71.12
2025-11-19,9:36:27.246094163,T,KO,F,100,71.1
2025-11-19,9:36:27.246094163,T,KO,F,100,71.1
2025-11-19,9:36:27.246097598,T,KO,F,100,71.1
2025-11-19,9:36:27.246097598,T,KO,F,100,71.1
2025-11-19,9:36:27.246100993,T,KO,F,100,71.1
2025-11-19,9:36:27.273044878,T,KO,F,100,71.09
2025-11-19,9:36:27.273047426,T,KO,F I,81,71.09
2025-11-19,9:36:29.922492500,T,KO,F I,1,71.08
2025-11-19,9:36:29.935754037,T,KO,F I,27,71.075
2025-11-19,9:36:29.947298563,T,KO,F I,1,71.08
2025-11-19,9:36:29.947298563,T,KO,F I,2,71.08
2025-11-19,9:36:31.869091688,T,KO,F I,17,71.08
2025-11-19,9:36:33.871612030,T,KO,F,100,71.07
2025-11-19,9:36:33.896376113,T,KO,I,17,71.07
2025-11-19,9:36:33.896418130,T,KO,I,68,71.06
2025-11-19,9:36:33.896422140,T,KO,,100,71.06
2025-11-19,9:36:33.896422140,T,KO,I,24,71.06
2025-11-19,9:36:33.896439123,T,KO,I,1,71.06
2025-11-19,9:36:33.901455135,T,KO,F I,24,71.07
2025-11-19,9:36:33.901458633,T,KO,F I,68,71.07
2025-11-19,9:36:33.901458633,T,KO,F I,1,71.07
2025-11-19,9:36:33.901462114,T,KO,F I,25,71.07
2025-11-19,9:36:33.901462114,T,KO,F I,98,71.07
2025-11-19,9:36:33.901476184,T,KO,I,1,71.07
2025-11-19,9:36:33.901494150,T,KO,I,1,71.07
2025-11-19,9:36:33.920241398,T,KO,F I,2,71.08
2025-11-19,9:36:33.920241398,T,KO,F I,20,71.08
2025-11-19,9:36:37.873161453,T,KO,F,300,71.07
2025-11-19,9:36:37.910582546,T,KO,F I,35,71.08
2025-11-19,9:36:37.910663724,T,KO,F I,72,71.07
2025-11-19,9:36:37.910694749,T,KO,F I,25,71.07
2025-11-19,9:36:37.910694749,T,KO,F I,10,71.07
2025-11-19,9:36:37.942828371,T,KO,F I,14,71.07
2025-11-19,9:36:37.950914585,T,KO,I,28,71.07
2025-11-19,9:36:37.957181573,T,KO,,100,71.065
2025-11-19,9:36:37.970301755,T,KO,F I,14,71.07
2025-11-19,9:36:37.989279978,T,KO,F I,1,71.07
2025-11-19,9:36:38.032189221,T,KO,,100,71.065
2025-11-19,9:36:38.072689673,T,KO,F I,10,71.07
2025-11-19,9:36:38.105921877,T,KO,F I,1,71.07
2025-11-19,9:36:38.105952547,T,KO,I,72,71.07
2025-11-19,9:36:38.105952547,T,KO,I,50,71.07
2025-11-19,9:36:38.105954901,T,KO,I,1,71.07
2025-11-19,9:36:38.106051568,T,KO,F I,68,71.07
2025-11-19,9:36:38.106054092,T,KO,F,100,71.07
2025-11-19,9:36:38.106072156,T,KO,I,1,71.07
2025-11-19,9:36:38.114979370,T,KO,,100,71.065
2025-11-19,9:36:38.142007828,T,KO,F I,45,71.07
2025-11-19,9:36:38.174960313,T,KO,F I,1,71.07
2025-11-19,9:36:38.174960313,T,KO,F I,3,71.07
2025-11-19,9:36:38.197044837,T,KO,F I,1,71.07
2025-11-19,9:36:39.213167983,T,KO,,100,71.065
2025-11-19,9:36:39.228729954,T,KO,,100,71.065
2025-11-19,9:36:39.257764213,T,KO,F I,20,71.07
2025-11-19,9:36:39.257785151,T,KO,F I,80,71.07
2025-11-19,9:36:39.362527619,T,KO,I,5,71.08
2025-11-19,9:36:39.457981008,T,KO,F I,1,71.07
2025-11-19,9:36:39.457984143,T,KO,F,100,71.07
2025-11-19,9:36:39.457987322,T,KO,F I,18,71.07
2025-11-19,9:36:39.457989955,T,KO,F I,25,71.07
2025-11-19,9:36:39.457989955,T,KO,F,300,71.07
2025-11-19,9:36:39.457992998,T,KO,F I,50,71.07
2025-11-19,9:36:39.463859956,T,KO,,100,71.065
2025-11-19,9:36:39.482540492,T,KO,F I,60,71.07
2025-11-19,9:36:39.498051465,T,KO,F I,6,71.07
2025-11-19,9:36:39.547747723,T,KO,I,82,71.065
2025-11-19,9:36:39.566509777,T,KO,F I,2,71.07
2025-11-19,9:36:39.566509777,T,KO,F I,1,71.07
2025-11-19,9:36:39.566512490,T,KO,F I,2,71.07
2025-11-19,9:36:39.744416181,T,KO,F I,1,71.09
2025-11-19,9:36:40.206941723,T,KO,F I,68,71.08
2025-11-19,9:36:40.247403101,T,KO,F I,7,71.08
2025-11-19,9:36:40.247436236,T,KO,I,1,71.08
2025-11-19,9:36:40.261593868,T,KO,F I,1,71.09
2025-11-19,9:36:46.812585821,T,KO,F I,1,71.09
2025-11-19,9:36:46.812660360,T,KO,F I,73,71.08
2025-11-19,9:36:46.812795688,T,KO,F I,8,71.08
2025-11-19,9:36:46.833409837,T,KO,F I,8,71.08
2025-11-19,9:36:46.833440013,T,KO,I,1,71.08
2025-11-19,9:36:46.844425006,T,KO,F I,1,71.08
2025-11-19,9:36:47.495136117,T,KO,I,8,71.07
2025-11-19,9:36:47.495138955,T,KO,I,1,71.07
2025-11-19,9:36:47.495141802,T,KO,I,72,71.07
2025-11-19,9:36:47.519271292,T,KO,F I,8,71.08
2025-11-19,9:36:47.533023020,T,KO,F I,1,71.08
2025-11-19,9:36:47.642234175,T,KO,F I,64,71.08
2025-11-19,9:36:47.642399535,T,KO,F I,67,71.08
2025-11-19,9:36:47.642402549,T,KO,F I,1,71.08
2025-11-19,9:36:47.652969745,T,KO,F I,13,71.08
2025-11-19,9:36:47.652994112,T,KO,F I,54,71.08
2025-11-19,9:36:47.652994112,T,KO,F I,1,71.08
2025-11-19,9:36:47.653000398,T,KO,F I,66,71.08
2025-11-19,9:36:47.653000398,T,KO,F I,1,71.08
2025-11-19,9:36:47.653000398,T,KO,F I,25,71.08
2025-11-19,9:36:47.653003001,T,KO,F I,50,71.08
2025-11-19,9:36:47.653111055,T,KO,F,100,71.08
2025-11-19,9:36:47.653113991,T,KO,F I,67,71.08
2025-11-19,9:36:47.653132094,T,KO,I,1,71.08
2025-11-19,9:36:47.653138221,T,KO,F,300,71.08
2025-11-19,9:36:47.653141238,T,KO,F I,68,71.08
2025-11-19,9:36:47.653219295,T,KO,,100,71.08
2025-11-19,9:36:47.653243818,T,KO,F I,67,71.08
2025-11-19,9:36:47.653247261,T,KO,F,100,71.08
2025-11-19,9:36:47.653249421,T,KO,F,100,71.08
2025-11-19,9:36:47.653252331,T,KO,F,100,71.08
2025-11-19,9:36:47.653255712,T,KO,F,300,71.08
2025-11-19,9:36:47.653255712,T,KO,F I,50,71.08
2025-11-19,9:36:47.653300438,T,KO,F,100,71.08
2025-11-19,9:36:47.653306841,T,KO,F I,67,71.08
2025-11-19,9:36:47.653306841,T,KO,F I,67,71.08
2025-11-19,9:36:47.653306841,T,KO,F I,10,71.08
2025-11-19,9:36:47.653309848,T,KO,F I,22,71.08
2025-11-19,9:36:47.653724438,T,KO,F,100,71.08
2025-11-19,9:36:47.653724438,T,KO,F I,16,71.08
2025-11-19,9:36:47.653751515,T,KO,I,16,71.08
2025-11-19,9:36:47.653778659,T,KO,I,2,71.08
2025-11-19,9:36:47.657763359,T,KO,I,50,71.09
2025-11-19,9:36:47.657763359,T,KO,I,67,71.09
2025-11-19,9:36:47.753270525,T,KO,,100,71.095
2025-11-19,9:36:47.756891246,T,KO,F I,24,71.1
2025-11-19,9:36:47.756924242,T,KO,I,3,71.1
2025-11-19,9:36:47.770167850,T,KO,F I,2,71.1
2025-11-19,9:36:47.781480747,T,KO,F I,11,71.1
2025-11-19,9:36:47.795274633,T,KO,F I,1,71.1
2025-11-19,9:36:53.698959337,T,KO,,100,71.09
2025-11-19,9:36:54.399877753,T,KO,F I,90,71.08
2025-11-19,9:36:54.409960703,T,KO,F I,9,71.09
2025-11-19,9:36:54.420191107,T,KO,F I,1,71.09
2025-11-19,9:36:54.427604073,T,KO,I,9,71.08
2025-11-19,9:36:54.427604073,T,KO,I,1,71.08
2025-11-19,9:36:54.427609710,T,KO,I,50,71.08
2025-11-19,9:36:54.427609710,T,KO,I,22,71.08
2025-11-19,9:36:54.431973167,T,KO,F I,8,71.09
2025-11-19,9:36:54.445081338,T,KO,F I,1,71.09
2025-11-19,9:36:55.178263593,T,KO,F I,50,71.08
2025-11-19,9:36:55.208599861,T,KO,F I,20,71.075
2025-11-19,9:36:55.220111225,T,KO,F I,2,71.08
2025-11-19,9:36:55.245702176,T,KO,F,200,71.07
2025-11-19,9:36:55.245702176,T,KO,F I,50,71.07
2025-11-19,9:36:55.245723721,T,KO,I,1,71.07
2025-11-19,9:36:55.245777400,T,KO,I,70,71.07
2025-11-19,9:36:55.245777400,T,KO,,100,71.07
2025-11-19,9:36:55.245780383,T,KO,I,1,71.07
2025-11-19,9:36:55.255589673,T,KO,F I,70,71.08
2025-11-19,9:36:55.271705145,T,KO,F I,75,71.075
2025-11-19,9:36:55.286939343,T,KO,F I,7,71.075
2025-11-19,9:36:55.300053580,T,KO,F I,1,71.08
2025-11-19,9:36:55.909415936,T,KO,F,100,71.07
2025-11-19,9:36:55.909418901,T,KO,F I,1,71.07
2025-11-19,9:36:55.937511825,T,KO,F I,10,71.07
2025-11-19,9:36:55.937523821,T,KO,I,1,71.07
2025-11-19,9:36:55.952093522,T,KO,F I,1,71.07
2025-11-19,9:36:57.898034085,T,KO,,100,71.07
2025-11-19,9:36:57.929681520,T,KO,F I,1,71.07
2025-11-19,9:36:58.512316197,T,KO,I,90,71.07
2025-11-19,9:36:58.539567016,T,KO,F I,9,71.07
2025-11-19,9:36:58.563925033,T,KO,F I,1,71.08
2025-11-19,9:36:58.564009314,T,KO,F I,76,71.07
2025-11-19,9:36:58.564033371,T,KO,F I,12,71.07
2025-11-19,9:36:58.586677201,T,KO,F I,10,71.07
2025-11-19,9:36:58.586707271,T,KO,I,1,71.07
2025-11-19,9:36:58.610033829,T,KO,F I,1,71.07
2025-11-19,9:36:58.764120841,T,KO,I,15,71.07
2025-11-19,9:36:58.784046324,T,KO,F I,2,71.07
2025-11-19,9:37:00.518839190,T,KO,I,50,71.06
2025-11-19,9:37:00.518839190,T,KO,I,12,71.06
2025-11-19,9:37:01.304571424,T,KO,I,1,71.065
2025-11-19,9:37:04.125188048,T,KO,F I,1,71.06
2025-11-19,9:37:04.125193255,T,KO,F,200,71.06
2025-11-19,9:37:04.168403019,T,KO,I,1,71.05
2025-11-19,9:37:04.198988857,T,KO,I,1,71.04
2025-11-19,9:37:06.576267849,T,KO,,100,71.035
2025-11-19,9:37:07.269686320,T,KO,F I,5,71.04
2025-11-19,9:37:07.269692291,T,KO,F I,1,71.04
2025-11-19,9:37:07.269713380,T,KO,F I,1,71.04
2025-11-19,9:37:07.269716340,T,KO,I,1,71.04
2025-11-19,9:37:08.714871508,T,KO,F I,51,71.04
2025-11-19,9:37:08.714877462,T,KO,F I,2,71.04
2025-11-19,9:37:08.714877462,T,KO,F,100,71.04
2025-11-19,9:37:10.795126713,T,KO,I,1,71.05
2025-11-19,9:37:11.035708944,T,KO,I,25,71.04
2025-11-19,9:37:11.035708944,T,KO,I,81,71.04
2025-11-19,9:37:11.035723770,T,KO,I,1,71.04
2025-11-19,9:37:11.760368585,T,KO,I,2,71.045
2025-11-19,9:37:13.295777499,T,KO,I,3,71.045
2025-11-19,9:37:15.868227811,T,KO,I,20,71.04
2025-11-19,9:37:15.868230273,T,KO,I,25,71.04
2025-11-19,9:37:15.869258721,T,KO,F I,68,71.04
2025-11-19,9:37:15.869262021,T,KO,F I,1,71.04
2025-11-19,9:37:15.869264723,T,KO,F I,10,71.04
2025-11-19,9:37:19.701691594,T,KO,F,100,71.03
2025-11-19,9:37:19.701694511,T,KO,F,100,71.03
2025-11-19,9:37:19.701712525,T,KO,I,1,71.03
2025-11-19,9:37:19.701712525,T,KO,I,99,71.03
2025-11-19,9:37:19.701715891,T,KO,I,9,71.03
2025-11-19,9:37:19.701715891,T,KO,F I,50,71.03
2025-11-19,9:37:19.701733623,T,KO,F I,10,71.03
2025-11-19,9:37:21.962608097,T,KO,I,68,71.02
2025-11-19,9:37:21.962611134,T,KO,I,8,71.02
2025-11-19,9:37:26.810652629,T,KO,F,100,71.0
2025-11-19,9:37:26.810655553,T,KO,F,200,71.0
2025-11-19,9:37:26.810668136,T,KO,I,1,71.0
2025-11-19,9:37:26.810680176,T,KO,F I,50,71.0
2025-11-19,9:37:26.923595547,T,KO,F I,67,71.0
2025-11-19,9:37:26.923598755,T,KO,F I,13,71.0
2025-11-19,9:37:26.923598755,T,KO,F,100,71.0
2025-11-19,9:37:26.923601511,T,KO,F I,25,71.0
2025-11-19,9:37:27.436569250,T,KO,F I,13,71.0
2025-11-19,9:37:27.436572942,T,KO,F I,67,71.0
2025-11-19,9:37:27.439501309,T,KO,I,10,71.0
2025-11-19,9:37:27.472270269,T,KO,I,10,71.0
2025-11-19,9:37:27.472270269,T,KO,I,90,71.0
2025-11-19,9:37:27.516484632,T,KO,F I,68,71.0
2025-11-19,9:37:27.516484632,T,KO,F I,1,71.0
2025-11-19,9:37:27.516487640,T,KO,F,100,71.0
2025-11-19,9:37:28.098677257,T,KO,I,74,71.01
2025-11-19,9:37:28.610436205,T,KO,F I,1,71.0
2025-11-19,9:37:28.610439264,T,KO,F I,68,71.0
2025-11-19,9:37:28.610442409,T,KO,F I,74,71.0
2025-11-19,9:37:28.610442409,T,KO,F I,25,71.0
2025-11-19,9:37:30.412904995,T,KO,I,80,71.0
2025-11-19,9:37:30.412944109,T,KO,I,50,71.0
2025-11-19,9:37:30.412947090,T,KO,I,2,71.0
2025-11-19,9:37:31.109640469,T,KO,I,50,71.0
2025-11-19,9:37:31.297780515,T,KO,I,2,71.005
2025-11-19,9:37:31.707993506,T,KO,F I,49,71.0
2025-11-19,9:37:31.716804857,T,KO,I,1,71.0
2025-11-19,9:37:31.716804857,T,KO,I,68,71.0
2025-11-19,9:37:31.716807459,T,KO,I,50,71.0
2025-11-19,9:37:32.708004232,T,KO,F I,1,71.0
2025-11-19,9:37:32.708007190,T,KO,F I,68,71.0
2025-11-19,9:37:33.796542794,T,KO,I,1,71.0
2025-11-19,9:37:33.796542794,T,KO,I,30,71.0
2025-11-19,9:37:36.210731461,T,KO,F I,1,71.01
2025-11-19,9:37:42.680911969,T,KO,F,100,71.03
2025-11-19,9:37:42.680911969,T,KO,F I,10,71.03
2025-11-19,9:37:45.448853624,T,KO,I,2,71.025
2025-11-19,9:37:51.334314772,T,KO,I,2,71.025
2025-11-19,9:37:52.894867368,T,KO,F,100,71.02
2025-11-19,9:37:52.894867368,T,KO,F,100,71.02
2025-11-19,9:37:52.894869674,T,KO,F I,25,71.02
2025-11-19,9:37:52.894885201,T,KO,I,1,71.02
2025-11-19,9:37:52.894885201,T,KO,I,99,71.02
2025-11-19,9:37:52.894887801,T,KO,I,21,71.02
2025-11-19,9:37:52.894911778,T,KO,I,79,71.02
2025-11-19,9:37:52.894936493,T,KO,I,10,71.02
2025-11-19,9:37:52.919083329,T,KO,F I,1,71.02
2025-11-19,9:37:52.919086340,T,KO,F I,25,71.02
2025-11-19,9:37:52.919089332,T,KO,F I,18,71.02
2025-11-19,9:37:52.921879954,T,KO,,100,71.015
2025-11-19,9:37:53.776467344,T,KO,F I,32,71.02
2025-11-19,9:37:53.776473309,T,KO,F I,50,71.02
2025-11-19,9:37:53.776506361,T,KO,I,61,71.02
2025-11-19,9:37:53.776510185,T,KO,,100,71.02
2025-11-19,9:37:53.776512388,T,KO,I,1,71.02
2025-11-19,9:37:53.776512388,T,KO,I,24,71.02
2025-11-19,9:37:53.833086108,T,KO,F I,50,71.02
2025-11-19,9:37:53.833086108,T,KO,F I,17,71.02
2025-11-19,9:37:56.366980991,T,KO,I,44,71.01
2025-11-19,9:37:56.366987293,T,KO,I,1,71.01
2025-11-19,9:37:56.366987293,T,KO,I,25,71.01
2025-11-19,9:37:56.366987293,T,KO,I,1,71.01
2025-11-19,9:37:56.366990027,T,KO,I,20,71.01
2025-11-19,9:37:56.384798390,T,KO,F I,2,71.02
2025-11-19,9:37:56.384798390,T,KO,F I,18,71.02
2025-11-19,9:37:56.384819424,T,KO,I,82,71.02
2025-11-19,9:37:56.384819424,T,KO,I,50,71.02
2025-11-19,9:37:59.783757540,T,KO,F I,50,71.01
2025-11-19,9:37:59.783766562,T,KO,F I,50,71.01
2025-11-19,9:37:59.783998199,T,KO,F I,12,71.01
2025-11-19,9:37:59.784016204,T,KO,I,50,71.01
2025-11-19,9:37:59.784037195,T,KO,F I,50,71.01
2025-11-19,9:37:59.824970673,T,KO,F I,17,71.03
2025-11-19,9:38:00.174565383,T,KO,F I,82,71.025
2025-11-19,9:38:00.202240307,T,KO,F I,9,71.03
2025-11-19,9:38:08.627550679,T,KO,I,1,71.04
2025-11-19,9:38:09.946816638,T,KO,F I,50,71.03
2025-11-19,9:38:09.980108865,T,KO,F I,15,71.03
2025-11-19,9:38:09.980135989,T,KO,I,10,71.03
2025-11-19,9:38:09.993262223,T,KO,F I,3,71.03
2025-11-19,9:38:11.680304355,T,KO,F I,18,71.04
2025-11-19,9:38:11.680304355,T,KO,F I,10,71.04
2025-11-19,9:38:11.693048654,T,KO,F I,34,71.03
2025-11-19,9:38:11.706638083,T,KO,F I,4,71.03
2025-11-19,9:38:12.150723711,T,KO,,100,71.03
2025-11-19,9:38:12.168742585,T,KO,F I,10,71.03
2025-11-19,9:38:12.190171899,T,KO,,252,71.035
2025-11-19,9:38:12.190174631,T,KO,,150,71.04
2025-11-19,9:38:12.190192749,T,KO,I,1,71.04
2025-11-19,9:38:12.190201679,T,KO,I,1,71.04
2025-11-19,9:38:12.222056573,T,KO,F I,1,71.035
2025-11-19,9:38:12.267714364,T,KO,F I,41,71.035
2025-11-19,9:38:12.318171515,T,KO,F I,4,71.035
2025-11-19,9:38:13.202123742,T,KO,F I,10,71.035
2025-11-19,9:38:13.232685446,T,KO,F I,1,71.035
2025-11-19,9:38:14.107393751,T,KO,F I,10,71.03
2025-11-19,9:38:14.119413334,T,KO,F I,1,71.03
2025-11-19,9:38:14.133255321,T,KO,F I,1,71.03
2025-11-19,9:38:15.166173335,T,KO,I,11,71.03
2025-11-19,9:38:15.183726147,T,KO,F I,1,71.03
2025-11-19,9:38:15.842150315,T,KO,F,180,71.03
2025-11-19,9:38:15.864006350,T,KO,F I,18,71.03
2025-11-19,9:38:15.908942440,T,KO,F I,2,71.03
2025-11-19,9:38:17.950164876,T,KO,F I,9,71.035
2025-11-19,9:38:17.963754296,T,KO,F I,1,71.04
2025-11-19,9:38:18.992486426,T,KO,F I,13,71.035
2025-11-19,9:38:19.006893730,T,KO,F I,2,71.035
2025-11-19,9:38:22.912195899,T,KO,,247,71.04
2025-11-19,9:38:22.912195899,T,KO,I,2,71.04
2025-11-19,9:38:22.923577949,T,KO,,207,71.04
2025-11-19,9:38:22.923577949,T,KO,I,25,71.04
2025-11-19,9:38:22.923602111,T,KO,I,1,71.04
2025-11-19,9:38:22.961525346,T,KO,I,1,71.05
2025-11-19,9:38:22.981090007,T,KO,I,50,71.05
2025-11-19,9:38:22.981090007,T,KO,I,76,71.05
2025-11-19,9:38:23.007026704,T,KO,F I,49,71.045
2025-11-19,9:38:23.021112242,T,KO,F I,5,71.045
2025-11-19,9:38:23.655413096,T,KO,F I,19,71.04
2025-11-19,9:38:23.668079192,T,KO,F I,2,71.04
2025-11-19,9:38:25.138677582,T,KO,F I,5,71.045
2025-11-19,9:38:25.150892732,T,KO,F I,1,71.045
2025-11-19,9:38:28.585035734,T,KO,I,10,71.03
2025-11-19,9:38:28.585042186,T,KO,I,50,71.03
2025-11-19,9:38:28.585050815,T,KO,,200,71.03
2025-11-19,9:38:28.585054557,T,KO,I,25,71.03
2025-11-19,9:38:28.585054557,T,KO,I,11,71.03
2025-11-19,9:38:28.585062845,T,KO,F I,36,71.03
2025-11-19,9:38:28.585062845,T,KO,I,1,71.03
2025-11-19,9:38:28.585071787,T,KO,F,163,71.03
2025-11-19,9:38:28.585071787,T,KO,F I,73,71.03
2025-11-19,9:38:28.585309441,T,KO,F,127,71.03
2025-11-19,9:38:28.619551987,T,KO,F I,23,71.04
2025-11-19,9:38:28.619594049,T,KO,I,1,71.04
2025-11-19,9:38:28.631150621,T,KO,F I,2,71.035
2025-11-19,9:38:29.042867158,T,KO,F I,20,71.04
2025-11-19,9:38:29.054348519,T,KO,F I,2,71.04
2025-11-19,9:38:30.430861916,T,KO,F I,10,71.02
2025-11-19,9:38:30.462725877,T,KO,F I,1,71.02
2025-11-19,9:38:30.485889942,T,KO,F I,10,71.02
2025-11-19,9:38:30.512557565,T,KO,F I,1,71.02
2025-11-19,9:38:30.541889418,T,KO,F I,14,71.02
2025-11-19,9:38:30.582001893,T,KO,F I,2,71.02
2025-11-19,9:38:31.318976210,T,KO,I,2,71.02
2025-11-19,9:38:31.856570195,T,KO,F I,1,71.01
2025-11-19,9:38:31.856573280,T,KO,F I,10,71.01
2025-11-19,9:38:31.856575495,T,KO,F I,1,71.01
2025-11-19,9:38:31.856578599,T,KO,F I,14,71.01
2025-11-19,9:38:31.856578599,T,KO,F I,2,71.01
2025-11-19,9:38:31.867978718,T,KO,F I,13,71.01
2025-11-19,9:38:31.879574334,T,KO,F I,1,71.01
2025-11-19,9:38:32.216671133,T,KO,F I,24,71.01
2025-11-19,9:38:32.241311858,T,KO,F I,2,71.01
2025-11-19,9:38:33.957706753,T,KO,F I,2,71.02
2025-11-19,9:38:35.754450089,T,KO,I,90,71.02
2025-11-19,9:38:35.790286416,T,KO,F I,15,71.015
2025-11-19,9:38:35.829992915,T,KO,F I,1,71.015
2025-11-19,9:38:37.278774442,T,KO,F I,35,71.03
2025-11-19,9:38:37.300453208,T,KO,F I,3,71.025
2025-11-19,9:38:37.684016662,T,KO,I,50,71.02
2025-11-19,9:38:37.695648329,T,KO,F I,5,71.02
2025-11-19,9:38:37.711947192,T,KO,F I,1,71.02
2025-11-19,9:38:41.368908825,T,KO,I,2,71.02
2025-11-19,9:38:42.303423490,T,KO,I,11,71.01
2025-11-19,9:38:42.303423490,T,KO,I,25,71.01
2025-11-19,9:38:42.306190140,T,KO,F I,65,71.01
2025-11-19,9:38:42.333209537,T,KO,F I,51,71.02
2025-11-19,9:38:42.343854837,T,KO,I,13,71.02
2025-11-19,9:38:42.343857837,T,KO,I,20,71.02
2025-11-19,9:38:42.354990342,T,KO,F I,18,71.03
2025-11-19,9:38:42.366336415,T,KO,F I,1,71.03
2025-11-19,9:38:42.880110443,T,KO,F I,1,71.03
2025-11-19,9:38:42.880116074,T,KO,F,100,71.03
2025-11-19,9:38:42.898712326,T,KO,F I,64,71.03
2025-11-19,9:38:42.898712326,T,KO,F I,36,71.03
2025-11-19,9:38:42.898733321,T,KO,I,1,71.03
2025-11-19,9:38:42.898739511,T,KO,F I,27,71.03
2025-11-19,9:38:42.898739511,T,KO,F I,50,71.03
2025-11-19,9:38:42.915627900,T,KO,I,78,71.025
2025-11-19,9:38:42.929171858,T,KO,I,8,71.03
2025-11-19,9:38:42.942105678,T,KO,I,1,71.025
2025-11-19,9:38:46.240860302,T,KO,F,500,71.02
2025-11-19,9:38:46.263019975,T,KO,F I,65,71.02
2025-11-19,9:38:46.263041061,T,KO,F I,35,71.02
2025-11-19,9:38:46.263044214,T,KO,F I,65,71.02
2025-11-19,9:38:46.263047105,T,KO,F I,64,71.02
2025-11-19,9:38:46.277228810,T,KO,F I,23,71.03
2025-11-19,9:38:46.290264874,T,KO,F I,2,71.03
2025-11-19,9:38:46.677425010,T,KO,I,75,71.03
2025-11-19,9:38:48.672015464,T,KO,I,9,71.05
2025-11-19,9:38:50.066935682,T,KO,I,10,71.055
2025-11-19,9:38:51.961234258,T,KO,I,81,71.05
2025-11-19,9:38:51.961246285,T,KO,I,3,71.05
2025-11-19,9:38:51.970691837,T,KO,F I,9,71.05
2025-11-19,9:38:51.970718819,T,KO,I,56,71.05
2025-11-19,9:38:51.970718819,T,KO,I,25,71.05
2025-11-19,9:38:51.998893000,T,KO,I,80,71.055
2025-11-19,9:38:52.008636217,T,KO,F I,16,71.06
2025-11-19,9:38:52.023647990,T,KO,F I,2,71.06
2025-11-19,9:38:56.280198665,T,KO,,100,71.055
2025-11-19,9:38:56.317111572,T,KO,I,30,71.06
2025-11-19,9:38:56.340916255,T,KO,I,3,71.06
2025-11-19,9:38:56.362889550,T,KO,I,1,71.06
2025-11-19,9:38:57.165062049,T,KO,F I,6,71.06
2025-11-19,9:38:57.165065051,T,KO,F,100,71.06
2025-11-19,9:38:58.898318084,T,KO,I,78,71.06
2025-11-19,9:38:58.918655597,T,KO,F I,8,71.06
2025-11-19,9:38:58.931096219,T,KO,F I,1,71.06
2025-11-19,9:38:59.174053827,T,KO,I,71,71.05
2025-11-19,9:38:59.174056822,T,KO,I,7,71.05
2025-11-19,9:38:59.174056822,T,KO,I,11,71.05
2025-11-19,9:38:59.174059900,T,KO,I,1,71.05
2025-11-19,9:38:59.200928858,T,KO,F I,18,71.06
2025-11-19,9:38:59.221332455,T,KO,F I,1,71.06
2025-11-19,9:38:59.234515875,T,KO,F I,1,71.06
2025-11-19,9:38:59.902132815,T,KO,F I,47,71.05
2025-11-19,9:38:59.914507389,T,KO,F I,39,71.045
2025-11-19,9:38:59.931188055,T,KO,F I,4,71.045
2025-11-19,9:38:59.948536343,T,KO,F I,1,71.045
2025-11-19,9:39:00.124196764,T,KO,F I,26,71.045
2025-11-19,9:39:00.165692570,T,KO,F I,26,71.045
2025-11-19,9:39:00.188760765,T,KO,F I,4,71.045
2025-11-19,9:39:00.188766506,T,KO,F,190,71.05
2025-11-19,9:39:00.189635650,T,KO,F I,25,71.06
2025-11-19,9:39:00.189638638,T,KO,F,238,71.06
2025-11-19,9:39:00.189656717,T,KO,I,1,71.06
2025-11-19,9:39:00.189665732,T,KO,I,1,71.06
2025-11-19,9:39:00.209967084,T,KO,F,107,71.055
2025-11-19,9:39:00.226566585,T,KO,F I,11,71.055
2025-11-19,9:39:00.240465636,T,KO,F I,1,71.055
2025-11-19,9:39:00.574014110,T,KO,,100,71.055
2025-11-19,9:39:00.605108153,T,KO,F I,40,71.06
2025-11-19,9:39:00.605138794,T,KO,I,60,71.06
2025-11-19,9:39:00.605141479,T,KO,I,1,71.06
2025-11-19,9:39:00.605141479,T,KO,I,25,71.06
2025-11-19,9:39:00.605829821,T,KO,I,13,71.06
2025-11-19,9:39:00.605853887,T,KO,I,49,71.06
2025-11-19,9:39:00.606088475,T,KO,F I,62,71.06
2025-11-19,9:39:00.606115982,T,KO,F I,13,71.06
2025-11-19,9:39:00.606131109,T,KO,F I,36,71.06
2025-11-19,9:39:00.606131109,T,KO,F I,7,71.06
2025-11-19,9:39:00.606166680,T,KO,F I,57,71.06
2025-11-19,9:39:00.618261516,T,KO,F I,84,71.07
2025-11-19,9:39:00.632530445,T,KO,F I,9,71.07
2025-11-19,9:39:00.649415624,T,KO,F I,1,71.07
2025-11-19,9:39:00.735498733,T,KO,I,13,71.06
2025-11-19,9:39:00.735501780,T,KO,I,50,71.06
2025-11-19,9:39:00.735501780,T,KO,,137,71.06
2025-11-19,9:39:00.736316591,T,KO,,100,71.06
2025-11-19,9:39:00.736319915,T,KO,I,62,71.06
2025-11-19,9:39:00.736319915,T,KO,I,1,71.06
2025-11-19,9:39:00.736322598,T,KO,,100,71.06
2025-11-19,9:39:00.741398805,T,KO,F I,6,71.07
2025-11-19,9:39:00.741398805,T,KO,F I,51,71.07
2025-11-19,9:39:02.272886217,T,KO,F I,10,71.065
2025-11-19,9:39:02.272886217,T,KO,F I,1,71.06
2025-11-19,9:39:02.272889244,T,KO,F I,52,71.06
2025-11-19,9:39:02.272904278,T,KO,I,10,71.06
2025-11-19,9:39:02.276961706,T,KO,F I,62,71.06
2025-11-19,9:39:02.276964192,T,KO,F I,1,71.06
2025-11-19,9:39:02.276964192,T,KO,F I,5,71.06
2025-11-19,9:39:02.276969987,T,KO,F,300,71.06
2025-11-19,9:39:02.276969987,T,KO,F I,50,71.06
2025-11-19,9:39:02.277364142,T,KO,,100,71.06
2025-11-19,9:39:02.277366934,T,KO,,100,71.06
2025-11-19,9:39:02.277366934,T,KO,I,9,71.06
2025-11-19,9:39:02.277385026,T,KO,I,1,71.06
2025-11-19,9:39:02.277391175,T,KO,I,52,71.06
2025-11-19,9:39:02.277391175,T,KO,I,25,71.06
2025-11-19,9:39:02.277394248,T,KO,I,8,71.06
2025-11-19,9:39:02.277396950,T,KO,I,62,71.06
2025-11-19,9:39:02.277396950,T,KO,I,85,71.06
2025-11-19,9:39:02.282879093,T,KO,F I,77,71.06
2025-11-19,9:39:02.287173327,T,KO,I,80,71.065
2025-11-19,9:39:02.296964742,T,KO,F I,37,71.065
2025-11-19,9:39:02.316649433,T,KO,F I,3,71.065
2025-11-19,9:39:02.334385726,T,KO,F I,1,71.065
2025-11-19,9:39:03.890592059,T,KO,I,7,71.065
2025-11-19,9:39:09.880669422,T,KO,I,40,71.07
2025-11-19,9:39:09.880675505,T,KO,I,5,71.07
2025-11-19,9:39:09.880693450,T,KO,I,1,71.07
2025-11-19,9:39:09.899686663,T,KO,F I,54,71.07
2025-11-19,9:39:09.899689736,T,KO,F I,31,71.07
2025-11-19,9:39:09.899708149,T,KO,I,1,71.07
2025-11-19,9:39:10.149669134,T,KO,F I,45,71.07
2025-11-19,9:39:10.149672137,T,KO,F I,2,71.07
2025-11-19,9:39:10.149675609,T,KO,F I,2,71.07
2025-11-19,9:39:10.149675609,T,KO,F I,3,71.07
2025-11-19,9:39:10.149678115,T,KO,F I,1,71.07
2025-11-19,9:39:10.149681084,T,KO,F I,1,71.07
2025-11-19,9:39:10.149681084,T,KO,F I,1,71.07
2025-11-19,9:39:10.149684744,T,KO,F I,1,71.07
2025-11-19,9:39:10.149978885,T,KO,F I,1,71.07
2025-11-19,9:39:10.150583251,T,KO,I,22,71.08
2025-11-19,9:39:10.818269515,T,KO,,100,71.08
2025-11-19,9:39:10.818633363,T,KO,F,178,71.08
2025-11-19,9:39:10.818983072,T,KO,I,50,71.08
2025-11-19,9:39:10.818985256,T,KO,I,25,71.08
2025-11-19,9:39:10.818988237,T,KO,I,26,71.08
2025-11-19,9:39:10.819003328,T,KO,I,1,71.08
2025-11-19,9:39:10.861945487,T,KO,F I,50,71.085
2025-11-19,9:39:10.925023748,T,KO,F I,6,71.09
2025-11-19,9:39:10.971824210,T,KO,F I,1,71.09
2025-11-19,9:39:11.305703445,T,KO,F I,2,71.08
2025-11-19,9:39:11.324561342,T,KO,I,3,71.08
2025-11-19,9:39:12.421558990,T,KO,I,2,71.08
2025-11-19,9:39:12.433912446,T,KO,F I,1,71.085
2025-11-19,9:39:13.408350187,T,KO,F I,18,71.075
2025-11-19,9:39:13.421431355,T,KO,F I,1,71.08
2025-11-19,9:39:13.421458511,T,KO,I,1,71.08
2025-11-19,9:39:13.854348400,T,KO,I,80,71.075
2025-11-19,9:39:13.876881127,T,KO,F I,9,71.08
2025-11-19,9:39:15.572298041,T,KO,I,11,71.08
2025-11-19,9:39:15.626508215,T,KO,F I,24,71.08
2025-11-19,9:39:15.649949027,T,KO,F I,3,71.08
2025-11-19,9:39:15.673498097,T,KO,F I,1,71.08
2025-11-19,9:39:16.069754888,T,KO,I,11,71.07
2025-11-19,9:39:16.069760849,T,KO,I,24,71.07
2025-11-19,9:39:16.069760849,T,KO,I,3,71.07
2025-11-19,9:39:16.069763880,T,KO,I,1,71.07
2025-11-19,9:39:16.085999568,T,KO,,100,71.065
2025-11-19,9:39:16.089250271,T,KO,F I,42,71.07
2025-11-19,9:39:16.107257638,T,KO,F I,4,71.07
2025-11-19,9:39:16.121405881,T,KO,F I,1,71.07
2025-11-19,9:39:16.694369438,T,KO,F I,50,71.07
2025-11-19,9:39:16.720742308,T,KO,F I,15,71.08
2025-11-19,9:39:16.743864402,T,KO,F I,1,71.085
2025-11-19,9:39:16.758238555,T,KO,F I,1,71.085
2025-11-19,9:39:17.194156796,T,KO,F I,20,71.08
2025-11-19,9:39:17.206828980,T,KO,F I,2,71.08
2025-11-19,9:39:17.586600458,T,KO,,100,71.075
2025-11-19,9:39:17.602370002,T,KO,F I,10,71.08
2025-11-19,9:39:17.614813709,T,KO,F I,1,71.08
2025-11-19,9:39:19.929621804,T,KO,F I,47,71.07
2025-11-19,9:39:19.961500771,T,KO,F,113,71.07
2025-11-19,9:39:19.961518737,T,KO,I,1,71.07
2025-11-19,9:39:19.961530787,T,KO,I,1,71.07
2025-11-19,9:39:19.980172244,T,KO,F I,11,71.065
2025-11-19,9:39:20.001462929,T,KO,F I,9,71.07
2025-11-19,9:39:20.018026407,T,KO,F I,1,71.07
2025-11-19,9:39:20.291578932,T,KO,F I,5,71.07
2025-11-19,9:39:20.314406287,T,KO,F I,1,71.07
2025-11-19,9:39:21.021609572,T,KO,,100,71.07
2025-11-19,9:39:21.121137653,T,KO,,100,71.07
2025-11-19,9:39:21.160378081,T,KO,F I,2,71.08
2025-11-19,9:39:26.624776634,T,KO,I,1,71.08
2025-11-19,9:39:27.972725030,T,KO,F I,10,71.07
2025-11-19,9:39:27.972752063,T,KO,I,1,71.07
2025-11-19,9:39:27.984570205,T,KO,F I,1,71.075
2025-11-19,9:39:28.009577814,T,KO,F I,3,71.065
2025-11-19,9:39:28.047612992,T,KO,,300,71.06
2025-11-19,9:39:28.068211420,T,KO,F I,84,71.055
2025-11-19,9:39:28.080125776,T,KO,F I,8,71.06
2025-11-19,9:39:28.091468817,T,KO,F I,1,71.055
2025-11-19,9:39:28.422070399,T,KO,I,44,71.05
2025-11-19,9:39:28.422088460,T,KO,I,12,71.05
2025-11-19,9:39:28.422088460,T,KO,I,8,71.05
2025-11-19,9:39:28.451083445,T,KO,F I,1,71.05
2025-11-19,9:39:28.451086477,T,KO,F I,6,71.05
2025-11-19,9:39:29.191073772,T,KO,F I,6,71.05
2025-11-19,9:39:29.197154416,T,KO,F I,11,71.05
2025-11-19,9:39:29.388121047,T,KO,F I,11,71.04
2025-11-19,9:39:29.437793425,T,KO,F I,3,71.04
2025-11-19,9:39:31.299268835,T,KO,I,1,71.04
2025-11-19,9:39:31.299319885,T,KO,F I,2,71.04
2025-11-19,9:39:31.301319645,T,KO,F I,10,71.045
2025-11-19,9:39:31.325223633,T,KO,F I,1,71.045
2025-11-19,9:39:31.328964493,T,KO,I,2,71.045
2025-11-19,9:39:31.336184681,T,KO,F I,1,71.045
2025-11-19,9:39:31.510494918,T,KO,I,3,71.04
2025-11-19,9:39:34.580371326,T,KO,I,11,71.035
2025-11-19,9:39:34.597476051,T,KO,F I,1,71.035
2025-11-19,9:39:34.826023482,T,KO,F I,56,71.03
2025-11-19,9:39:34.861556730,T,KO,F I,25,71.03
2025-11-19,9:39:34.861559063,T,KO,F I,42,71.03
2025-11-19,9:39:35.999920202,T,KO,F I,42,71.02
2025-11-19,9:39:36.119927042,T,KO,F I,4,71.02
2025-11-19,9:39:36.119957154,T,KO,I,1,71.02
2025-11-19,9:39:36.120399582,T,KO,F I,64,71.02
2025-11-19,9:39:36.120402183,T,KO,F I,7,71.02
2025-11-19,9:39:37.698991005,T,KO,F,100,71.03
2025-11-19,9:39:39.615256898,T,KO,I,69,71.03
2025-11-19,9:39:39.644068479,T,KO,F I,17,71.025
2025-11-19,9:39:39.655799351,T,KO,F I,1,71.025
2025-11-19,9:39:39.666634108,T,KO,F I,1,71.03
2025-11-19,9:39:43.299066462,T,KO,F I,40,71.01
2025-11-19,9:39:43.311513092,T,KO,F I,4,71.01
2025-11-19,9:39:43.322041123,T,KO,F I,1,71.02
2025-11-19,9:39:51.337830188,T,KO,I,25,71.02
2025-11-19,9:39:51.354904853,T,KO,F I,13,71.03
2025-11-19,9:39:51.354943956,T,KO,I,1,71.03
2025-11-19,9:39:51.354943956,T,KO,I,38,71.03
2025-11-19,9:39:51.366629782,T,KO,F I,25,71.025
2025-11-19,9:39:51.378520044,T,KO,F I,2,71.025
2025-11-19,9:39:51.392109490,T,KO,F I,1,71.025
2025-11-19,9:39:54.195256691,T,KO,F I,2,71.03
2025-11-19,9:39:55.242822623,T,KO,I,52,71.03
2025-11-19,9:40:01.335128540,T,KO,I,3,71.025
2025-11-19,9:40:03.743528467,T,KO,F,200,71.02
2025-11-19,9:40:03.744060734,T,KO,I,69,71.02
2025-11-19,9:40:03.744060734,T,KO,,100,71.02
2025-11-19,9:40:03.744064297,T,KO,I,14,71.02
2025-11-19,9:40:03.744108860,T,KO,I,14,71.02
2025-11-19,9:40:03.744112256,T,KO,I,69,71.02
2025-11-19,9:40:03.744114987,T,KO,I,7,71.02
2025-11-19,9:40:06.446137343,T,KO,I,2,71.02
2025-11-19,9:40:06.446137343,T,KO,I,33,71.02
2025-11-19,9:40:07.414040463,T,KO,F I,20,71.02
2025-11-19,9:40:08.255997682,T,KO,,100,71.02
2025-11-19,9:40:10.967856281,T,KO,I,71,71.02
2025-11-19,9:40:11.335617216,T,KO,I,2,71.02
2025-11-19,9:40:11.336029214,T,KO,F I,1,71.02
2025-11-19,9:40:11.586411518,T,KO,F,300,71.03
2025-11-19,9:40:11.586415022,T,KO,F I,25,71.03
2025-11-19,9:40:11.586415022,T,KO,F I,50,71.03
2025-11-19,9:40:11.586417581,T,KO,F I,26,71.03
2025-11-19,9:40:11.586955802,T,KO,F I,2,71.04
2025-11-19,9:40:11.586955802,T,KO,F I,80,71.04
2025-11-19,9:40:11.590910203,T,KO,I,50,71.05
2025-11-19,9:40:11.590913283,T,KO,,300,71.05
2025-11-19,9:40:12.211197577,T,KO,F I,18,71.07
2025-11-19,9:40:12.211203496,T,KO,F I,7,71.07
2025-11-19,9:40:12.211206590,T,KO,F I,90,71.07
2025-11-19,9:40:12.351589864,T,KO,I,6,71.075
2025-11-19,9:40:12.383041868,T,KO,F,300,71.07
2025-11-19,9:40:12.383041868,T,KO,F I,25,71.07
2025-11-19,9:40:12.383060499,T,KO,F I,25,71.07
2025-11-19,9:40:12.383062840,T,KO,I,1,71.07
2025-11-19,9:40:19.472477632,T,KO,I,50,71.05
2025-11-19,9:40:19.472480568,T,KO,I,25,71.05
2025-11-19,9:40:19.529352025,T,KO,I,70,71.05
2025-11-19,9:40:19.529352025,T,KO,I,14,71.05
2025-11-19,9:40:21.186361407,T,KO,I,70,71.05
2025-11-19,9:40:21.186361407,T,KO,I,50,71.05
2025-11-19,9:40:21.215046819,T,KO,I,20,71.06
2025-11-19,9:40:21.215085891,T,KO,I,60,71.06
2025-11-19,9:40:21.215112958,T,KO,I,1,71.06
2025-11-19,9:40:21.215151974,T,KO,F I,3,71.06
2025-11-19,9:40:21.215476853,T,KO,F I,6,71.06
2025-11-19,9:40:21.261152568,T,KO,I,30,71.06
2025-11-19,9:40:21.261176908,T,KO,F I,40,71.06
2025-11-19,9:40:21.261176908,T,KO,F I,64,71.06
2025-11-19,9:40:21.261180250,T,KO,F I,1,71.06
2025-11-19,9:40:21.261180250,T,KO,F I,7,71.06
2025-11-19,9:40:21.261185670,T,KO,F I,2,71.06
2025-11-19,9:40:21.261185670,T,KO,F I,1,71.06
2025-11-19,9:40:21.261189333,T,KO,F I,3,71.06
2025-11-19,9:40:21.261192506,T,KO,F I,50,71.06
2025-11-19,9:40:21.261192506,T,KO,F I,25,71.06
2025-11-19,9:40:22.295965148,T,KO,F I,1,71.06
2025-11-19,9:40:22.295971222,T,KO,F I,70,71.06
2025-11-19,9:40:22.295971222,T,KO,F I,25,71.06
2025-11-19,9:40:22.295974427,T,KO,F I,85,71.06
2025-11-19,9:40:22.295974427,T,KO,F I,92,71.06
2025-11-19,9:40:22.436168066,T,KO,F I,20,71.05
2025-11-19,9:40:23.046161931,T,KO,I,1,71.05
2025-11-19,9:40:23.299576097,T,KO,I,1,71.05
2025-11-19,9:40:23.299578453,T,KO,I,4,71.05
2025-11-19,9:40:24.327937794,T,KO,F I,1,71.05
2025-11-19,9:40:24.332488027,T,KO,F I,68,71.05
2025-11-19,9:40:24.332490456,T,KO,F I,50,71.05
2025-11-19,9:40:24.332806188,T,KO,I,25,71.05
2025-11-19,9:40:24.332863743,T,KO,I,68,71.05
2025-11-19,9:40:24.332869385,T,KO,,100,71.05
2025-11-19,9:40:24.971497460,T,KO,F I,68,71.05
2025-11-19,9:40:24.971501053,T,KO,F I,17,71.05
2025-11-19,9:40:24.971503620,T,KO,F I,60,71.05
2025-11-19,9:40:24.971506401,T,KO,F I,20,71.05
2025-11-19,9:40:24.971506401,T,KO,F,138,71.05
2025-11-19,9:40:24.971566557,T,KO,,100,71.05
2025-11-19,9:40:24.971566557,T,KO,I,68,71.05
2025-11-19,9:40:24.971569609,T,KO,I,22,71.05
2025-11-19,9:40:24.971656765,T,KO,I,19,71.05
2025-11-19,9:40:24.972348651,T,KO,I,17,71.05
2025-11-19,9:40:24.972348651,T,KO,I,34,71.05
2025-11-19,9:40:24.972351423,T,KO,I,34,71.05
2025-11-19,9:40:24.972351423,T,KO,I,15,71.05
2025-11-19,9:40:24.972369524,T,KO,I,66,71.05
2025-11-19,9:40:25.327828125,T,KO,I,2,71.06
2025-11-19,9:40:25.328381336,T,KO,I,67,71.06
2025-11-19,9:40:25.403455253,T,KO,I,33,71.06
2025-11-19,9:40:26.121659472,T,KO,F I,1,71.06
2025-11-19,9:40:26.121661832,T,KO,F I,50,71.06
2025-11-19,9:40:26.121664773,T,KO,F I,25,71.06
2025-11-19,9:40:27.137929261,T,KO,I,1,71.06
2025-11-19,9:40:27.137929261,T,KO,I,28,71.06
2025-11-19,9:40:28.843315142,T,KO,I,50,71.07
2025-11-19,9:40:28.843317884,T,KO,I,25,71.07
2025-11-19,9:40:28.843320855,T,KO,I,97,71.07
2025-11-19,9:40:28.843335899,T,KO,I,1,71.07
2025-11-19,9:40:28.844220073,T,KO,,144,71.07
2025-11-19,9:40:28.972051481,T,KO,F I,28,71.07
2025-11-19,9:40:28.972722042,T,KO,I,68,71.07
2025-11-19,9:40:28.973257387,T,KO,F,100,71.07
2025-11-19,9:40:28.973260380,T,KO,I,50,71.07
2025-11-19,9:40:28.973894823,T,KO,I,68,71.07
2025-11-19,9:40:28.973894823,T,KO,I,50,71.07
2025-11-19,9:40:28.973899262,T,KO,I,68,71.07
2025-11-19,9:40:30.714936961,T,KO,F I,23,71.07
2025-11-19,9:40:30.714939624,T,KO,F I,8,71.07
2025-11-19,9:40:30.714961441,T,KO,I,37,71.07
2025-11-19,9:40:34.390245094,T,KO,F I,10,71.06
2025-11-19,9:40:34.390245094,T,KO,F,247,71.06
2025-11-19,9:40:34.390263971,T,KO,I,1,71.06
2025-11-19,9:40:34.390268926,T,KO,F I,52,71.06
2025-11-19,9:40:34.390268926,T,KO,F I,1,71.06
2025-11-19,9:40:35.214868792,T,KO,I,32,71.05
2025-11-19,9:40:35.214884681,T,KO,I,82,71.05
2025-11-19,9:40:35.214907867,T,KO,,186,71.05
2025-11-19,9:40:35.214910910,T,KO,I,13,71.05
2025-11-19,9:40:35.214946989,T,KO,I,12,71.05
2025-11-19,9:40:35.225420906,T,KO,,100,71.045
2025-11-19,9:40:35.286418258,T,KO,F I,54,71.05
2025-11-19,9:40:36.034642312,T,KO,I,6,71.05
2025-11-19,9:40:37.086837046,T,KO,F I,12,71.04
2025-11-19,9:40:37.086842252,T,KO,,260,71.04
2025-11-19,9:40:37.086842252,T,KO,F I,28,71.04
2025-11-19,9:40:37.086847008,T,KO,F I,50,71.04
2025-11-19,9:40:37.086847008,T,KO,I,1,71.04
2025-11-19,9:40:37.086851280,T,KO,I,1,71.04
2025-11-19,9:40:37.086851280,T,KO,F I,28,71.04
2025-11-19,9:40:37.086855079,T,KO,F I,28,71.04
2025-11-19,9:40:37.086866551,T,KO,F,192,71.04
2025-11-19,9:40:37.086869359,T,KO,F I,97,71.04
2025-11-19,9:40:37.086896411,T,KO,,203,71.04
2025-11-19,9:40:37.086899750,T,KO,I,97,71.04
2025-11-19,9:40:37.086899750,T,KO,I,3,71.04
2025-11-19,9:40:37.099730953,T,KO,I,66,71.04
2025-11-19,9:40:37.099734012,T,KO,I,1,71.04
2025-11-19,9:40:37.099734012,T,KO,I,25,71.04
2025-11-19,9:40:37.294002621,T,KO,I,1,71.04
2025-11-19,9:40:37.294005739,T,KO,I,53,71.04
2025-11-19,9:40:37.294354628,T,KO,F I,13,71.04
2025-11-19,9:40:39.960937428,T,KO,I,50,71.04
2025-11-19,9:40:42.087515285,T,KO,,137,71.04
2025-11-19,9:40:42.087530385,T,KO,I,1,71.04
2025-11-19,9:40:42.300071062,T,KO,F,100,71.05
2025-11-19,9:40:42.300073537,T,KO,F,105,71.06
2025-11-19,9:40:42.300085526,T,KO,I,1,71.06
2025-11-19,9:40:43.337418124,T,KO,I,5,71.05
2025-11-19,9:40:43.337445280,T,KO,I,1,71.05
2025-11-19,9:40:48.372950301,T,KO,I,20,71.06
2025-11-19,9:40:52.149001623,T,KO,F I,16,71.06
2025-11-19,9:40:52.149001623,T,KO,F I,10,71.06
2025-11-19,9:40:52.192000966,T,KO,F I,66,71.07
2025-11-19,9:40:52.326045806,T,KO,F I,3,71.07
2025-11-19,9:40:52.326048228,T,KO,F I,4,71.07
2025-11-19,9:40:53.253064000,T,KO,F,300,71.07
2025-11-19,9:40:53.253064000,T,KO,F I,50,71.07
2025-11-19,9:40:53.253069108,T,KO,F I,2,71.07
2025-11-19,9:40:54.014975783,T,KO,F I,69,71.08
2025-11-19,9:40:54.135045673,T,KO,F I,56,71.08
2025-11-19,9:40:54.155341005,T,KO,F I,6,71.08
2025-11-19,9:40:58.248025546,T,KO,I,4,71.08
2025-11-19,9:40:58.524621386,T,KO,F I,56,71.07
2025-11-19,9:40:58.524627156,T,KO,F,300,71.07
2025-11-19,9:40:58.524627156,T,KO,F I,1,71.07
2025-11-19,9:40:58.527730578,T,KO,,100,71.065
2025-11-19,9:40:59.383890642,T,KO,F I,1,71.07
2025-11-19,9:41:01.147952237,T,KO,I,2,71.08
2025-11-19,9:41:03.140651231,T,KO,F I,20,71.09
2025-11-19,9:41:03.209716583,T,KO,F I,25,71.105
2025-11-19,9:41:04.047316420,T,KO,F I,33,71.1
2025-11-19,9:41:04.065482773,T,KO,F I,3,71.1
2025-11-19,9:41:04.129445096,T,KO,F I,17,71.1
2025-11-19,9:41:04.141699270,T,KO,F I,2,71.1
2025-11-19,9:41:05.023745199,T,KO,F I,20,71.09
2025-11-19,9:41:05.023745199,T,KO,F I,18,71.09
2025-11-19,9:41:06.664858620,T,KO,F,300,71.08
2025-11-19,9:41:06.701128049,T,KO,F I,56,71.07
2025-11-19,9:41:07.351393679,T,KO,F I,4,71.06
2025-11-19,9:41:11.560593662,T,KO,F I,1,71.05
2025-11-19,9:41:11.560744019,T,KO,I,1,71.05
2025-11-19,9:41:12.762487204,T,KO,I,25,71.055
2025-11-19,9:41:14.635931187,T,KO,F I,50,71.06
2025-11-19,9:41:14.635934268,T,KO,F I,2,71.06
2025-11-19,9:41:14.635937751,T,KO,F I,20,71.06
2025-11-19,9:41:14.636430285,T,KO,I,33,71.07
2025-11-19,9:41:16.198413465,T,KO,,170,71.07
2025-11-19,9:41:18.618676849,T,KO,F,100,71.06
2025-11-19,9:41:18.618676849,T,KO,F,200,71.06
2025-11-19,9:41:18.618691772,T,KO,I,1,71.06
2025-11-19,9:41:18.618721822,T,KO,F I,99,71.06
2025-11-19,9:41:18.618772944,T,KO,F,100,71.06
2025-11-19,9:41:18.618772944,T,KO,F,100,71.06
2025-11-19,9:41:18.620815363,T,KO,I,65,71.06
2025-11-19,9:41:18.620815363,T,KO,,100,71.06
2025-11-19,9:41:18.620818407,T,KO,I,25,71.06
2025-11-19,9:41:18.620835899,T,KO,I,1,71.06
2025-11-19,9:41:20.289239446,T,KO,F I,65,71.05
2025-11-19,9:41:20.357766699,T,KO,F I,87,71.04
2025-11-19,9:41:22.944001231,T,KO,F I,20,71.05
2025-11-19,9:41:23.219773103,T,KO,F,190,71.06
2025-11-19,9:41:23.219773103,T,KO,F,100,71.06
2025-11-19,9:41:23.219776040,T,KO,F,110,71.06
2025-11-19,9:41:23.219782069,T,KO,F I,9,71.06
2025-11-19,9:41:23.951313348,T,KO,,100,71.06
2025-11-19,9:41:25.435152536,T,KO,F I,90,71.05
2025-11-19,9:41:25.435156068,T,KO,F I,25,71.05
2025-11-19,9:41:25.435159423,T,KO,F I,10,71.05
2025-11-19,9:41:25.435159423,T,KO,F I,11,71.05
2025-11-19,9:41:25.435161360,T,KO,F,100,71.05
2025-11-19,9:41:25.435167337,T,KO,I,1,71.05
2025-11-19,9:41:25.435176391,T,KO,F I,99,71.05
2025-11-19,9:41:28.417896280,T,KO,,100,71.045
2025-11-19,9:41:28.418329382,T,KO,I,2,71.05
2025-11-19,9:41:28.418332410,T,KO,I,51,71.05
2025-11-19,9:41:30.118208962,T,KO,F I,38,71.03
2025-11-19,9:41:30.118211905,T,KO,F I,3,71.03
2025-11-19,9:41:30.124545007,T,KO,,100,71.02
2025-11-19,9:41:30.130490341,T,KO,F I,69,71.03
2025-11-19,9:41:30.130490341,T,KO,F I,3,71.03
2025-11-19,9:41:30.130496846,T,KO,F I,33,71.03
2025-11-19,9:41:30.130496846,T,KO,F,300,71.03
2025-11-19,9:41:30.130499716,T,KO,F I,25,71.03
2025-11-19,9:41:30.130499716,T,KO,F I,50,71.03
2025-11-19,9:41:30.180391180,T,KO,I,69,71.03
2025-11-19,9:41:30.180391180,T,KO,I,3,71.03
2025-11-19,9:41:30.180394020,T,KO,I,10,71.03
2025-11-19,9:41:33.017507134,T,KO,F I,18,71.02
2025-11-19,9:41:33.017546218,T,KO,I,82,71.02
2025-11-19,9:41:33.017549176,T,KO,,300,71.02
2025-11-19,9:41:33.017552219,T,KO,I,25,71.03
2025-11-19,9:41:33.017552219,T,KO,,110,71.03
2025-11-19,9:41:33.017565543,T,KO,I,1,71.03
2025-11-19,9:41:33.017648742,T,KO,F I,95,71.02
2025-11-19,9:41:33.017669438,T,KO,I,1,71.02
2025-11-19,9:41:33.017675931,T,KO,F,299,71.02
2025-11-19,9:41:33.017675931,T,KO,F I,1,71.02
2025-11-19,9:41:33.017678624,T,KO,F I,24,71.02
2025-11-19,9:41:33.131084729,T,KO,F I,70,71.02
2025-11-19,9:41:33.131084729,T,KO,F I,38,71.02
2025-11-19,9:41:33.181048571,T,KO,F I,10,71.02
2025-11-19,9:41:33.716064994,T,KO,F I,15,71.02
2025-11-19,9:41:33.716068406,T,KO,F I,32,71.02
2025-11-19,9:41:34.012607071,T,KO,F I,6,71.03
2025-11-19,9:41:35.208970417,T,KO,F I,12,71.03
2025-11-19,9:41:35.208973422,T,KO,F I,4,71.03
2025-11-19,9:41:35.208988476,T,KO,F I,78,71.03
2025-11-19,9:41:39.002601772,T,KO,I,50,71.04
2025-11-19,9:41:39.002622791,T,KO,F I,20,71.04
2025-11-19,9:41:39.012089291,T,KO,F I,67,71.04
2025-11-19,9:41:45.639279316,T,KO,F I,5,71.04
2025-11-19,9:41:47.696896852,T,KO,F I,55,71.05
2025-11-19,9:41:47.696899853,T,KO,F I,20,71.05
2025-11-19,9:41:47.696905935,T,KO,F,100,71.05
2025-11-19,9:41:47.696908885,T,KO,F I,1,71.05
2025-11-19,9:41:47.960246124,T,KO,I,10,71.05
2025-11-19,9:41:47.960246124,T,KO,I,25,71.05
2025-11-19,9:41:47.960249053,T,KO,,147,71.05
2025-11-19,9:41:47.960264425,T,KO,I,1,71.05
2025-11-19,9:41:49.466488467,T,KO,F I,1,71.04
2025-11-19,9:41:49.487920439,T,KO,F,453,71.04
2025-11-19,9:42:01.105351461,T,KO,F I,1,71.03
2025-11-19,9:42:01.114363983,T,KO,,100,71.03
2025-11-19,9:42:01.118883754,T,KO,I,90,71.03
2025-11-19,9:42:01.121088222,T,KO,I,10,71.03
2025-11-19,9:42:01.121088222,T,KO,I,3,71.03
2025-11-19,9:42:01.121091021,T,KO,I,37,71.03
2025-11-19,9:42:01.201111865,T,KO,,100,71.04
2025-11-19,9:42:01.201115162,T,KO,I,25,71.04
2025-11-19,9:42:01.201118002,T,KO,,300,71.04
2025-11-19,9:42:01.201118002,T,KO,I,50,71.04
2025-11-19,9:42:01.201120600,T,KO,I,3,71.04
2025-11-19,9:42:03.013170202,T,KO,,100,71.045
2025-11-19,9:42:03.013170202,T,KO,I,31,71.045
2025-11-19,9:42:03.131220016,T,KO,,100,71.045
2025-11-19,9:42:03.131222349,T,KO,I,6,71.045
2025-11-19,9:42:03.137344950,T,KO,F I,6,71.05
2025-11-19,9:42:03.137347961,T,KO,F,100,71.05
2025-11-19,9:42:04.988617061,T,KO,F,100,71.055
2025-11-19,9:42:04.988617061,T,KO,F,300,71.06
2025-11-19,9:42:04.988620366,T,KO,F I,25,71.06
2025-11-19,9:42:04.988620366,T,KO,F I,20,71.06
2025-11-19,9:42:04.988624132,T,KO,F I,50,71.06
2025-11-19,9:42:04.988624132,T,KO,F I,5,71.06
2025-11-19,9:42:04.988629795,T,KO,F I,84,71.06
2025-11-19,9:42:04.988632153,T,KO,I,1,71.06
2025-11-19,9:42:07.212266118,T,KO,F I,1,71.06
2025-11-19,9:42:07.213553342,T,KO,F I,71,71.06
2025-11-19,9:42:10.403000453,T,KO,I,71,71.05
2025-11-19,9:42:11.096617378,T,KO,F I,56,71.06
2025-11-19,9:42:11.107124458,T,KO,F I,72,71.06
2025-11-19,9:42:11.107127735,T,KO,F I,50,71.06
2025-11-19,9:42:11.107130468,T,KO,F I,25,71.06
2025-11-19,9:42:11.107130468,T,KO,F I,40,71.06
2025-11-19,9:42:11.107136423,T,KO,F I,40,71.06
2025-11-19,9:42:11.143393934,T,KO,F,100,71.06
2025-11-19,9:42:11.143397013,T,KO,F I,71,71.06
2025-11-19,9:42:11.143397013,T,KO,F I,72,71.06
2025-11-19,9:42:11.143400058,T,KO,F I,3,71.06
2025-11-19,9:42:11.143402794,T,KO,F I,10,71.06
2025-11-19,9:42:11.143402794,T,KO,F I,32,71.06
2025-11-19,9:42:11.143411903,T,KO,I,1,71.06
2025-11-19,9:42:11.162753902,T,KO,I,3,71.06
2025-11-19,9:42:11.281043612,T,KO,F I,30,71.06
2025-11-19,9:42:11.411428138,T,KO,F I,3,71.06
2025-11-19,9:42:17.382121580,T,KO,I,25,71.05
2025-11-19,9:42:17.382124548,T,KO,I,71,71.05
2025-11-19,9:42:17.382124548,T,KO,I,12,71.05
2025-11-19,9:42:18.464756940,T,KO,,100,71.045
2025-11-19,9:42:18.677083705,T,KO,F,100,71.05
2025-11-19,9:42:18.677083705,T,KO,F I,25,71.05
2025-11-19,9:42:20.438026615,T,KO,F I,8,71.06
2025-11-19,9:42:20.438053710,T,KO,I,56,71.06
2025-11-19,9:42:20.448220964,T,KO,F I,9,71.065
2025-11-19,9:42:23.275374337,T,KO,I,2,71.06
2025-11-19,9:42:23.275374337,T,KO,I,11,71.06
2025-11-19,9:42:23.490089492,T,KO,F I,25,71.05
2025-11-19,9:42:23.490091873,T,KO,F I,90,71.05
2025-11-19,9:42:23.490094689,T,KO,F I,50,71.05
2025-11-19,9:42:23.490094689,T,KO,F I,83,71.05
2025-11-19,9:42:23.490097730,T,KO,F,200,71.05
2025-11-19,9:42:26.170309071,T,KO,I,50,71.03
2025-11-19,9:42:26.181083796,T,KO,F I,3,71.04
2025-11-19,9:42:26.181083796,T,KO,F I,8,71.04
2025-11-19,9:42:27.175257553,T,KO,,100,71.04
2025-11-19,9:42:27.199919331,T,KO,I,73,71.05
2025-11-19,9:42:30.008374131,T,KO,F I,8,71.04
2025-11-19,9:42:33.119566004,T,KO,F I,11,71.03
2025-11-19,9:42:36.396208799,T,KO,,100,71.025
2025-11-19,9:42:47.402852209,T,KO,,100,71.025
2025-11-19,9:42:48.733392261,T,KO,,100,71.03
2025-11-19,9:42:48.733395194,T,KO,I,2,71.03
2025-11-19,9:42:48.733398186,T,KO,,100,71.03
2025-11-19,9:42:49.953472870,T,KO,F I,5,71.04
2025-11-19,9:42:49.953476411,T,KO,F I,3,71.04
2025-11-19,9:42:53.838834595,T,KO,I,5,71.065
2025-11-19,9:42:56.317069947,T,KO,I,1,71.07
2025-11-19,9:43:02.476949814,T,KO,F I,20,71.07
2025-11-19,9:43:02.476952841,T,KO,F I,35,71.07
2025-11-19,9:43:02.476982951,T,KO,F I,65,71.07
2025-11-19,9:43:02.476982951,T,KO,F I,50,71.07
2025-11-19,9:43:02.478188821,T,KO,I,1,71.08
2025-11-19,9:43:02.565219003,T,KO,I,4,71.09
2025-11-19,9:43:05.435462042,T,KO,F I,1,71.09
2025-11-19,9:43:05.775809673,T,KO,F,100,71.1
2025-11-19,9:43:05.775830761,T,KO,I,1,71.1
2025-11-19,9:43:05.782873953,T,KO,F I,73,71.1
2025-11-19,9:43:05.782876859,T,KO,F I,3,71.1
2025-11-19,9:43:05.782879777,T,KO,F I,25,71.1
2025-11-19,9:43:05.782879777,T,KO,F,100,71.1
2025-11-19,9:43:06.911103633,T,KO,I,10,71.09
2025-11-19,9:43:07.543741284,T,KO,F I,73,71.09
2025-11-19,9:43:07.543744269,T,KO,F I,8,71.09
2025-11-19,9:43:07.543747355,T,KO,F,109,71.09
2025-11-19,9:43:07.543765346,T,KO,F I,8,71.09
2025-11-19,9:43:09.711860155,T,KO,,100,71.09
2025-11-19,9:43:10.129362463,T,KO,I,2,71.095
2025-11-19,9:43:10.929757776,T,KO,,100,71.09
2025-11-19,9:43:11.365402275,T,KO,I,2,71.09
2025-11-19,9:43:12.458247241,T,KO,I,46,71.075
2025-11-19,9:43:12.458400615,T,KO,I,31,71.07
2025-11-19,9:43:12.458478748,T,KO,F I,13,71.07
2025-11-19,9:43:12.459107525,T,KO,I,71,71.07
2025-11-19,9:43:12.459110436,T,KO,I,3,71.07
2025-11-19,9:43:12.459110436,T,KO,I,22,71.07
2025-11-19,9:43:12.459128417,T,KO,I,1,71.07
2025-11-19,9:43:16.176497709,T,KO,I,79,71.075
2025-11-19,9:43:21.132608081,T,KO,F I,3,71.08
2025-11-19,9:43:21.132610695,T,KO,F I,50,71.08
2025-11-19,9:43:21.132614588,T,KO,F I,10,71.08
2025-11-19,9:43:21.132803122,T,KO,F I,50,71.08
2025-11-19,9:43:21.302091435,T,KO,I,68,71.08
2025-11-19,9:43:21.302095159,T,KO,I,71,71.08
2025-11-19,9:43:21.302097480,T,KO,I,3,71.08
2025-11-19,9:43:21.302100391,T,KO,I,10,71.08
2025-11-19,9:43:21.302100391,T,KO,I,25,71.08
2025-11-19,9:43:21.302100391,T,KO,I,11,71.08
2025-11-19,9:43:21.302109382,T,KO,F I,88,71.08
2025-11-19,9:43:21.302109382,T,KO,F I,29,71.08
2025-11-19,9:43:22.239313163,T,KO,F I,22,71.07
2025-11-19,9:43:22.239315869,T,KO,F I,13,71.07
2025-11-19,9:43:22.239318507,T,KO,F,100,71.07
2025-11-19,9:43:22.239324508,T,KO,F,100,71.07
2025-11-19,9:43:22.239324508,T,KO,F,200,71.07
2025-11-19,9:43:22.239327528,T,KO,F I,23,71.07
2025-11-19,9:43:22.239327528,T,KO,F I,8,71.07
2025-11-19,9:43:22.239337154,T,KO,I,69,71.07
2025-11-19,9:43:22.266019469,T,KO,F I,12,71.06
2025-11-19,9:43:22.266717629,T,KO,I,69,71.06
2025-11-19,9:43:22.266717629,T,KO,I,68,71.06
2025-11-19,9:43:22.266723877,T,KO,,100,71.06
2025-11-19,9:43:22.266723877,T,KO,I,22,71.06
2025-11-19,9:43:22.266725766,T,KO,,300,71.065
2025-11-19,9:43:22.266729033,T,KO,,100,71.07
2025-11-19,9:43:22.266729033,T,KO,,100,71.07
2025-11-19,9:43:22.266732562,T,KO,I,25,71.07
2025-11-19,9:43:22.266734804,T,KO,,245,71.07
2025-11-19,9:43:22.266741342,T,KO,I,1,71.07
2025-11-19,9:43:22.328151100,T,KO,F I,50,71.06
2025-11-19,9:43:22.328151100,T,KO,F I,19,71.06
2025-11-19,9:43:22.328156070,T,KO,F I,17,71.06
2025-11-19,9:43:22.328156070,T,KO,F I,19,71.06
2025-11-19,9:43:22.328198512,T,KO,I,17,71.06
2025-11-19,9:43:22.328213356,T,KO,I,50,71.06
2025-11-19,9:43:22.328213356,T,KO,I,16,71.06
2025-11-19,9:43:22.344331596,T,KO,F I,86,71.05
2025-11-19,9:43:22.344352735,T,KO,I,1,71.05
2025-11-19,9:43:22.344394744,T,KO,I,99,71.05
2025-11-19,9:43:22.344948244,T,KO,F,100,71.05
2025-11-19,9:43:22.344948244,T,KO,F I,69,71.05
2025-11-19,9:43:22.344948244,T,KO,F I,10,71.05
2025-11-19,9:43:22.765445622,T,KO,,100,71.045
2025-11-19,9:43:23.025688481,T,KO,F I,21,71.05
2025-11-19,9:43:23.025691648,T,KO,F I,3,71.05
2025-11-19,9:43:23.025691648,T,KO,F I,25,71.05
2025-11-19,9:43:23.026298913,T,KO,I,53,71.05
2025-11-19,9:43:24.211577873,T,KO,F I,50,71.07
2025-11-19,9:43:26.344464702,T,KO,I,16,71.07
2025-11-19,9:43:26.344467673,T,KO,I,10,71.07
2025-11-19,9:43:26.344482980,T,KO,I,25,71.07
2025-11-19,9:43:26.344488703,T,KO,F I,50,71.07
2025-11-19,9:43:26.345032970,T,KO,F I,1,71.07
2025-11-19,9:43:26.345183356,T,KO,I,67,71.07
2025-11-19,9:43:26.345186835,T,KO,,100,71.07
2025-11-19,9:43:26.345186835,T,KO,I,19,71.07
2025-11-19,9:43:28.326029037,T,KO,I,2,71.07
2025-11-19,9:43:28.326029037,T,KO,I,5,71.07
2025-11-19,9:43:28.326034137,T,KO,I,1,71.07
2025-11-19,9:43:28.326034137,T,KO,I,66,71.07
2025-11-19,9:43:28.326037128,T,KO,I,25,71.07
2025-11-19,9:43:28.326037128,T,KO,I,1,71.07
2025-11-19,9:43:32.009402265,T,KO,F,200,71.08
2025-11-19,9:43:32.009404724,T,KO,F I,5,71.08
2025-11-19,9:43:32.010177621,T,KO,I,50,71.09
2025-11-19,9:43:32.010180647,T,KO,I,1,71.09
2025-11-19,9:43:32.440884391,T,KO,I,12,71.09
2025-11-19,9:43:34.688617844,T,KO,F I,3,71.08
2025-11-19,9:43:37.179522392,T,KO,I,6,71.095
2025-11-19,9:43:41.383799623,T,KO,I,2,71.095
2025-11-19,9:43:45.386094873,T,KO,,300,71.09
2025-11-19,9:43:45.386097804,T,KO,,200,71.09
2025-11-19,9:43:46.697112383,T,KO,F I,2,71.085
2025-11-19,9:43:47.486293758,T,KO,I,48,71.085
2025-11-19,9:43:48.132379645,T,KO,F I,5,71.09
2025-11-19,9:43:51.927279812,T,KO,I,3,71.09
2025-11-19,9:43:51.927282784,T,KO,I,8,71.09
2025-11-19,9:43:51.927309922,T,KO,F I,7,71.09
2025-11-19,9:43:51.947782840,T,KO,I,1,71.09
2025-11-19,9:43:51.947785713,T,KO,I,50,71.09
2025-11-19,9:43:51.951087530,T,KO,I,21,71.09
2025-11-19,9:43:51.951673982,T,KO,I,62,71.09
2025-11-19,9:43:52.032178689,T,KO,I,19,71.085
2025-11-19,9:43:52.064171853,T,KO,I,2,71.09
2025-11-19,9:43:52.079917389,T,KO,I,1,71.09
2025-11-19,9:43:52.934531889,T,KO,I,2,71.085
2025-11-19,9:43:52.982592478,T,KO,I,1,71.085
2025-11-19,9:43:53.942803242,T,KO,F I,5,71.08
2025-11-19,9:43:53.942806260,T,KO,F I,45,71.08
2025-11-19,9:43:53.942821206,T,KO,I,31,71.08
2025-11-19,9:43:53.942827234,T,KO,,100,71.08
2025-11-19,9:43:53.942827234,T,KO,,200,71.08
2025-11-19,9:43:53.965549326,T,KO,I,3,71.08
2025-11-19,9:43:53.965552432,T,KO,I,61,71.08
2025-11-19,9:43:53.977797580,T,KO,I,6,71.08
2025-11-19,9:43:53.989877304,T,KO,I,1,71.08
2025-11-19,9:43:54.528790812,T,KO,I,50,71.08
2025-11-19,9:43:54.554550191,T,KO,I,3,71.09
2025-11-19,9:43:54.554550191,T,KO,I,12,71.09
2025-11-19,9:43:54.579070544,T,KO,I,1,71.09
2025-11-19,9:43:54.592293027,T,KO,I,1,71.09
2025-11-19,9:43:58.707390266,T,KO,F I,6,71.08
2025-11-19,9:43:58.707390266,T,KO,F I,11,71.08
2025-11-19,9:43:58.707393085,T,KO,F I,25,71.08
2025-11-19,9:44:00.132466199,T,KO,I,3,71.08
2025-11-19,9:44:00.132466199,T,KO,I,10,71.08
2025-11-19,9:44:00.132469479,T,KO,I,25,71.08
2025-11-19,9:44:00.132469479,T,KO,I,23,71.08
2025-11-19,9:44:00.132472167,T,KO,I,20,71.08
2025-11-19,9:44:00.154686344,T,KO,,100,71.085
2025-11-19,9:44:00.154689086,T,KO,I,25,71.09
2025-11-19,9:44:00.154689086,T,KO,,100,71.09
2025-11-19,9:44:00.154692225,T,KO,I,50,71.09
2025-11-19,9:44:00.154692225,T,KO,I,56,71.09
2025-11-19,9:44:00.154704092,T,KO,I,1,71.09
2025-11-19,9:44:01.133246721,T,KO,I,1,71.08
2025-11-19,9:44:01.135261503,T,KO,F I,46,71.07
2025-11-19,9:44:01.135264483,T,KO,F I,5,71.07
2025-11-19,9:44:01.135285517,T,KO,I,50,71.07
2025-11-19,9:44:02.627015286,T,KO,I,2,71.065
2025-11-19,9:44:03.366885369,T,KO,F I,55,71.06
2025-11-19,9:44:03.376376047,T,KO,I,58,71.06
2025-11-19,9:44:03.376379049,T,KO,I,3,71.06
2025-11-19,9:44:03.376379049,T,KO,I,46,71.06
2025-11-19,9:44:03.376396997,T,KO,I,1,71.06
2025-11-19,9:44:03.826830818,T,KO,F I,2,71.06
2025-11-19,9:44:04.630467900,T,KO,I,58,71.06
2025-11-19,9:44:06.126269350,T,KO,I,3,71.06
2025-11-19,9:44:06.126272378,T,KO,I,25,71.06
2025-11-19,9:44:07.435416377,T,KO,I,22,71.065
2025-11-19,9:44:07.435816255,T,KO,I,78,71.065
2025-11-19,9:44:12.123582039,T,KO,I,7,71.065
2025-11-19,9:44:13.958732687,T,KO,I,13,71.06
2025-11-19,9:44:16.895641508,T,KO,F I,34,71.06
2025-11-19,9:44:18.153372220,T,KO,F I,2,71.055
2025-11-19,9:44:24.123599176,T,KO,F I,36,71.055
2025-11-19,9:44:25.336700397,T,KO,I,3,71.055
2025-11-19,9:44:26.825477903,T,KO,F I,3,71.06
2025-11-19,9:44:26.825480216,T,KO,F I,50,71.06
2025-11-19,9:44:26.825483248,T,KO,F I,1,71.06
2025-11-19,9:44:32.687759426,T,KO,I,7,71.075
