DATE,TIME_M,EX,BID,BIDSIZ,ASK,ASKSIZ,SYM_ROOT
2025-12-30,9:30:00.137220036,T,70.0,100,70.15,100,KO
2025-12-30,9:30:00.137275193,T,69.87,100,70.15,100,KO
2025-12-30,9:30:01.190714240,T,69.87,100,70.06,100,KO
2025-12-30,9:30:01.190809540,T,69.87,100,70.15,200,KO
2025-12-30,9:30:01.190849803,T,69.87,100,70.06,100,KO
2025-12-30,9:30:01.191135308,T,69.87,100,70.15,200,KO
2025-12-30,9:30:01.191135308,T,69.87,100,70.06,100,KO
2025-12-30,9:30:01.191165293,T,69.87,100,70.03,100,KO
2025-12-30,9:30:01.191190436,T,70.01,100,70.03,100,KO
2025-12-30,9:30:01.191190436,T,69.87,100,70.03,100,KO
2025-12-30,9:30:01.191200374,T,69.87,100,70.15,200,KO
2025-12-30,9:30:01.191215461,T,69.87,100,70.15,100,KO
2025-12-30,9:30:01.191235579,T,69.87,100,70.15,200,KO
2025-12-30,9:30:01.191235579,T,70.0,100,70.15,200,KO
2025-12-30,9:30:01.191240474,T,70.0,100,70.03,100,KO
2025-12-30,9:30:01.191275949,T,69.87,100,70.03,100,KO
2025-12-30,9:30:01.191285690,T,69.87,100,70.07,100,KO
2025-12-30,9:30:01.191320756,T,69.87,200,70.07,100,KO
2025-12-30,9:30:01.191335789,T,69.87,200,70.15,200,KO
2025-12-30,9:30:01.191385820,T,69.87,200,70.15,300,KO
2025-12-30,9:30:01.191396055,T,70.0,100,70.15,300,KO
2025-12-30,9:30:01.191521241,T,69.87,200,70.15,300,KO
2025-12-30,9:30:01.191546376,T,69.87,200,70.15,200,KO
2025-12-30,9:30:01.191561231,T,69.87,200,70.15,300,KO
2025-12-30,9:30:01.191586374,T,69.87,200,70.02,100,KO
2025-12-30,9:30:01.191586374,T,69.87,200,70.15,300,KO
2025-12-30,9:30:01.191621366,T,69.87,200,70.02,100,KO
2025-12-30,9:30:01.191841892,T,69.87,100,70.02,100,KO
2025-12-30,9:30:01.192137746,T,69.87,200,70.02,100,KO
2025-12-30,9:30:01.192172926,T,69.87,100,70.02,100,KO
2025-12-30,9:30:01.263241943,T,69.87,100,70.06,100,KO
2025-12-30,9:30:01.553854172,T,69.87,200,70.06,100,KO
2025-12-30,9:30:01.553894240,T,69.91,100,70.06,100,KO
2025-12-30,9:30:01.702082172,T,69.91,100,70.06,200,KO
2025-12-30,9:30:01.719358431,T,69.91,100,70.06,100,KO
2025-12-30,9:30:02.059082476,T,69.91,200,70.06,100,KO
2025-12-30,9:30:03.097631183,T,69.91,200,70.03,100,KO
2025-12-30,9:30:03.097691457,T,69.91,200,70.01,100,KO
2025-12-30,9:30:03.097841424,T,69.91,200,70.03,100,KO
2025-12-30,9:30:03.098212320,T,69.91,200,70.01,100,KO
2025-12-30,9:30:03.098287396,T,69.91,200,70.01,200,KO
2025-12-30,9:30:03.098427736,T,69.91,200,70.0,100,KO
2025-12-30,9:30:03.098693457,T,69.91,200,70.01,100,KO
2025-12-30,9:30:03.106812808,T,69.91,200,70.05,200,KO
2025-12-30,9:30:03.219907048,T,69.91,200,70.01,100,KO
2025-12-30,9:30:03.219962245,T,69.91,300,70.01,100,KO
2025-12-30,9:30:03.219977308,T,69.91,400,70.01,100,KO
2025-12-30,9:30:03.220147756,T,69.91,400,70.0,100,KO
2025-12-30,9:30:03.220172692,T,69.91,400,70.01,100,KO
2025-12-30,9:30:03.220207843,T,69.91,400,70.05,200,KO
2025-12-30,9:30:03.227264666,T,69.91,400,70.05,100,KO
2025-12-30,9:30:03.227314692,T,69.91,400,70.06,100,KO
2025-12-30,9:30:03.271380112,T,69.91,300,70.06,100,KO
2025-12-30,9:30:03.271380112,T,69.91,200,70.06,100,KO
2025-12-30,9:30:03.271404776,T,69.97,200,70.06,100,KO
2025-12-30,9:30:03.272351951,T,69.97,200,70.03,100,KO
2025-12-30,9:30:03.299752243,T,69.91,200,70.03,100,KO
2025-12-30,9:30:03.299777318,T,69.91,100,70.03,100,KO
2025-12-30,9:30:03.299817436,T,69.91,100,70.0,100,KO
2025-12-30,9:30:03.304879527,T,69.91,100,69.99,200,KO
2025-12-30,9:30:04.238854050,T,69.91,200,69.99,200,KO
2025-12-30,9:30:04.295478793,T,69.91,200,70.03,200,KO
2025-12-30,9:30:04.299743975,T,69.91,200,69.99,100,KO
2025-12-30,9:30:05.030008105,T,69.91,200,70.0,100,KO
2025-12-30,9:30:05.030018179,T,69.91,200,69.99,100,KO
2025-12-30,9:30:05.534008428,T,69.91,200,70.03,200,KO
2025-12-30,9:30:05.534013431,T,69.91,200,69.99,100,KO
2025-12-30,9:30:05.534023886,T,69.91,200,70.0,100,KO
2025-12-30,9:30:05.534038587,T,69.97,100,70.0,100,KO
2025-12-30,9:30:05.534053509,T,69.97,100,70.03,200,KO
2025-12-30,9:30:05.534063557,T,69.91,200,70.03,200,KO
2025-12-30,9:30:05.534078769,T,69.91,200,70.03,100,KO
2025-12-30,9:30:05.534604871,T,69.98,100,70.03,100,KO
2025-12-30,9:30:05.534614863,T,69.99,100,70.03,100,KO
2025-12-30,9:30:05.534649952,T,69.91,200,70.03,100,KO
2025-12-30,9:30:05.535386763,T,69.91,200,70.05,100,KO
2025-12-30,9:30:05.713892014,T,69.91,200,70.06,200,KO
2025-12-30,9:30:05.713911939,T,69.91,200,70.06,100,KO
2025-12-30,9:30:05.713921994,T,69.97,100,70.06,100,KO
2025-12-30,9:30:05.713951978,T,69.97,200,70.06,100,KO
2025-12-30,9:30:05.936101062,T,69.97,200,70.04,100,KO
2025-12-30,9:30:05.936131171,T,69.97,200,70.04,200,KO
2025-12-30,9:30:05.936136170,T,69.97,100,70.04,200,KO
2025-12-30,9:30:05.936141186,T,69.97,100,70.03,100,KO
2025-12-30,9:30:05.936156253,T,69.97,100,70.04,300,KO
2025-12-30,9:30:05.936181221,T,69.97,100,70.04,400,KO
2025-12-30,9:30:05.936186255,T,69.97,100,70.03,100,KO
2025-12-30,9:30:05.936186255,T,69.97,200,70.03,100,KO
2025-12-30,9:30:05.936231364,T,69.97,200,70.04,400,KO
2025-12-30,9:30:05.936592195,T,69.97,100,70.04,400,KO
2025-12-30,9:30:05.936612262,T,69.97,100,70.01,100,KO
2025-12-30,9:30:05.936647405,T,69.91,200,70.01,100,KO
2025-12-30,9:30:05.956609944,T,69.91,200,70.03,100,KO
2025-12-30,9:30:05.986741637,T,69.91,200,70.04,200,KO
2025-12-30,9:30:05.986771699,T,69.91,200,70.04,100,KO
2025-12-30,9:30:05.986796768,T,69.91,200,70.05,100,KO
2025-12-30,9:30:06.124825512,T,69.91,200,70.03,100,KO
2025-12-30,9:30:06.567169113,T,69.91,200,70.05,100,KO
2025-12-30,9:30:07.176254722,T,69.91,200,70.06,100,KO
2025-12-30,9:30:08.419059574,T,69.98,100,70.06,100,KO
2025-12-30,9:30:09.655574390,T,69.98,100,70.05,100,KO
2025-12-30,9:30:09.655599685,T,69.91,200,70.05,100,KO
2025-12-30,9:30:09.670364674,T,69.91,200,70.02,100,KO
2025-12-30,9:30:09.690362316,T,69.91,200,70.03,100,KO
2025-12-30,9:30:10.194773541,T,69.98,100,70.03,100,KO
2025-12-30,9:30:10.194828725,T,69.98,100,70.05,100,KO
2025-12-30,9:30:10.201454599,T,69.98,100,70.06,100,KO
2025-12-30,9:30:10.201504601,T,69.98,100,70.03,400,KO
2025-12-30,9:30:11.427294060,T,70.0,100,70.03,400,KO
2025-12-30,9:30:11.427349272,T,69.91,200,70.03,400,KO
2025-12-30,9:30:11.859768989,T,69.91,200,70.03,500,KO
2025-12-30,9:30:11.859789038,T,69.91,200,70.03,100,KO
2025-12-30,9:30:11.859809166,T,69.91,200,70.02,400,KO
2025-12-30,9:30:15.859660300,T,69.97,100,70.02,400,KO
2025-12-30,9:30:17.567322345,T,69.98,100,70.02,400,KO
2025-12-30,9:30:17.567352405,T,69.98,200,70.02,400,KO
2025-12-30,9:30:17.567567919,T,69.99,100,70.02,400,KO
2025-12-30,9:30:17.567643148,T,69.99,200,70.02,400,KO
2025-12-30,9:30:17.567758679,T,69.99,200,70.04,100,KO
2025-12-30,9:30:17.567778392,T,70.01,100,70.04,100,KO
2025-12-30,9:30:17.568424902,T,70.01,100,70.04,400,KO
2025-12-30,9:30:17.568444981,T,70.01,100,70.04,300,KO
2025-12-30,9:30:17.568840934,T,70.0,200,70.04,300,KO
2025-12-30,9:30:18.074435128,T,70.0,100,70.04,300,KO
2025-12-30,9:30:18.074460230,T,69.99,200,70.04,300,KO
2025-12-30,9:30:19.293794186,T,69.99,100,70.04,300,KO
2025-12-30,9:30:19.293809386,T,69.99,100,70.03,100,KO
2025-12-30,9:30:19.293814320,T,69.99,100,70.03,200,KO
2025-12-30,9:30:19.293829307,T,69.99,100,70.03,300,KO
2025-12-30,9:30:19.293839309,T,69.99,100,70.01,300,KO
2025-12-30,9:30:19.293864372,T,69.98,200,70.01,300,KO
2025-12-30,9:30:19.294200131,T,69.98,200,70.01,400,KO
2025-12-30,9:30:19.294205171,T,69.98,100,70.01,400,KO
2025-12-30,9:30:19.294275422,T,69.98,100,70.0,300,KO
2025-12-30,9:30:19.294300505,T,69.97,200,70.0,300,KO
2025-12-30,9:30:20.871722345,T,69.97,100,70.0,300,KO
2025-12-30,9:30:20.936757194,T,69.91,200,70.0,300,KO
2025-12-30,9:30:20.953246497,T,69.97,100,70.0,300,KO
2025-12-30,9:30:21.065894775,T,69.91,200,70.0,300,KO
2025-12-30,9:30:21.182452804,T,69.91,200,70.02,100,KO
2025-12-30,9:30:21.182457387,T,69.91,200,69.99,100,KO
2025-12-30,9:30:21.182477360,T,69.91,200,69.98,300,KO
2025-12-30,9:30:21.182697966,T,69.91,200,69.98,400,KO
2025-12-30,9:30:21.182968662,T,69.96,100,69.98,400,KO
2025-12-30,9:30:21.197994382,T,69.91,200,69.98,400,KO
2025-12-30,9:30:21.198415372,T,69.91,200,69.98,500,KO
2025-12-30,9:30:21.198470482,T,69.96,100,69.98,500,KO
2025-12-30,9:30:21.198485509,T,69.91,200,69.98,500,KO
2025-12-30,9:30:21.198490514,T,69.91,200,69.98,400,KO
2025-12-30,9:30:21.198520572,T,69.91,200,69.98,500,KO
2025-12-30,9:30:21.198590836,T,69.91,200,69.98,400,KO
2025-12-30,9:30:21.244084116,T,69.91,300,69.98,400,KO
2025-12-30,9:30:21.427611318,T,69.91,300,69.98,300,KO
2025-12-30,9:30:21.589226302,T,69.91,300,69.99,100,KO
2025-12-30,9:30:21.589236254,T,69.91,300,69.99,200,KO
2025-12-30,9:30:21.589246347,T,69.91,300,69.99,300,KO
2025-12-30,9:30:21.589251308,T,69.91,300,69.97,300,KO
2025-12-30,9:30:21.589622193,T,69.91,300,69.96,300,KO
2025-12-30,9:30:21.589667283,T,69.91,300,69.98,200,KO
2025-12-30,9:30:21.589688443,T,69.92,100,69.98,200,KO
2025-12-30,9:30:21.589692305,T,69.92,200,69.98,200,KO
2025-12-30,9:30:21.589692305,T,69.92,200,69.98,100,KO
2025-12-30,9:30:21.589697383,T,69.95,100,69.98,100,KO
2025-12-30,9:30:21.589727404,T,69.92,400,69.98,100,KO
2025-12-30,9:30:21.589742435,T,69.92,500,69.98,100,KO
2025-12-30,9:30:21.589752439,T,69.92,400,69.98,100,KO
2025-12-30,9:30:21.590985472,T,69.92,300,69.98,100,KO
2025-12-30,9:30:21.590985472,T,69.92,200,69.98,100,KO
2025-12-30,9:30:21.591010457,T,69.95,100,69.98,100,KO
2025-12-30,9:30:21.591060583,T,69.95,100,69.99,200,KO
2025-12-30,9:30:21.593762433,T,69.95,200,69.99,200,KO
2025-12-30,9:30:21.593957444,T,69.95,100,69.99,200,KO
2025-12-30,9:30:21.593977565,T,69.95,100,69.97,100,KO
2025-12-30,9:30:21.593982539,T,69.92,300,69.97,100,KO
2025-12-30,9:30:21.595009995,T,69.92,300,69.98,200,KO
2025-12-30,9:30:21.600252492,T,69.92,300,69.98,100,KO
2025-12-30,9:30:21.600257457,T,69.95,100,69.98,100,KO
2025-12-30,9:30:21.602322461,T,69.95,100,69.99,200,KO
2025-12-30,9:30:21.631381707,T,69.92,200,69.99,200,KO
2025-12-30,9:30:23.832754459,T,69.92,100,69.99,200,KO
2025-12-30,9:30:23.832774329,T,69.92,100,69.97,100,KO
2025-12-30,9:30:23.832804757,T,69.92,100,69.97,200,KO
2025-12-30,9:30:23.832809437,T,69.92,100,69.96,100,KO
2025-12-30,9:30:23.832939825,T,69.92,100,69.97,200,KO
2025-12-30,9:30:23.832959807,T,69.92,100,69.97,100,KO
2025-12-30,9:30:23.832969811,T,69.92,200,69.97,100,KO
2025-12-30,9:30:23.832969811,T,69.93,100,69.97,100,KO
2025-12-30,9:30:23.832974902,T,69.94,100,69.97,100,KO
2025-12-30,9:30:23.833035120,T,69.94,200,69.97,100,KO
2025-12-30,9:30:23.833070120,T,69.94,100,69.97,100,KO
2025-12-30,9:30:23.833095098,T,69.93,400,69.97,100,KO
2025-12-30,9:30:23.833095098,T,69.95,100,69.97,100,KO
2025-12-30,9:30:23.833135209,T,69.95,100,69.97,200,KO
2025-12-30,9:30:23.833175314,T,69.95,100,69.97,300,KO
2025-12-30,9:30:23.833240471,T,69.95,100,69.97,200,KO
2025-12-30,9:30:23.833270597,T,69.95,100,69.97,300,KO
2025-12-30,9:30:23.833340679,T,69.95,100,69.97,200,KO
2025-12-30,9:30:23.833376028,T,69.95,100,69.97,300,KO
2025-12-30,9:30:23.833405869,T,69.95,100,69.97,200,KO
2025-12-30,9:30:23.833440925,T,69.95,100,69.97,300,KO
2025-12-30,9:30:23.833456018,T,69.95,100,69.97,200,KO
2025-12-30,9:30:23.833476011,T,69.95,200,69.97,200,KO
2025-12-30,9:30:23.833481025,T,69.95,200,69.97,100,KO
2025-12-30,9:30:23.833731754,T,69.95,200,69.97,200,KO
2025-12-30,9:30:23.833796875,T,69.95,300,69.97,200,KO
2025-12-30,9:30:23.833796875,T,69.95,200,69.97,200,KO
2025-12-30,9:30:23.834037405,T,69.95,100,69.97,200,KO
2025-12-30,9:30:23.834057442,T,69.94,200,69.97,200,KO
2025-12-30,9:30:23.834368261,T,69.95,100,69.97,200,KO
2025-12-30,9:30:23.834799272,T,69.95,100,69.97,300,KO
2025-12-30,9:30:23.836403043,T,69.95,100,69.97,200,KO
2025-12-30,9:30:23.836408079,T,69.95,200,69.97,200,KO
2025-12-30,9:30:23.836463234,T,69.95,100,69.97,200,KO
2025-12-30,9:30:23.836889405,T,69.96,100,69.97,200,KO
2025-12-30,9:30:23.842352532,T,69.96,100,69.97,100,KO
2025-12-30,9:30:23.842358213,T,69.96,100,69.98,100,KO
2025-12-30,9:30:23.842372286,T,69.96,200,69.98,100,KO
2025-12-30,9:30:23.842622824,T,69.96,200,69.99,200,KO
2025-12-30,9:30:23.842838297,T,69.96,200,69.99,100,KO
2025-12-30,9:30:23.842928545,T,69.96,100,69.99,100,KO
2025-12-30,9:30:23.843134142,T,69.96,200,69.99,100,KO
2025-12-30,9:30:23.843339535,T,69.96,100,69.99,100,KO
2025-12-30,9:30:23.843364629,T,69.95,200,69.99,100,KO
2025-12-30,9:30:23.843364629,T,69.97,100,69.99,100,KO
2025-12-30,9:30:23.887439580,T,69.97,100,70.0,200,KO
2025-12-30,9:30:25.035043015,T,69.95,200,70.0,200,KO
2025-12-30,9:30:25.035062886,T,69.95,100,70.0,200,KO
2025-12-30,9:30:25.035077885,T,69.95,100,69.99,100,KO
2025-12-30,9:30:25.035092924,T,69.95,100,69.98,100,KO
2025-12-30,9:30:25.035108152,T,69.94,200,69.98,100,KO
2025-12-30,9:30:25.035473887,T,69.94,200,69.98,200,KO
2025-12-30,9:30:25.035524195,T,69.94,200,69.98,300,KO
2025-12-30,9:30:25.040280395,T,69.94,200,69.98,200,KO
2025-12-30,9:30:25.040280395,T,69.94,200,69.98,100,KO
2025-12-30,9:30:25.322026370,T,69.94,200,69.99,200,KO
2025-12-30,9:30:25.839804467,T,69.94,200,69.99,100,KO
2025-12-30,9:30:25.840135231,T,69.94,200,70.0,200,KO
2025-12-30,9:30:30.224296739,T,69.96,100,70.0,200,KO
2025-12-30,9:30:30.224913166,T,69.96,200,70.0,200,KO
2025-12-30,9:30:30.224923534,T,69.96,200,70.0,100,KO
2025-12-30,9:30:30.225048625,T,69.96,300,70.0,100,KO
2025-12-30,9:30:30.225083613,T,69.96,300,70.01,300,KO
2025-12-30,9:30:30.225098966,T,69.96,200,70.01,300,KO
2025-12-30,9:30:30.225098966,T,69.98,100,70.01,300,KO
2025-12-30,9:30:30.225108665,T,69.98,100,70.01,200,KO
2025-12-30,9:30:30.225148851,T,69.98,200,70.01,200,KO
2025-12-30,9:30:30.225705124,T,69.98,200,70.01,100,KO
2025-12-30,9:30:30.225800291,T,69.99,100,70.01,100,KO
2025-12-30,9:30:30.225955791,T,69.97,200,70.01,100,KO
2025-12-30,9:30:30.225975740,T,69.97,200,70.0,100,KO
2025-12-30,9:30:30.225975740,T,69.97,200,70.0,200,KO
2025-12-30,9:30:30.226281561,T,69.97,200,70.0,300,KO
2025-12-30,9:30:30.226386735,T,69.97,100,70.0,300,KO
2025-12-30,9:30:30.226416809,T,69.97,200,70.0,300,KO
2025-12-30,9:30:30.226537027,T,69.97,200,70.0,200,KO
2025-12-30,9:30:30.226712507,T,69.97,100,70.0,200,KO
2025-12-30,9:30:30.226737584,T,69.96,200,70.0,200,KO
2025-12-30,9:30:30.227439227,T,69.97,100,70.0,200,KO
2025-12-30,9:30:30.227469301,T,69.97,200,70.0,200,KO
2025-12-30,9:30:30.234716571,T,69.97,200,70.0,100,KO
2025-12-30,9:30:30.289466988,T,69.97,100,70.0,100,KO
2025-12-30,9:30:30.289491974,T,69.96,200,70.0,100,KO
2025-12-30,9:30:30.290028304,T,69.97,100,70.0,100,KO
2025-12-30,9:30:30.359213143,T,69.96,200,70.0,100,KO
2025-12-30,9:30:30.359433642,T,69.96,200,70.01,100,KO
2025-12-30,9:30:30.359463704,T,69.96,200,70.02,200,KO
2025-12-30,9:30:30.359829559,T,69.97,100,70.02,200,KO
2025-12-30,9:30:30.359864588,T,69.97,200,70.02,200,KO
2025-12-30,9:30:30.361112547,T,69.98,100,70.02,200,KO
2025-12-30,9:30:30.361182858,T,69.98,200,70.02,200,KO
2025-12-30,9:30:30.362160279,T,69.98,200,70.02,100,KO
2025-12-30,9:30:30.362165143,T,69.98,200,70.03,400,KO
2025-12-30,9:30:30.362175111,T,70.0,100,70.03,400,KO
2025-12-30,9:30:30.362200435,T,70.0,100,70.02,400,KO
2025-12-30,9:30:30.362205238,T,70.0,200,70.02,400,KO
2025-12-30,9:30:30.362215251,T,70.0,100,70.02,400,KO
2025-12-30,9:30:30.362235253,T,70.0,100,70.01,100,KO
2025-12-30,9:30:30.362260298,T,70.0,100,70.01,500,KO
2025-12-30,9:30:30.362360514,T,70.0,100,70.01,900,KO
2025-12-30,9:30:30.362460815,T,69.99,200,70.01,900,KO
2025-12-30,9:30:30.362460815,T,69.99,100,70.01,900,KO
2025-12-30,9:30:30.362460815,T,69.99,100,70.01,1000,KO
2025-12-30,9:30:30.362480932,T,69.99,100,70.01,1100,KO
2025-12-30,9:30:30.362490832,T,69.99,100,70.01,1200,KO
2025-12-30,9:30:30.362510887,T,69.99,100,70.01,800,KO
2025-12-30,9:30:30.362515913,T,69.99,100,70.0,100,KO
2025-12-30,9:30:30.362515913,T,69.99,200,70.0,100,KO
2025-12-30,9:30:30.362541032,T,69.99,100,70.0,100,KO
2025-12-30,9:30:30.362546085,T,69.99,100,70.0,1000,KO
2025-12-30,9:30:30.362550967,T,69.99,100,70.0,900,KO
2025-12-30,9:30:30.362581796,T,69.99,100,70.0,800,KO
2025-12-30,9:30:30.362591105,T,69.98,200,70.0,800,KO
2025-12-30,9:30:30.362591105,T,69.98,100,70.0,800,KO
2025-12-30,9:30:30.362616293,T,69.98,100,70.01,100,KO
2025-12-30,9:30:30.362626282,T,69.98,100,70.01,200,KO
2025-12-30,9:30:30.362636192,T,69.98,100,70.0,900,KO
2025-12-30,9:30:30.362781636,T,69.98,100,70.0,1000,KO
2025-12-30,9:30:30.362791682,T,69.98,200,70.0,1000,KO
2025-12-30,9:30:30.362916900,T,69.98,200,70.0,800,KO
2025-12-30,9:30:30.362941995,T,69.98,200,70.0,100,KO
2025-12-30,9:30:30.362962218,T,69.98,200,70.0,800,KO
2025-12-30,9:30:30.362997053,T,69.98,100,70.0,800,KO
2025-12-30,9:30:30.363007306,T,69.98,100,70.0,700,KO
2025-12-30,9:30:30.363007306,T,69.98,100,70.0,600,KO
2025-12-30,9:30:30.363012100,T,69.98,100,70.01,200,KO
2025-12-30,9:30:30.363012100,T,69.98,200,70.01,200,KO
2025-12-30,9:30:30.363042210,T,69.98,200,70.01,300,KO
2025-12-30,9:30:30.363047795,T,69.99,100,70.01,300,KO
2025-12-30,9:30:30.363052273,T,69.99,100,70.01,200,KO
2025-12-30,9:30:30.363057377,T,69.98,200,70.01,200,KO
2025-12-30,9:30:30.363072275,T,69.98,100,70.01,200,KO
2025-12-30,9:30:30.363082316,T,69.98,100,70.01,300,KO
2025-12-30,9:30:30.363102301,T,69.98,200,70.01,300,KO
2025-12-30,9:30:30.363117418,T,69.98,200,70.0,100,KO
2025-12-30,9:30:30.363122395,T,69.98,100,70.0,100,KO
2025-12-30,9:30:30.363157461,T,69.97,200,70.0,100,KO
2025-12-30,9:30:30.363182487,T,69.97,200,70.0,200,KO
2025-12-30,9:30:30.363307865,T,69.99,100,70.0,200,KO
2025-12-30,9:30:30.363864155,T,69.98,200,70.0,200,KO
2025-12-30,9:30:30.379290886,T,69.98,200,70.0,100,KO
2025-12-30,9:30:30.379290886,T,69.98,100,70.0,100,KO
2025-12-30,9:30:30.379351001,T,69.97,200,70.0,100,KO
2025-12-30,9:30:30.464714360,T,69.97,200,70.01,200,KO
2025-12-30,9:30:30.627577227,T,69.97,200,70.01,100,KO
2025-12-30,9:30:30.627597254,T,69.99,100,70.01,100,KO
2025-12-30,9:30:30.628654768,T,69.98,200,70.01,100,KO
2025-12-30,9:30:30.877753189,T,69.98,100,70.01,100,KO
2025-12-30,9:30:30.877773128,T,69.97,200,70.01,100,KO
2025-12-30,9:30:30.877783158,T,69.97,200,70.02,200,KO
2025-12-30,9:30:32.143973905,T,69.97,100,70.02,200,KO
2025-12-30,9:30:32.154794695,T,69.97,100,70.02,100,KO
2025-12-30,9:30:33.393965783,T,69.97,100,70.01,100,KO
2025-12-30,9:30:35.806396254,T,69.96,200,70.01,100,KO
2025-12-30,9:30:36.388933781,T,69.97,100,70.01,100,KO
2025-12-30,9:30:36.524286032,T,69.96,200,70.01,100,KO
2025-12-30,9:30:37.144463069,T,69.97,100,70.01,100,KO
2025-12-30,9:30:37.169392406,T,69.96,200,70.01,100,KO
2025-12-30,9:30:37.946077240,T,69.97,100,70.01,100,KO
2025-12-30,9:30:40.170254422,T,69.96,200,70.01,100,KO
2025-12-30,9:30:40.272984173,T,69.97,100,70.01,100,KO
2025-12-30,9:30:41.193386458,T,69.96,200,70.01,100,KO
2025-12-30,9:30:42.214959215,T,69.97,100,70.01,100,KO
2025-12-30,9:30:42.214984308,T,69.97,100,70.01,200,KO
2025-12-30,9:30:42.215199732,T,69.96,100,70.01,200,KO
2025-12-30,9:30:42.215259965,T,69.96,100,70.01,300,KO
2025-12-30,9:30:42.303685535,T,69.96,100,70.01,200,KO
2025-12-30,9:30:42.939845540,T,69.97,100,70.01,200,KO
2025-12-30,9:30:42.939865637,T,69.97,100,70.01,100,KO
2025-12-30,9:30:42.939875637,T,69.97,200,70.01,100,KO
2025-12-30,9:30:42.939895650,T,69.97,200,70.01,200,KO
2025-12-30,9:30:42.939911048,T,69.97,100,70.01,200,KO
2025-12-30,9:30:42.947709261,T,69.96,100,70.01,200,KO
2025-12-30,9:30:44.376662547,T,69.95,200,70.01,200,KO
2025-12-30,9:30:45.057639442,T,69.96,100,70.01,200,KO
2025-12-30,9:30:47.920933725,T,69.96,100,70.01,100,KO
2025-12-30,9:30:51.092216633,T,69.95,200,70.01,100,KO
2025-12-30,9:30:51.092241703,T,69.95,100,70.01,100,KO
2025-12-30,9:30:51.524706649,T,69.95,100,70.01,200,KO
2025-12-30,9:30:51.524716615,T,69.95,100,70.0,100,KO
2025-12-30,9:30:51.524987301,T,69.95,100,70.0,200,KO
2025-12-30,9:30:51.524997290,T,69.95,100,70.0,300,KO
2025-12-30,9:30:51.573167119,T,69.94,200,70.0,300,KO
2025-12-30,9:30:51.573192165,T,69.94,100,70.0,300,KO
2025-12-30,9:30:52.357795737,T,69.94,100,69.99,200,KO
2025-12-30,9:30:54.170487942,T,69.94,100,69.99,100,KO
2025-12-30,9:30:54.359758717,T,69.94,100,70.0,200,KO
2025-12-30,9:30:54.359778770,T,69.96,100,70.0,200,KO
2025-12-30,9:30:54.359778770,T,69.97,100,70.0,200,KO
2025-12-30,9:30:54.359783811,T,69.97,200,70.0,200,KO
2025-12-30,9:30:54.359823874,T,69.97,300,70.0,200,KO
2025-12-30,9:30:54.359838999,T,69.97,300,70.0,100,KO
2025-12-30,9:30:54.359843979,T,69.97,400,70.0,100,KO
2025-12-30,9:30:54.359868984,T,69.97,400,70.01,100,KO
2025-12-30,9:30:54.360335187,T,69.97,300,70.01,100,KO
2025-12-30,9:30:54.360460759,T,69.97,300,70.02,200,KO
2025-12-30,9:30:54.360525644,T,69.97,300,70.01,100,KO
2025-12-30,9:30:54.360776174,T,69.97,400,70.01,100,KO
2025-12-30,9:30:54.361888837,T,69.97,400,70.01,200,KO
2025-12-30,9:30:54.366945920,T,69.97,300,70.01,200,KO
2025-12-30,9:30:54.459947428,T,69.97,200,70.01,200,KO
2025-12-30,9:30:54.501827219,T,69.97,200,70.01,100,KO
2025-12-30,9:30:54.592257535,T,69.97,200,70.03,200,KO
2025-12-30,9:30:54.839681751,T,69.97,100,70.03,200,KO
2025-12-30,9:30:54.839686767,T,69.98,100,70.03,200,KO
2025-12-30,9:30:55.687004775,T,69.98,100,70.01,100,KO
2025-12-30,9:30:55.687009902,T,69.97,100,70.01,100,KO
2025-12-30,9:30:55.687034804,T,69.97,100,70.01,200,KO
2025-12-30,9:30:55.687044846,T,69.97,100,70.01,100,KO
2025-12-30,9:30:55.687064845,T,69.97,100,70.01,200,KO
2025-12-30,9:30:55.687074955,T,69.96,200,70.01,200,KO
2025-12-30,9:30:55.687155116,T,69.97,100,70.01,200,KO
2025-12-30,9:30:55.687400667,T,69.97,100,70.01,300,KO
2025-12-30,9:30:55.687501078,T,69.96,200,70.01,300,KO
2025-12-30,9:30:55.706791849,T,69.96,100,70.01,300,KO
2025-12-30,9:30:55.737078955,T,69.97,100,70.01,300,KO
2025-12-30,9:30:55.737414813,T,69.96,100,70.01,300,KO
2025-12-30,9:30:55.737775604,T,69.96,100,70.01,200,KO
2025-12-30,9:30:55.881362617,T,69.96,100,70.01,100,KO
2025-12-30,9:30:55.881482919,T,69.96,200,70.01,100,KO
2025-12-30,9:30:56.145175982,T,69.96,200,70.02,100,KO
2025-12-30,9:31:03.773027851,T,69.97,100,70.02,100,KO
2025-12-30,9:31:04.504329531,T,69.96,200,70.02,100,KO
2025-12-30,9:31:05.204928211,T,69.96,200,70.02,200,KO
2025-12-30,9:31:07.804674711,T,69.97,100,70.02,200,KO
2025-12-30,9:31:07.806358761,T,69.96,200,70.02,200,KO
2025-12-30,9:31:08.771091657,T,69.96,100,70.02,200,KO
2025-12-30,9:31:09.579156083,T,69.96,200,70.02,200,KO
2025-12-30,9:31:10.273419500,T,69.96,100,70.02,200,KO
2025-12-30,9:31:10.557901964,T,69.96,100,70.01,100,KO
2025-12-30,9:31:10.557962157,T,69.96,100,70.0,100,KO
2025-12-30,9:31:10.557987173,T,69.96,200,70.0,100,KO
2025-12-30,9:31:10.616837389,T,69.96,100,70.0,100,KO
2025-12-30,9:31:11.168195429,T,69.96,200,70.0,100,KO
2025-12-30,9:31:11.178309564,T,69.96,100,70.0,100,KO
2025-12-30,9:31:11.652178210,T,69.96,100,70.01,200,KO
2025-12-30,9:31:11.652208184,T,69.96,200,70.01,200,KO
2025-12-30,9:31:11.652233268,T,69.96,200,70.01,100,KO
2025-12-30,9:31:11.652243332,T,69.96,200,70.02,200,KO
2025-12-30,9:31:11.652248481,T,69.96,200,69.99,100,KO
2025-12-30,9:31:11.652248481,T,69.96,200,69.99,200,KO
2025-12-30,9:31:11.653035144,T,69.96,100,69.99,200,KO
2025-12-30,9:31:11.653160469,T,69.95,300,69.99,200,KO
2025-12-30,9:31:11.653200599,T,69.96,100,69.99,200,KO
2025-12-30,9:31:11.654222994,T,69.95,300,69.99,200,KO
2025-12-30,9:31:11.746086810,T,69.95,300,69.99,300,KO
2025-12-30,9:31:11.746091772,T,69.95,200,69.99,300,KO
2025-12-30,9:31:11.746126896,T,69.95,100,69.99,300,KO
2025-12-30,9:31:11.805498257,T,69.94,200,69.99,300,KO
2025-12-30,9:31:11.907004991,T,69.94,200,69.99,200,KO
2025-12-30,9:31:12.127740740,T,69.94,200,69.99,300,KO
2025-12-30,9:31:12.897809825,T,69.94,200,69.99,200,KO
2025-12-30,9:31:13.205803368,T,69.94,200,69.99,300,KO
2025-12-30,9:31:13.311901060,T,69.94,200,69.99,200,KO
2025-12-30,9:31:13.312001310,T,69.94,200,69.99,300,KO
2025-12-30,9:31:13.312001310,T,69.94,200,69.99,200,KO
2025-12-30,9:31:13.312006357,T,69.94,200,69.99,300,KO
2025-12-30,9:31:13.312076387,T,69.94,200,69.99,400,KO
2025-12-30,9:31:13.312968564,T,69.94,100,69.99,400,KO
2025-12-30,9:31:13.313033686,T,69.94,100,69.98,100,KO
2025-12-30,9:31:13.313419580,T,69.93,300,69.98,100,KO
2025-12-30,9:31:13.324085001,T,69.93,300,69.99,400,KO
2025-12-30,9:31:14.650413855,T,69.93,300,69.99,300,KO
2025-12-30,9:31:14.729026159,T,69.93,300,69.99,400,KO
2025-12-30,9:31:15.449988223,T,69.93,300,69.98,100,KO
2025-12-30,9:31:15.449993244,T,69.93,300,69.98,200,KO
2025-12-30,9:31:15.449993244,T,69.93,300,69.97,100,KO
2025-12-30,9:31:15.450058323,T,69.93,200,69.97,100,KO
2025-12-30,9:31:15.450529452,T,69.93,100,69.97,100,KO
2025-12-30,9:31:15.450564542,T,69.93,100,69.97,200,KO
2025-12-30,9:31:15.450965457,T,69.93,100,69.96,100,KO
2025-12-30,9:31:15.451000679,T,69.93,100,69.96,200,KO
2025-12-30,9:31:15.451050728,T,69.93,100,69.96,300,KO
2025-12-30,9:31:15.451070808,T,69.93,100,69.96,200,KO
2025-12-30,9:31:15.451070808,T,69.93,100,69.95,100,KO
2025-12-30,9:31:15.451622121,T,69.92,100,69.95,100,KO
2025-12-30,9:31:15.467098888,T,69.92,100,69.96,200,KO
2025-12-30,9:31:15.467098888,T,69.92,100,69.96,100,KO
2025-12-30,9:31:15.467119051,T,69.94,100,69.96,100,KO
2025-12-30,9:31:15.467680434,T,69.93,300,69.96,100,KO
2025-12-30,9:31:15.470847835,T,69.93,300,69.97,200,KO
2025-12-30,9:31:15.488249349,T,69.93,300,69.97,100,KO
2025-12-30,9:31:15.567127119,T,69.93,200,69.97,100,KO
2025-12-30,9:31:15.602325957,T,69.93,200,69.98,200,KO
2025-12-30,9:31:15.946465701,T,69.93,200,69.97,100,KO
2025-12-30,9:31:16.081958356,T,69.93,100,69.97,100,KO
2025-12-30,9:31:16.081988398,T,69.92,200,69.97,100,KO
2025-12-30,9:31:16.083377031,T,69.92,200,69.97,200,KO
2025-12-30,9:31:16.083377031,T,69.92,200,69.96,100,KO
2025-12-30,9:31:16.083441894,T,69.93,100,69.96,100,KO
2025-12-30,9:31:16.083527069,T,69.92,200,69.96,100,KO
2025-12-30,9:31:16.083547161,T,69.92,200,69.95,100,KO
2025-12-30,9:31:16.094833963,T,69.92,200,69.96,200,KO
2025-12-30,9:31:16.145965865,T,69.92,200,69.96,100,KO
2025-12-30,9:31:17.061130383,T,69.92,200,69.97,200,KO
2025-12-30,9:31:17.460396349,T,69.92,200,69.97,100,KO
2025-12-30,9:31:17.460461466,T,69.92,200,69.98,200,KO
2025-12-30,9:31:17.460501532,T,69.92,200,69.98,100,KO
2025-12-30,9:31:17.460536534,T,69.92,200,69.98,200,KO
2025-12-30,9:31:17.461032831,T,69.93,100,69.98,200,KO
2025-12-30,9:31:17.485606284,T,69.92,200,69.98,200,KO
2025-12-30,9:31:18.099929424,T,69.93,100,69.98,200,KO
2025-12-30,9:31:18.180641677,T,69.93,100,69.98,100,KO
2025-12-30,9:31:18.323401662,T,69.92,200,69.98,100,KO
2025-12-30,9:31:18.514150961,T,69.92,200,69.98,200,KO
2025-12-30,9:31:18.514150961,T,69.92,200,69.97,100,KO
2025-12-30,9:31:18.514171061,T,69.92,200,69.97,200,KO
2025-12-30,9:31:18.514727369,T,69.92,200,69.97,300,KO
2025-12-30,9:31:18.526004232,T,69.92,200,69.97,200,KO
2025-12-30,9:31:19.451699104,T,69.93,100,69.97,200,KO
2025-12-30,9:31:20.144007890,T,69.93,100,69.97,100,KO
2025-12-30,9:31:20.180605007,T,69.93,100,69.98,200,KO
2025-12-30,9:31:21.055463585,T,69.93,100,69.98,100,KO
2025-12-30,9:31:23.235816323,T,69.93,100,69.99,300,KO
2025-12-30,9:31:23.235866426,T,69.93,100,69.99,200,KO
2025-12-30,9:31:23.235901536,T,69.93,100,69.99,300,KO
2025-12-30,9:31:23.236086935,T,69.93,100,69.99,200,KO
2025-12-30,9:31:23.238653044,T,69.93,100,69.99,300,KO
2025-12-30,9:31:23.855918139,T,69.93,100,69.98,100,KO
2025-12-30,9:31:25.266958685,T,69.93,200,69.98,100,KO
2025-12-30,9:31:25.266998895,T,69.93,200,69.97,100,KO
2025-12-30,9:31:25.267004062,T,69.93,100,69.97,100,KO
2025-12-30,9:31:25.267004062,T,69.93,100,69.96,100,KO
2025-12-30,9:31:25.267028876,T,69.93,100,69.96,200,KO
2025-12-30,9:31:25.267565434,T,69.93,100,69.96,100,KO
2025-12-30,9:31:25.271168773,T,69.93,100,69.97,300,KO
2025-12-30,9:31:25.285016708,T,69.93,100,69.97,200,KO
2025-12-30,9:31:25.442201103,T,69.94,100,69.97,200,KO
2025-12-30,9:31:26.855988205,T,69.94,100,69.96,100,KO
2025-12-30,9:31:29.026332130,T,69.93,100,69.96,100,KO
2025-12-30,9:31:29.026352158,T,69.93,100,69.95,100,KO
2025-12-30,9:31:29.026577757,T,69.93,100,69.95,200,KO
2025-12-30,9:31:29.026908470,T,69.93,100,69.95,100,KO
2025-12-30,9:31:29.027028791,T,69.92,100,69.95,100,KO
2025-12-30,9:31:29.027053841,T,69.92,100,69.95,200,KO
2025-12-30,9:31:29.037608949,T,69.92,100,69.95,100,KO
2025-12-30,9:31:29.085172298,T,69.92,100,69.95,200,KO
2025-12-30,9:31:29.085172298,T,69.91,300,69.95,200,KO
2025-12-30,9:31:29.108157066,T,69.91,300,69.95,100,KO
2025-12-30,9:31:29.129698383,T,69.91,300,69.96,200,KO
2025-12-30,9:31:29.834441844,T,69.92,100,69.96,200,KO
2025-12-30,9:31:30.161560839,T,69.92,100,69.95,100,KO
2025-12-30,9:31:30.161636000,T,69.93,100,69.95,100,KO
2025-12-30,9:31:30.161656243,T,69.93,100,69.96,300,KO
2025-12-30,9:31:30.161686136,T,69.93,100,69.96,200,KO
2025-12-30,9:31:30.161696153,T,69.93,200,69.96,200,KO
2025-12-30,9:31:30.161751331,T,69.94,100,69.96,200,KO
2025-12-30,9:31:30.161751331,T,69.94,200,69.96,200,KO
2025-12-30,9:31:30.161751331,T,69.94,200,69.96,300,KO
2025-12-30,9:31:30.161771340,T,69.94,200,69.96,200,KO
2025-12-30,9:31:30.161781981,T,69.94,300,69.96,200,KO
2025-12-30,9:31:30.161786342,T,69.94,300,69.96,100,KO
2025-12-30,9:31:30.162493163,T,69.94,300,69.96,200,KO
2025-12-30,9:31:30.164898888,T,69.94,200,69.96,200,KO
2025-12-30,9:31:30.164928903,T,69.94,100,69.96,200,KO
2025-12-30,9:31:30.164953885,T,69.93,200,69.96,200,KO
2025-12-30,9:31:30.176366139,T,69.93,100,69.96,200,KO
2025-12-30,9:31:30.264360628,T,69.93,100,69.96,100,KO
2025-12-30,9:31:30.265122542,T,69.93,100,69.96,200,KO
2025-12-30,9:31:30.352515692,T,69.92,100,69.96,200,KO
2025-12-30,9:31:34.025919300,T,69.92,100,69.96,300,KO
2025-12-30,9:31:34.026245044,T,69.92,100,69.95,100,KO
2025-12-30,9:31:34.048858930,T,69.92,100,69.96,300,KO
2025-12-30,9:31:34.112385208,T,69.92,100,69.96,200,KO
2025-12-30,9:31:34.323573179,T,69.92,100,69.95,100,KO
2025-12-30,9:31:34.500865428,T,69.92,100,69.95,200,KO
2025-12-30,9:31:34.500890589,T,69.91,200,69.95,200,KO
2025-12-30,9:31:34.500915686,T,69.91,200,69.95,300,KO
2025-12-30,9:31:34.500915686,T,69.91,200,69.95,200,KO
2025-12-30,9:31:34.500920626,T,69.91,100,69.95,200,KO
2025-12-30,9:31:34.500925571,T,69.9,200,69.95,200,KO
2025-12-30,9:31:34.503792453,T,69.9,200,69.95,100,KO
2025-12-30,9:31:34.503802491,T,69.91,100,69.95,100,KO
2025-12-30,9:31:34.503827504,T,69.91,200,69.95,100,KO
2025-12-30,9:31:34.503837507,T,69.92,100,69.95,100,KO
2025-12-30,9:31:34.503862544,T,69.92,100,69.95,200,KO
2025-12-30,9:31:34.504168317,T,69.92,200,69.95,200,KO
2025-12-30,9:31:34.504203419,T,69.93,100,69.95,200,KO
2025-12-30,9:31:34.504614382,T,69.93,100,69.95,100,KO
2025-12-30,9:31:34.504649450,T,69.93,100,69.96,300,KO
2025-12-30,9:31:34.505371277,T,69.93,100,69.95,100,KO
2025-12-30,9:31:34.538515144,T,69.93,100,69.96,300,KO
2025-12-30,9:31:34.549791965,T,69.93,100,69.96,200,KO
2025-12-30,9:31:34.896357509,T,69.93,100,69.96,100,KO
2025-12-30,9:31:35.520869742,T,69.93,200,69.96,100,KO
2025-12-30,9:31:37.941705884,T,69.93,300,69.96,100,KO
2025-12-30,9:31:37.941705884,T,69.94,100,69.96,100,KO
2025-12-30,9:31:37.941715501,T,69.94,200,69.96,100,KO
2025-12-30,9:31:37.941730815,T,69.94,300,69.96,100,KO
2025-12-30,9:31:37.941780624,T,69.94,200,69.96,100,KO
2025-12-30,9:31:37.941825869,T,69.94,200,69.95,100,KO
2025-12-30,9:31:37.942111717,T,69.94,300,69.95,100,KO
2025-12-30,9:31:37.942116564,T,69.94,400,69.95,100,KO
2025-12-30,9:31:37.942397126,T,69.94,400,69.96,200,KO
2025-12-30,9:31:37.942407203,T,69.94,500,69.96,200,KO
2025-12-30,9:31:37.942427228,T,69.94,600,69.96,200,KO
2025-12-30,9:31:37.942437311,T,69.94,600,69.96,100,KO
2025-12-30,9:31:37.942447334,T,69.94,500,69.96,100,KO
2025-12-30,9:31:37.942457236,T,69.94,600,69.96,100,KO
2025-12-30,9:31:37.942457236,T,69.94,700,69.96,100,KO
2025-12-30,9:31:37.942522410,T,69.94,600,69.96,100,KO
2025-12-30,9:31:37.942582552,T,69.94,500,69.96,100,KO
2025-12-30,9:31:37.942602678,T,69.94,500,69.96,200,KO
2025-12-30,9:31:37.942632714,T,69.94,500,69.96,100,KO
2025-12-30,9:31:37.942642734,T,69.94,600,69.96,100,KO
2025-12-30,9:31:37.942667731,T,69.94,600,69.96,200,KO
2025-12-30,9:31:37.942698057,T,69.94,600,69.96,100,KO
2025-12-30,9:31:37.942698057,T,69.94,700,69.96,100,KO
2025-12-30,9:31:37.942833190,T,69.94,700,69.96,200,KO
2025-12-30,9:31:37.942988626,T,69.94,600,69.96,200,KO
2025-12-30,9:31:37.943018666,T,69.94,600,69.96,100,KO
2025-12-30,9:31:37.943023701,T,69.94,500,69.96,100,KO
2025-12-30,9:31:37.943048678,T,69.94,500,69.96,200,KO
2025-12-30,9:31:37.943148880,T,69.94,400,69.96,200,KO
2025-12-30,9:31:37.943324331,T,69.94,300,69.96,200,KO
2025-12-30,9:31:37.943334325,T,69.94,400,69.96,200,KO
2025-12-30,9:31:37.943359410,T,69.94,400,69.96,300,KO
2025-12-30,9:31:37.943369456,T,69.94,300,69.96,300,KO
2025-12-30,9:31:37.943379451,T,69.94,200,69.96,300,KO
2025-12-30,9:31:37.943394512,T,69.94,200,69.96,200,KO
2025-12-30,9:31:37.943409527,T,69.94,300,69.96,200,KO
2025-12-30,9:31:37.943414510,T,69.94,400,69.96,200,KO
2025-12-30,9:31:37.943414510,T,69.94,500,69.96,200,KO
2025-12-30,9:31:37.943419550,T,69.94,400,69.96,200,KO
2025-12-30,9:31:37.943424621,T,69.94,400,69.96,300,KO
2025-12-30,9:31:37.944607407,T,69.94,400,69.96,200,KO
2025-12-30,9:31:37.944637419,T,69.94,300,69.96,200,KO
2025-12-30,9:31:37.945574685,T,69.94,200,69.96,200,KO
2025-12-30,9:31:37.945604782,T,69.94,100,69.96,200,KO
2025-12-30,9:31:38.854163488,T,69.93,300,69.96,200,KO
2025-12-30,9:31:39.855172638,T,69.93,300,69.96,100,KO
2025-12-30,9:31:39.892712026,T,69.93,300,69.97,200,KO
2025-12-30,9:31:39.892747050,T,69.93,200,69.97,200,KO
2025-12-30,9:31:39.892772097,T,69.93,200,69.96,100,KO
2025-12-30,9:31:39.892777231,T,69.93,200,69.95,100,KO
2025-12-30,9:31:39.893102938,T,69.93,200,69.95,200,KO
2025-12-30,9:31:39.893960142,T,69.93,100,69.95,200,KO
2025-12-30,9:31:39.894180547,T,69.93,100,69.95,100,KO
2025-12-30,9:31:39.894325789,T,69.93,200,69.95,100,KO
2025-12-30,9:31:39.894340807,T,69.93,300,69.95,100,KO
2025-12-30,9:31:39.894616486,T,69.93,300,69.96,200,KO
2025-12-30,9:31:39.894616486,T,69.93,200,69.96,200,KO
2025-12-30,9:31:39.894651616,T,69.93,300,69.96,200,KO
2025-12-30,9:31:39.894671678,T,69.93,300,69.96,100,KO
2025-12-30,9:31:39.894882206,T,69.93,200,69.96,100,KO
2025-12-30,9:31:39.894887202,T,69.93,200,69.97,200,KO
2025-12-30,9:31:40.094713055,T,69.93,100,69.97,200,KO
2025-12-30,9:31:40.094738138,T,69.93,100,69.96,100,KO
2025-12-30,9:31:40.492465408,T,69.93,100,69.97,200,KO
2025-12-30,9:31:40.984813055,T,69.93,100,69.96,100,KO
2025-12-30,9:31:41.099676577,T,69.93,100,69.97,200,KO
2025-12-30,9:31:41.099681615,T,69.93,100,69.96,100,KO
2025-12-30,9:31:41.100107606,T,69.93,100,69.96,200,KO
2025-12-30,9:31:41.104718560,T,69.93,100,69.96,100,KO
2025-12-30,9:31:41.347882687,T,69.93,100,69.97,200,KO
2025-12-30,9:31:41.882711489,T,69.93,100,69.96,100,KO
2025-12-30,9:31:41.883082398,T,69.92,200,69.96,100,KO
2025-12-30,9:31:41.883112495,T,69.92,100,69.96,100,KO
2025-12-30,9:31:41.893787871,T,69.92,200,69.96,100,KO
2025-12-30,9:31:42.594737306,T,69.92,200,69.96,200,KO
2025-12-30,9:31:42.594737306,T,69.92,100,69.96,200,KO
2025-12-30,9:31:42.596807236,T,69.92,100,69.95,100,KO
2025-12-30,9:31:42.613822763,T,69.92,100,69.96,200,KO
2025-12-30,9:31:42.909747492,T,69.92,100,69.96,100,KO
2025-12-30,9:31:43.021463512,T,69.92,200,69.96,100,KO
2025-12-30,9:31:43.021493677,T,69.92,200,69.96,200,KO
2025-12-30,9:31:43.021784365,T,69.92,300,69.96,200,KO
2025-12-30,9:31:43.021959734,T,69.92,300,69.96,100,KO
2025-12-30,9:31:43.038318703,T,69.92,300,69.97,200,KO
2025-12-30,9:31:43.123220881,T,69.92,200,69.97,200,KO
2025-12-30,9:31:43.123581695,T,69.92,200,69.96,100,KO
2025-12-30,9:31:43.387590551,T,69.92,200,69.97,200,KO
2025-12-30,9:31:44.451188635,T,69.92,200,69.96,100,KO
2025-12-30,9:31:44.976279188,T,69.92,100,69.96,100,KO
2025-12-30,9:31:44.976299338,T,69.92,100,69.94,100,KO
2025-12-30,9:31:44.976334665,T,69.92,100,69.94,200,KO
2025-12-30,9:31:44.980414114,T,69.92,100,69.94,100,KO
2025-12-30,9:31:44.983336019,T,69.92,100,69.95,300,KO
2025-12-30,9:31:44.987551139,T,69.92,100,69.95,200,KO
2025-12-30,9:31:45.047092851,T,69.92,100,69.95,100,KO
2025-12-30,9:31:45.696910423,T,69.91,100,69.95,100,KO
2025-12-30,9:31:46.966634493,T,69.91,100,69.96,100,KO
2025-12-30,9:31:46.966634493,T,69.91,100,69.95,100,KO
2025-12-30,9:31:46.967200827,T,69.91,100,69.95,200,KO
2025-12-30,9:31:46.987002952,T,69.91,100,69.95,100,KO
2025-12-30,9:31:47.031694466,T,69.9,200,69.95,100,KO
2025-12-30,9:31:47.741239250,T,69.9,200,69.95,200,KO
2025-12-30,9:31:47.824186861,T,69.9,200,69.95,100,KO
2025-12-30,9:31:47.981135646,T,69.9,200,69.96,200,KO
2025-12-30,9:31:47.981155698,T,69.9,200,69.95,100,KO
2025-12-30,9:31:48.341694377,T,69.9,100,69.95,100,KO
2025-12-30,9:31:48.491070145,T,69.91,100,69.95,100,KO
2025-12-30,9:31:52.239211862,T,69.91,100,69.96,200,KO
2025-12-30,9:31:52.239251942,T,69.91,100,69.96,100,KO
2025-12-30,9:31:52.459205719,T,69.91,100,69.95,100,KO
2025-12-30,9:31:52.591195131,T,69.91,100,69.95,200,KO
2025-12-30,9:31:52.599950925,T,69.91,100,69.95,100,KO
2025-12-30,9:31:53.681867676,T,69.92,100,69.95,100,KO
2025-12-30,9:31:53.682258622,T,69.93,100,69.95,100,KO
2025-12-30,9:31:55.017935073,T,69.91,100,69.95,100,KO
2025-12-30,9:31:55.017965195,T,69.91,100,69.94,100,KO
2025-12-30,9:31:55.017965195,T,69.91,100,69.94,200,KO
2025-12-30,9:31:55.017969918,T,69.91,100,69.94,300,KO
2025-12-30,9:31:55.018215587,T,69.91,100,69.94,400,KO
2025-12-30,9:31:55.018511223,T,69.91,100,69.94,300,KO
2025-12-30,9:31:55.018531365,T,69.9,100,69.94,300,KO
2025-12-30,9:31:55.025001732,T,69.9,100,69.94,200,KO
2025-12-30,9:31:55.218121708,T,69.9,100,69.94,100,KO
2025-12-30,9:31:55.298939224,T,69.9,100,69.94,200,KO
2025-12-30,9:31:56.564974418,T,69.9,100,69.94,100,KO
2025-12-30,9:31:58.106611024,T,69.91,100,69.94,100,KO
2025-12-30,9:31:58.106636096,T,69.91,200,69.94,100,KO
2025-12-30,9:31:58.107072167,T,69.91,100,69.94,100,KO
2025-12-30,9:31:58.398125319,T,69.9,200,69.94,100,KO
2025-12-30,9:31:58.676638579,T,69.9,200,69.94,200,KO
2025-12-30,9:31:58.677029551,T,69.9,100,69.94,200,KO
2025-12-30,9:31:58.677470543,T,69.9,100,69.93,100,KO
2025-12-30,9:31:58.677545756,T,69.9,100,69.94,200,KO
2025-12-30,9:31:58.677585858,T,69.9,100,69.93,100,KO
2025-12-30,9:31:58.677585858,T,69.9,100,69.94,200,KO
2025-12-30,9:31:58.677585858,T,69.9,100,69.94,300,KO
2025-12-30,9:31:58.677595867,T,69.9,100,69.93,100,KO
2025-12-30,9:31:58.677615891,T,69.9,100,69.94,300,KO
2025-12-30,9:31:58.677831431,T,69.9,100,69.94,200,KO
2025-12-30,9:31:58.746700422,T,69.9,100,69.94,100,KO
2025-12-30,9:31:58.780536065,T,69.89,300,69.94,100,KO
2025-12-30,9:31:58.829502620,T,69.89,300,69.94,200,KO
2025-12-30,9:31:58.829507703,T,69.89,300,69.93,100,KO
2025-12-30,9:31:58.847756086,T,69.89,300,69.92,100,KO
2025-12-30,9:31:58.847766145,T,69.89,300,69.92,200,KO
2025-12-30,9:31:58.847786199,T,69.89,300,69.92,100,KO
2025-12-30,9:31:58.848322434,T,69.89,300,69.93,200,KO
2025-12-30,9:31:58.850126752,T,69.89,200,69.93,200,KO
2025-12-30,9:31:59.348588816,T,69.89,200,69.92,100,KO
2025-12-30,9:31:59.584620974,T,69.89,200,69.93,200,KO
2025-12-30,9:31:59.585347766,T,69.89,200,69.93,100,KO
2025-12-30,9:32:01.171861361,T,69.89,200,69.92,100,KO
2025-12-30,9:32:01.171866332,T,69.89,200,69.91,100,KO
2025-12-30,9:32:01.171901457,T,69.89,200,69.91,200,KO
2025-12-30,9:32:01.172071839,T,69.89,200,69.91,100,KO
2025-12-30,9:32:01.172172084,T,69.89,200,69.91,200,KO
2025-12-30,9:32:01.172182093,T,69.89,100,69.91,200,KO
2025-12-30,9:32:01.172272367,T,69.89,100,69.91,300,KO
2025-12-30,9:32:01.172337494,T,69.89,100,69.91,400,KO
2025-12-30,9:32:01.172422675,T,69.89,100,69.91,300,KO
2025-12-30,9:32:01.172693305,T,69.89,100,69.91,200,KO
2025-12-30,9:32:01.172763431,T,69.87,300,69.91,200,KO
2025-12-30,9:32:01.172839042,T,69.87,200,69.91,200,KO
2025-12-30,9:32:01.173435066,T,69.87,200,69.91,100,KO
2025-12-30,9:32:01.174643041,T,69.87,300,69.91,100,KO
2025-12-30,9:32:01.180186188,T,69.87,200,69.91,100,KO
2025-12-30,9:32:01.181950360,T,69.87,200,69.9,100,KO
2025-12-30,9:32:01.181980418,T,69.87,200,69.9,200,KO
2025-12-30,9:32:01.181985409,T,69.87,200,69.9,300,KO
2025-12-30,9:32:01.182466765,T,69.87,200,69.9,200,KO
2025-12-30,9:32:01.182486695,T,69.88,100,69.9,200,KO
2025-12-30,9:32:01.182486695,T,69.88,100,69.9,100,KO
2025-12-30,9:32:01.182502619,T,69.88,200,69.9,100,KO
2025-12-30,9:32:01.182516738,T,69.88,300,69.9,100,KO
2025-12-30,9:32:01.182727307,T,69.88,400,69.9,100,KO
2025-12-30,9:32:01.182787407,T,69.89,100,69.9,100,KO
2025-12-30,9:32:01.183012851,T,69.89,100,69.91,200,KO
2025-12-30,9:32:01.183048030,T,69.89,100,69.91,100,KO
2025-12-30,9:32:01.183213368,T,69.89,100,69.92,200,KO
2025-12-30,9:32:01.264913053,T,69.88,300,69.92,200,KO
2025-12-30,9:32:01.279452601,T,69.88,200,69.92,200,KO
2025-12-30,9:32:01.279648121,T,69.88,100,69.92,200,KO
2025-12-30,9:32:01.279653305,T,69.87,300,69.92,200,KO
2025-12-30,9:32:01.279808470,T,69.88,100,69.92,200,KO
2025-12-30,9:32:01.279863600,T,69.88,200,69.92,200,KO
2025-12-30,9:32:01.280274563,T,69.88,200,69.91,100,KO
2025-12-30,9:32:01.280320151,T,69.88,200,69.9,100,KO
2025-12-30,9:32:01.280359842,T,69.88,200,69.9,200,KO
2025-12-30,9:32:01.280364797,T,69.88,200,69.9,100,KO
2025-12-30,9:32:01.280424983,T,69.88,100,69.9,100,KO
2025-12-30,9:32:01.280429982,T,69.87,300,69.9,100,KO
2025-12-30,9:32:01.280449970,T,69.87,300,69.9,200,KO
2025-12-30,9:32:01.280475224,T,69.87,300,69.9,300,KO
2025-12-30,9:32:01.280495111,T,69.87,300,69.89,100,KO
2025-12-30,9:32:01.280565300,T,69.87,200,69.89,100,KO
2025-12-30,9:32:01.280770793,T,69.87,300,69.89,100,KO
2025-12-30,9:32:01.280815859,T,69.87,300,69.89,200,KO
2025-12-30,9:32:01.288383951,T,69.87,300,69.89,100,KO
2025-12-30,9:32:01.288393943,T,69.88,100,69.89,100,KO
2025-12-30,9:32:01.288679632,T,69.88,200,69.89,100,KO
2025-12-30,9:32:01.291561486,T,69.88,100,69.89,100,KO
2025-12-30,9:32:01.394576819,T,69.88,100,69.91,300,KO
2025-12-30,9:32:01.394601927,T,69.88,100,69.91,200,KO
2025-12-30,9:32:01.444751438,T,69.88,100,69.91,100,KO
2025-12-30,9:32:01.857013236,T,69.88,100,69.91,200,KO
2025-12-30,9:32:01.869548066,T,69.87,200,69.91,200,KO
2025-12-30,9:32:02.121533139,T,69.88,100,69.91,200,KO
2025-12-30,9:32:02.121538130,T,69.88,200,69.91,200,KO
2025-12-30,9:32:02.121843924,T,69.88,100,69.91,200,KO
2025-12-30,9:32:02.121848888,T,69.88,200,69.91,200,KO
2025-12-30,9:32:02.121873972,T,69.88,200,69.9,100,KO
2025-12-30,9:32:02.121944153,T,69.88,300,69.9,100,KO
2025-12-30,9:32:02.122034313,T,69.89,100,69.9,100,KO
2025-12-30,9:32:02.122039817,T,69.88,200,69.9,100,KO
2025-12-30,9:32:02.122064500,T,69.88,200,69.9,200,KO
2025-12-30,9:32:02.122144978,T,69.88,300,69.9,200,KO
2025-12-30,9:32:02.122164629,T,69.88,300,69.9,300,KO
2025-12-30,9:32:02.122310004,T,69.88,200,69.9,300,KO
2025-12-30,9:32:02.122575731,T,69.88,300,69.9,300,KO
2025-12-30,9:32:02.122620737,T,69.88,300,69.9,200,KO
2025-12-30,9:32:02.122625828,T,69.88,200,69.9,200,KO
2025-12-30,9:32:02.165207184,T,69.88,100,69.9,200,KO
2025-12-30,9:32:02.165227223,T,69.88,100,69.9,100,KO
2025-12-30,9:32:02.325268398,T,69.87,300,69.9,100,KO
2025-12-30,9:32:02.325268398,T,69.88,100,69.9,100,KO
2025-12-30,9:32:02.325438795,T,69.89,100,69.9,100,KO
2025-12-30,9:32:02.334700817,T,69.87,300,69.9,100,KO
2025-12-30,9:32:03.091247668,T,69.87,300,69.91,200,KO
2025-12-30,9:32:03.091277727,T,69.87,300,69.89,100,KO
2025-12-30,9:32:03.908394386,T,69.87,300,69.9,100,KO
2025-12-30,9:32:03.908413749,T,69.87,300,69.91,200,KO
2025-12-30,9:32:03.908429023,T,69.88,100,69.91,200,KO
2025-12-30,9:32:03.908443778,T,69.88,200,69.91,200,KO
2025-12-30,9:32:03.908443778,T,69.88,300,69.91,200,KO
2025-12-30,9:32:03.908669416,T,69.88,400,69.91,200,KO
2025-12-30,9:32:03.908779750,T,69.88,300,69.91,200,KO
2025-12-30,9:32:03.908854776,T,69.88,400,69.91,200,KO
2025-12-30,9:32:03.908965044,T,69.89,100,69.91,200,KO
2025-12-30,9:32:03.908965044,T,69.89,200,69.91,200,KO
2025-12-30,9:32:03.908990104,T,69.89,300,69.91,200,KO
2025-12-30,9:32:03.908995167,T,69.89,200,69.91,200,KO
2025-12-30,9:32:03.909020188,T,69.89,100,69.91,200,KO
2025-12-30,9:32:03.909260775,T,69.89,100,69.9,100,KO
2025-12-30,9:32:03.909817064,T,69.89,100,69.91,200,KO
2025-12-30,9:32:03.976074849,T,69.87,300,69.91,200,KO
2025-12-30,9:32:04.016882048,T,69.87,300,69.91,100,KO
2025-12-30,9:32:04.017017348,T,69.88,100,69.91,100,KO
2025-12-30,9:32:04.186716585,T,69.87,300,69.91,100,KO
2025-12-30,9:32:04.510958714,T,69.87,300,69.91,200,KO
2025-12-30,9:32:05.178323178,T,69.88,100,69.91,200,KO
2025-12-30,9:32:05.178353194,T,69.88,100,69.91,100,KO
2025-12-30,9:32:05.212379259,T,69.88,100,69.92,200,KO
2025-12-30,9:32:06.056780417,T,69.88,100,69.92,100,KO
2025-12-30,9:32:06.057326694,T,69.89,100,69.92,100,KO
2025-12-30,9:32:06.057356818,T,69.89,200,69.92,100,KO
2025-12-30,9:32:06.057361850,T,69.89,300,69.92,100,KO
2025-12-30,9:32:06.057446998,T,69.89,300,69.93,200,KO
2025-12-30,9:32:06.064453693,T,69.89,200,69.93,200,KO
2025-12-30,9:32:06.065025120,T,69.89,100,69.93,200,KO
2025-12-30,9:32:06.065050069,T,69.89,100,69.93,300,KO
2025-12-30,9:32:06.065075272,T,69.89,100,69.93,200,KO
2025-12-30,9:32:06.065145343,T,69.89,200,69.93,200,KO
2025-12-30,9:32:06.134530642,T,69.89,200,69.93,100,KO
2025-12-30,9:32:06.169744762,T,69.91,100,69.93,100,KO
2025-12-30,9:32:06.169754573,T,69.91,100,69.94,200,KO
2025-12-30,9:32:06.169774534,T,69.91,200,69.94,200,KO
2025-12-30,9:32:06.169779626,T,69.91,100,69.94,200,KO
2025-12-30,9:32:06.169814574,T,69.91,100,69.93,100,KO
2025-12-30,9:32:06.169829653,T,69.91,100,69.93,200,KO
2025-12-30,9:32:06.169854754,T,69.89,200,69.93,200,KO
2025-12-30,9:32:06.169879744,T,69.89,100,69.93,200,KO
2025-12-30,9:32:06.169884790,T,69.89,200,69.93,200,KO
2025-12-30,9:32:06.169980014,T,69.89,200,69.92,100,KO
2025-12-30,9:32:06.174290281,T,69.89,200,69.92,200,KO
2025-12-30,9:32:06.175237566,T,69.89,100,69.92,200,KO
2025-12-30,9:32:06.288156418,T,69.88,300,69.92,200,KO
2025-12-30,9:32:06.288572515,T,69.88,300,69.92,100,KO
2025-12-30,9:32:07.629736458,T,69.89,100,69.92,100,KO
2025-12-30,9:32:07.629736458,T,69.89,200,69.92,100,KO
2025-12-30,9:32:07.689764556,T,69.89,200,69.93,200,KO
2025-12-30,9:32:07.689789495,T,69.9,100,69.93,200,KO
2025-12-30,9:32:07.689794515,T,69.9,100,69.93,100,KO
2025-12-30,9:32:07.689799631,T,69.9,100,69.94,200,KO
2025-12-30,9:32:07.689819591,T,69.92,100,69.94,200,KO
2025-12-30,9:32:07.689844722,T,69.92,200,69.94,200,KO
2025-12-30,9:32:07.690110309,T,69.92,200,69.94,100,KO
2025-12-30,9:32:07.690340815,T,69.92,200,69.94,200,KO
2025-12-30,9:32:07.690355900,T,69.92,100,69.94,200,KO
2025-12-30,9:32:07.690355900,T,69.91,100,69.94,200,KO
2025-12-30,9:32:07.690375920,T,69.91,100,69.92,100,KO
2025-12-30,9:32:07.690932196,T,69.91,100,69.94,200,KO
2025-12-30,9:32:07.754318162,T,69.89,200,69.94,200,KO
2025-12-30,9:32:08.982282970,T,69.89,200,69.94,100,KO
2025-12-30,9:32:08.986989110,T,69.9,100,69.94,100,KO
2025-12-30,9:32:08.986989110,T,69.9,200,69.94,100,KO
2025-12-30,9:32:09.353006002,T,69.9,100,69.94,100,KO
2025-12-30,9:32:09.610098036,T,69.89,200,69.94,100,KO
2025-12-30,9:32:10.957431963,T,69.9,100,69.94,100,KO
2025-12-30,9:32:10.957431963,T,69.9,200,69.94,100,KO
2025-12-30,9:32:11.148702483,T,69.9,100,69.94,100,KO
2025-12-30,9:32:11.410130006,T,69.89,200,69.94,100,KO
2025-12-30,9:32:11.504038712,T,69.9,100,69.94,100,KO
2025-12-30,9:32:11.504073776,T,69.9,200,69.94,100,KO
2025-12-30,9:32:11.661874694,T,69.9,100,69.94,100,KO
2025-12-30,9:32:11.880375000,T,69.89,200,69.94,100,KO
2025-12-30,9:32:11.880390048,T,69.89,200,69.93,100,KO
2025-12-30,9:32:11.880956351,T,69.89,200,69.93,200,KO
2025-12-30,9:32:11.892268345,T,69.89,100,69.93,200,KO
2025-12-30,9:32:12.035654839,T,69.89,100,69.93,100,KO
2025-12-30,9:32:12.058028096,T,69.88,300,69.93,100,KO
2025-12-30,9:32:12.058098244,T,69.88,300,69.93,200,KO
2025-12-30,9:32:12.058108284,T,69.88,300,69.93,100,KO
2025-12-30,9:32:12.058564359,T,69.88,300,69.93,200,KO
2025-12-30,9:32:12.062959882,T,69.88,300,69.93,100,KO
2025-12-30,9:32:12.478644867,T,69.88,300,69.93,200,KO
2025-12-30,9:32:12.523772408,T,69.88,300,69.93,100,KO
2025-12-30,9:32:12.615500918,T,69.88,200,69.93,100,KO
2025-12-30,9:32:13.194349471,T,69.88,300,69.93,100,KO
2025-12-30,9:32:13.347313730,T,69.88,200,69.93,100,KO
2025-12-30,9:32:13.348100633,T,69.88,200,69.93,200,KO
2025-12-30,9:32:13.354150360,T,69.88,100,69.93,200,KO
2025-12-30,9:32:13.354170189,T,69.88,100,69.92,100,KO
2025-12-30,9:32:13.354170189,T,69.88,100,69.91,100,KO
2025-12-30,9:32:13.354175767,T,69.88,100,69.91,200,KO
2025-12-30,9:32:13.354205133,T,69.88,100,69.91,300,KO
2025-12-30,9:32:13.354210258,T,69.88,100,69.91,200,KO
2025-12-30,9:32:13.354215225,T,69.88,100,69.91,300,KO
2025-12-30,9:32:13.354240190,T,69.88,100,69.91,400,KO
2025-12-30,9:32:13.354245324,T,69.88,100,69.9,100,KO
2025-12-30,9:32:13.354801557,T,69.88,100,69.91,500,KO
2025-12-30,9:32:13.361212010,T,69.88,100,69.91,400,KO
2025-12-30,9:32:13.361367183,T,69.88,100,69.91,300,KO
2025-12-30,9:32:13.362119076,T,69.88,100,69.91,200,KO
2025-12-30,9:32:13.362149055,T,69.88,100,69.91,300,KO
2025-12-30,9:32:13.363121455,T,69.88,100,69.91,200,KO
2025-12-30,9:32:13.433373685,T,69.88,100,69.91,100,KO
2025-12-30,9:32:13.433584167,T,69.87,300,69.91,100,KO
2025-12-30,9:32:13.454358739,T,69.87,300,69.92,200,KO
2025-12-30,9:32:14.110441224,T,69.87,300,69.92,100,KO
2025-12-30,9:32:15.102544004,T,69.87,300,69.93,200,KO
2025-12-30,9:32:15.161148663,T,69.87,300,69.93,100,KO
2025-12-30,9:32:15.161579616,T,69.87,300,69.93,200,KO
2025-12-30,9:32:15.714782136,T,69.87,300,69.91,100,KO
2025-12-30,9:32:15.714827274,T,69.87,300,69.92,100,KO
2025-12-30,9:32:15.714847242,T,69.87,300,69.92,200,KO
2025-12-30,9:32:15.771336811,T,69.87,300,69.92,100,KO
2025-12-30,9:32:16.193011134,T,69.87,200,69.92,100,KO
2025-12-30,9:32:16.281481825,T,69.87,200,69.92,200,KO
2025-12-30,9:32:16.379670755,T,69.87,200,69.92,100,KO
2025-12-30,9:32:16.911106488,T,69.87,200,69.92,200,KO
2025-12-30,9:32:17.728388039,T,69.87,200,69.92,100,KO
2025-12-30,9:32:17.728463104,T,69.87,300,69.92,100,KO
2025-12-30,9:32:18.144729504,T,69.87,200,69.92,100,KO
2025-12-30,9:32:18.319410741,T,69.87,300,69.92,100,KO
2025-12-30,9:32:18.496497265,T,69.87,200,69.92,100,KO
2025-12-30,9:32:19.330047374,T,69.87,300,69.92,100,KO
2025-12-30,9:32:19.330057469,T,69.87,300,69.92,200,KO
2025-12-30,9:32:19.330067398,T,69.87,200,69.92,200,KO
2025-12-30,9:32:19.468206430,T,69.88,100,69.92,200,KO
2025-12-30,9:32:19.518606479,T,69.87,300,69.92,200,KO
2025-12-30,9:32:19.628082208,T,69.87,300,69.92,100,KO
2025-12-30,9:32:21.185135525,T,69.87,200,69.92,100,KO
2025-12-30,9:32:23.032906303,T,69.87,200,69.92,200,KO
2025-12-30,9:32:23.404656606,T,69.87,200,69.92,100,KO
2025-12-30,9:32:23.855745917,T,69.87,200,69.92,200,KO
2025-12-30,9:32:23.856908779,T,69.87,200,69.91,100,KO
2025-12-30,9:32:23.856999091,T,69.87,200,69.91,200,KO
2025-12-30,9:32:23.857004026,T,69.87,200,69.9,100,KO
2025-12-30,9:32:23.857013988,T,69.87,200,69.9,200,KO
2025-12-30,9:32:23.857039099,T,69.87,200,69.89,100,KO
2025-12-30,9:32:23.857044179,T,69.87,200,69.89,200,KO
2025-12-30,9:32:23.857049051,T,69.87,100,69.89,200,KO
2025-12-30,9:32:23.861208924,T,69.87,100,69.89,100,KO
2025-12-30,9:32:23.864181021,T,69.87,100,69.9,300,KO
2025-12-30,9:32:23.875056986,T,69.87,100,69.9,200,KO
2025-12-30,9:32:23.922940988,T,69.87,100,69.9,100,KO
2025-12-30,9:32:24.291107833,T,69.87,100,69.91,300,KO
2025-12-30,9:32:25.292989032,T,69.87,100,69.91,200,KO
2025-12-30,9:32:25.293024069,T,69.87,100,69.91,100,KO
2025-12-30,9:32:25.452564079,T,69.87,100,69.91,200,KO
2025-12-30,9:32:25.615106280,T,69.87,100,69.91,100,KO
2025-12-30,9:32:26.092002069,T,69.87,100,69.92,200,KO
2025-12-30,9:32:26.092017057,T,69.87,100,69.91,100,KO
2025-12-30,9:32:26.191915072,T,69.87,100,69.92,200,KO
2025-12-30,9:32:26.917428009,T,69.87,100,69.91,100,KO
2025-12-30,9:32:27.190132622,T,69.87,100,69.92,200,KO
2025-12-30,9:32:27.190804111,T,69.87,100,69.91,100,KO
2025-12-30,9:32:27.338300401,T,69.87,100,69.92,200,KO
2025-12-30,9:32:27.338841780,T,69.87,100,69.91,100,KO
2025-12-30,9:32:27.409645300,T,69.87,100,69.92,200,KO
2025-12-30,9:32:28.310876754,T,69.87,100,69.9,100,KO
2025-12-30,9:32:28.310906679,T,69.87,100,69.9,200,KO
2025-12-30,9:32:28.310911699,T,69.87,100,69.9,300,KO
2025-12-30,9:32:28.311022034,T,69.86,200,69.9,300,KO
2025-12-30,9:32:28.311026981,T,69.86,100,69.9,300,KO
2025-12-30,9:32:28.311042000,T,69.86,100,69.88,100,KO
2025-12-30,9:32:28.311047045,T,69.86,100,69.88,200,KO
2025-12-30,9:32:28.311047045,T,69.86,100,69.88,300,KO
2025-12-30,9:32:28.311057195,T,69.86,200,69.88,300,KO
2025-12-30,9:32:28.311092264,T,69.86,100,69.88,300,KO
2025-12-30,9:32:28.311097268,T,69.87,100,69.88,300,KO
2025-12-30,9:32:28.311603380,T,69.87,100,69.88,200,KO
2025-12-30,9:32:28.312159731,T,69.87,100,69.88,100,KO
2025-12-30,9:32:28.384201465,T,69.87,100,69.89,100,KO
2025-12-30,9:32:28.384221276,T,69.87,100,69.9,300,KO
2025-12-30,9:32:28.384226325,T,69.88,100,69.9,300,KO
2025-12-30,9:32:28.384236533,T,69.88,200,69.9,300,KO
2025-12-30,9:32:28.384241330,T,69.88,300,69.9,300,KO
2025-12-30,9:32:28.384251394,T,69.88,300,69.9,200,KO
2025-12-30,9:32:28.384261374,T,69.88,400,69.9,200,KO
2025-12-30,9:32:28.384582220,T,69.88,300,69.9,200,KO
2025-12-30,9:32:28.384602307,T,69.88,400,69.9,200,KO
2025-12-30,9:32:28.384852808,T,69.88,400,69.9,100,KO
2025-12-30,9:32:28.385354097,T,69.88,300,69.9,100,KO
2025-12-30,9:32:28.626909372,T,69.88,200,69.9,100,KO
2025-12-30,9:32:29.648337040,T,69.88,100,69.9,100,KO
2025-12-30,9:32:30.051387012,T,69.88,100,69.91,200,KO
2025-12-30,9:32:30.051447188,T,69.88,100,69.91,100,KO
2025-12-30,9:32:31.476285560,T,69.88,100,69.92,200,KO
2025-12-30,9:32:32.374795549,T,69.88,100,69.91,100,KO
2025-12-30,9:32:33.291153044,T,69.88,100,69.92,200,KO
2025-12-30,9:32:33.648940170,T,69.88,200,69.92,200,KO
2025-12-30,9:32:34.129885605,T,69.88,200,69.91,100,KO
2025-12-30,9:32:34.263423635,T,69.88,200,69.92,200,KO
2025-12-30,9:32:34.786965504,T,69.88,200,69.92,100,KO
2025-12-30,9:32:34.787015695,T,69.88,200,69.9,100,KO
2025-12-30,9:32:34.787030668,T,69.88,200,69.9,200,KO
2025-12-30,9:32:34.791165616,T,69.88,200,69.9,100,KO
2025-12-30,9:32:34.796087328,T,69.88,200,69.91,100,KO
2025-12-30,9:32:34.892557033,T,69.88,100,69.91,100,KO
2025-12-30,9:32:35.286019167,T,69.88,100,69.91,200,KO
2025-12-30,9:32:35.286024237,T,69.87,100,69.91,200,KO
2025-12-30,9:32:35.286049269,T,69.87,100,69.89,100,KO
2025-12-30,9:32:35.286084323,T,69.87,100,69.89,200,KO
2025-12-30,9:32:35.286605544,T,69.87,100,69.89,100,KO
2025-12-30,9:32:35.297306064,T,69.87,100,69.9,100,KO
2025-12-30,9:32:37.219874922,T,69.87,100,69.91,300,KO
2025-12-30,9:32:37.380793208,T,69.87,100,69.91,200,KO
2025-12-30,9:32:37.381073831,T,69.87,200,69.91,200,KO
2025-12-30,9:32:37.459365306,T,69.87,200,69.91,100,KO
2025-12-30,9:32:38.300879534,T,69.87,100,69.91,100,KO
2025-12-30,9:32:38.415742989,T,69.87,200,69.91,100,KO
2025-12-30,9:32:39.144664095,T,69.87,100,69.91,100,KO
2025-12-30,9:32:40.084843269,T,69.87,100,69.91,200,KO
2025-12-30,9:32:41.343019768,T,69.87,200,69.91,200,KO
2025-12-30,9:32:41.343024775,T,69.87,200,69.9,100,KO
2025-12-30,9:32:41.343099969,T,69.87,200,69.9,200,KO
2025-12-30,9:32:41.371713112,T,69.87,200,69.9,100,KO
2025-12-30,9:32:43.671976530,T,69.87,200,69.91,200,KO
2025-12-30,9:32:44.135204757,T,69.87,200,69.91,100,KO
2025-12-30,9:32:44.228336585,T,69.87,200,69.91,200,KO
2025-12-30,9:32:44.315639611,T,69.87,200,69.9,100,KO
2025-12-30,9:32:44.315649501,T,69.87,200,69.89,100,KO
2025-12-30,9:32:44.315995396,T,69.87,200,69.9,200,KO
2025-12-30,9:32:44.360130472,T,69.87,200,69.9,100,KO
2025-12-30,9:32:44.453106962,T,69.87,200,69.89,100,KO
2025-12-30,9:32:44.453132061,T,69.87,100,69.89,100,KO
2025-12-30,9:32:44.453142013,T,69.87,100,69.88,100,KO
2025-12-30,9:32:44.453192124,T,69.86,200,69.88,100,KO
2025-12-30,9:32:44.453222282,T,69.86,100,69.88,100,KO
2025-12-30,9:32:44.453252332,T,69.86,100,69.88,200,KO
2025-12-30,9:32:44.453302387,T,69.86,100,69.88,100,KO
2025-12-30,9:32:44.453322450,T,69.85,200,69.88,100,KO
2025-12-30,9:32:44.453498190,T,69.86,100,69.88,100,KO
2025-12-30,9:32:44.453522991,T,69.86,100,69.88,200,KO
2025-12-30,9:32:44.453547972,T,69.85,200,69.88,200,KO
2025-12-30,9:32:44.453568015,T,69.85,200,69.88,100,KO
2025-12-30,9:32:44.453863740,T,69.85,200,69.89,200,KO
2025-12-30,9:32:44.453938968,T,69.86,100,69.89,200,KO
2025-12-30,9:32:44.454079274,T,69.86,100,69.88,100,KO
2025-12-30,9:32:44.505206007,T,69.85,200,69.88,100,KO
2025-12-30,9:32:44.505211229,T,69.85,200,69.88,200,KO
2025-12-30,9:32:44.505211229,T,69.85,200,69.88,300,KO
2025-12-30,9:32:44.505226149,T,69.86,100,69.88,300,KO
2025-12-30,9:32:44.505241057,T,69.85,200,69.88,300,KO
2025-12-30,9:32:44.505767400,T,69.85,200,69.88,200,KO
2025-12-30,9:32:44.509380960,T,69.85,200,69.88,100,KO
2025-12-30,9:32:44.565985798,T,69.85,200,69.89,200,KO
2025-12-30,9:32:44.566015839,T,69.85,200,69.89,100,KO
2025-12-30,9:32:44.603771167,T,69.85,100,69.89,100,KO
2025-12-30,9:32:44.603795896,T,69.85,100,69.87,100,KO
2025-12-30,9:32:44.603801640,T,69.85,100,69.87,200,KO
2025-12-30,9:32:44.603806448,T,69.85,200,69.87,200,KO
2025-12-30,9:32:44.603815933,T,69.85,100,69.87,200,KO
2025-12-30,9:32:44.603820960,T,69.84,300,69.87,200,KO
2025-12-30,9:32:44.603835928,T,69.84,300,69.87,100,KO
2025-12-30,9:32:44.603840940,T,69.86,100,69.87,100,KO
2025-12-30,9:32:44.603926111,T,69.86,100,69.88,100,KO
2025-12-30,9:32:44.604066560,T,69.86,100,69.87,100,KO
2025-12-30,9:32:44.604116673,T,69.86,100,69.88,200,KO
2025-12-30,9:32:44.609138545,T,69.86,100,69.88,100,KO
2025-12-30,9:32:44.807265425,T,69.85,100,69.88,100,KO
2025-12-30,9:32:44.907424010,T,69.85,100,69.89,200,KO
2025-12-30,9:32:44.908045502,T,69.85,200,69.89,200,KO
2025-12-30,9:32:44.918174599,T,69.85,200,69.89,100,KO
2025-12-30,9:32:45.663068692,T,69.85,200,69.9,200,KO
2025-12-30,9:32:46.301769786,T,69.85,200,69.9,100,KO
2025-12-30,9:32:46.303854700,T,69.85,200,69.9,200,KO
2025-12-30,9:32:46.704143106,T,69.85,200,69.9,100,KO
2025-12-30,9:32:46.714086769,T,69.86,100,69.9,100,KO
2025-12-30,9:32:47.428182531,T,69.86,100,69.91,400,KO
2025-12-30,9:32:47.428944234,T,69.86,200,69.91,400,KO
2025-12-30,9:32:47.450004729,T,69.87,100,69.91,400,KO
2025-12-30,9:32:47.450034465,T,69.87,200,69.91,400,KO
2025-12-30,9:32:47.485293478,T,69.87,100,69.91,400,KO
2025-12-30,9:32:47.775654973,T,69.87,200,69.91,400,KO
2025-12-30,9:32:47.775920610,T,69.87,200,69.91,300,KO
2025-12-30,9:32:47.775955663,T,69.87,200,69.91,200,KO
2025-12-30,9:32:47.777980507,T,69.87,200,69.91,100,KO
2025-12-30,9:32:47.791322303,T,69.87,200,69.92,200,KO
2025-12-30,9:32:48.366632519,T,69.87,300,69.92,200,KO
2025-12-30,9:32:48.596314505,T,69.87,200,69.92,200,KO
2025-12-30,9:32:48.685587140,T,69.87,100,69.92,200,KO
2025-12-30,9:32:48.877093181,T,69.87,200,69.92,200,KO
2025-12-30,9:32:48.877153684,T,69.87,100,69.92,200,KO
2025-12-30,9:32:48.877158318,T,69.87,100,69.91,100,KO
2025-12-30,9:32:49.482104149,T,69.87,200,69.91,100,KO
2025-12-30,9:32:49.508191219,T,69.87,200,69.92,200,KO
2025-12-30,9:32:50.148150408,T,69.88,100,69.92,200,KO
2025-12-30,9:32:50.148180540,T,69.88,200,69.92,200,KO
2025-12-30,9:32:50.181434732,T,69.88,100,69.92,200,KO
2025-12-30,9:32:50.208599435,T,69.88,100,69.92,100,KO
2025-12-30,9:32:50.684106913,T,69.87,300,69.92,100,KO
2025-12-30,9:32:51.005958473,T,69.87,300,69.92,200,KO
2025-12-30,9:32:51.057455995,T,69.87,300,69.92,100,KO
2025-12-30,9:32:51.084615673,T,69.88,100,69.92,100,KO
2025-12-30,9:32:51.439731469,T,69.87,300,69.92,100,KO
2025-12-30,9:32:51.441360446,T,69.87,300,69.92,200,KO
2025-12-30,9:32:51.502350618,T,69.87,200,69.92,200,KO
2025-12-30,9:32:51.807066406,T,69.87,300,69.92,200,KO
2025-12-30,9:32:51.908593168,T,69.87,200,69.92,200,KO
2025-12-30,9:32:51.948262636,T,69.87,200,69.91,100,KO
2025-12-30,9:32:51.958632298,T,69.87,100,69.91,100,KO
2025-12-30,9:32:51.958662379,T,69.87,100,69.92,200,KO
2025-12-30,9:32:52.384616976,T,69.87,200,69.92,200,KO
2025-12-30,9:32:52.685122562,T,69.88,100,69.92,200,KO
2025-12-30,9:32:55.703170469,T,69.87,100,69.92,200,KO
2025-12-30,9:32:56.842639296,T,69.87,200,69.92,200,KO
2025-12-30,9:32:56.842639296,T,69.87,200,69.92,100,KO
2025-12-30,9:32:57.534632367,T,69.87,200,69.92,200,KO
2025-12-30,9:32:58.098916351,T,69.87,200,69.92,100,KO
2025-12-30,9:32:59.182587286,T,69.87,200,69.93,200,KO
2025-12-30,9:32:59.693649378,T,69.88,100,69.93,200,KO
2025-12-30,9:32:59.814642634,T,69.88,200,69.93,200,KO
2025-12-30,9:33:00.107219330,T,69.88,200,69.92,100,KO
2025-12-30,9:33:00.107810787,T,69.88,200,69.93,200,KO
2025-12-30,9:33:00.107840962,T,69.88,300,69.93,200,KO
2025-12-30,9:33:00.233114348,T,69.88,200,69.93,200,KO
2025-12-30,9:33:01.015056481,T,69.88,200,69.92,100,KO
2025-12-30,9:33:01.015106611,T,69.88,200,69.92,200,KO
2025-12-30,9:33:01.027380813,T,69.88,200,69.92,100,KO
2025-12-30,9:33:01.830859504,T,69.88,200,69.93,200,KO
2025-12-30,9:33:01.831586174,T,69.88,300,69.93,200,KO
2025-12-30,9:33:01.896170061,T,69.88,200,69.93,200,KO
2025-12-30,9:33:01.896856587,T,69.88,200,69.92,100,KO
2025-12-30,9:33:02.180827947,T,69.88,200,69.93,200,KO
2025-12-30,9:33:02.216132017,T,69.88,200,69.92,100,KO
2025-12-30,9:33:02.323463107,T,69.88,100,69.92,100,KO
2025-12-30,9:33:02.324039087,T,69.88,100,69.92,200,KO
2025-12-30,9:33:02.350667480,T,69.88,100,69.92,100,KO
2025-12-30,9:33:02.471064477,T,69.88,100,69.92,200,KO
2025-12-30,9:33:02.471069184,T,69.88,100,69.91,100,KO
2025-12-30,9:33:02.471089210,T,69.88,100,69.9,100,KO
2025-12-30,9:33:02.472101646,T,69.86,100,69.9,100,KO
2025-12-30,9:33:02.472467521,T,69.86,200,69.9,100,KO
2025-12-30,9:33:02.472487585,T,69.86,200,69.91,200,KO
2025-12-30,9:33:02.472522655,T,69.87,100,69.91,200,KO
2025-12-30,9:33:02.472928639,T,69.87,200,69.91,200,KO
2025-12-30,9:33:02.477905636,T,69.87,200,69.9,100,KO
2025-12-30,9:33:02.978552870,T,69.87,100,69.9,100,KO
2025-12-30,9:33:03.457588780,T,69.87,200,69.9,100,KO
2025-12-30,9:33:03.508510031,T,69.87,100,69.9,100,KO
2025-12-30,9:33:03.508540088,T,69.86,200,69.9,100,KO
2025-12-30,9:33:03.609189762,T,69.86,100,69.9,100,KO
2025-12-30,9:33:05.877612354,T,69.86,100,69.9,200,KO
2025-12-30,9:33:05.877873081,T,69.85,200,69.9,200,KO
2025-12-30,9:33:05.877923075,T,69.85,300,69.9,200,KO
2025-12-30,9:33:07.123128806,T,69.85,200,69.9,200,KO
2025-12-30,9:33:08.268651874,T,69.85,300,69.9,200,KO
2025-12-30,9:33:08.568110174,T,69.85,300,69.9,100,KO
2025-12-30,9:33:08.568676426,T,69.85,300,69.91,300,KO
2025-12-30,9:33:08.622023544,T,69.87,100,69.91,300,KO
2025-12-30,9:33:08.622048599,T,69.87,200,69.91,300,KO
2025-12-30,9:33:08.622088621,T,69.87,100,69.91,300,KO
2025-12-30,9:33:08.740932161,T,69.87,100,69.91,200,KO
2025-12-30,9:33:08.740986864,T,69.87,100,69.91,100,KO
2025-12-30,9:33:15.416987040,T,69.86,200,69.91,100,KO
2025-12-30,9:33:15.905750658,T,69.86,200,69.92,300,KO
2025-12-30,9:33:15.905800769,T,69.88,100,69.92,300,KO
2025-12-30,9:33:15.905831020,T,69.88,200,69.92,300,KO
2025-12-30,9:33:15.905835968,T,69.88,300,69.92,300,KO
2025-12-30,9:33:15.945500349,T,69.88,200,69.92,300,KO
2025-12-30,9:33:15.961272886,T,69.88,200,69.92,200,KO
2025-12-30,9:33:16.871716182,T,69.88,300,69.92,200,KO
2025-12-30,9:33:17.628929586,T,69.88,200,69.92,200,KO
2025-12-30,9:33:17.656615481,T,69.88,200,69.92,300,KO
2025-12-30,9:33:17.689734449,T,69.88,200,69.92,200,KO
2025-12-30,9:33:18.031758884,T,69.88,200,69.92,300,KO
2025-12-30,9:33:18.055936464,T,69.88,200,69.92,200,KO
2025-12-30,9:33:18.890880034,T,69.88,200,69.92,300,KO
2025-12-30,9:33:18.980453369,T,69.88,200,69.92,200,KO
2025-12-30,9:33:19.357496476,T,69.88,200,69.92,100,KO
2025-12-30,9:33:19.358363407,T,69.88,300,69.92,100,KO
2025-12-30,9:33:19.358393475,T,69.88,200,69.92,100,KO
2025-12-30,9:33:19.390755579,T,69.88,100,69.92,100,KO
2025-12-30,9:33:19.495349799,T,69.88,100,69.92,200,KO
2025-12-30,9:33:20.407271550,T,69.88,200,69.92,200,KO
2025-12-30,9:33:20.412108112,T,69.88,200,69.92,100,KO
2025-12-30,9:33:20.523794104,T,69.88,300,69.92,100,KO
2025-12-30,9:33:20.540178054,T,69.88,200,69.92,100,KO
2025-12-30,9:33:20.540348569,T,69.89,100,69.92,100,KO
2025-12-30,9:33:20.540378531,T,69.89,200,69.92,100,KO
2025-12-30,9:33:20.540433651,T,69.89,100,69.92,100,KO
2025-12-30,9:33:21.386619001,T,69.89,100,69.93,200,KO
2025-12-30,9:33:22.216440274,T,69.89,100,69.92,100,KO
2025-12-30,9:33:22.216480393,T,69.89,100,69.92,200,KO
2025-12-30,9:33:22.311466611,T,69.89,100,69.92,100,KO
2025-12-30,9:33:22.323400075,T,69.88,200,69.92,100,KO
2025-12-30,9:33:22.323435128,T,69.88,200,69.92,200,KO
2025-12-30,9:33:22.325129265,T,69.88,200,69.91,100,KO
2025-12-30,9:33:22.325144279,T,69.88,200,69.91,200,KO
2025-12-30,9:33:22.325159187,T,69.88,200,69.9,100,KO
2025-12-30,9:33:22.336396330,T,69.88,200,69.91,200,KO
2025-12-30,9:33:22.361184943,T,69.88,200,69.91,100,KO
2025-12-30,9:33:23.068830361,T,69.88,100,69.91,100,KO
2025-12-30,9:33:23.388797370,T,69.88,100,69.91,200,KO
2025-12-30,9:33:23.390716889,T,69.88,100,69.91,100,KO
2025-12-30,9:33:23.393573739,T,69.88,200,69.91,100,KO
2025-12-30,9:33:23.761254475,T,69.88,200,69.92,200,KO
2025-12-30,9:33:25.583268771,T,69.88,200,69.91,100,KO
2025-12-30,9:33:25.632942137,T,69.88,100,69.91,100,KO
2025-12-30,9:33:25.632947166,T,69.87,100,69.91,100,KO
2025-12-30,9:33:25.632962099,T,69.87,100,69.91,200,KO
2025-12-30,9:33:25.632967203,T,69.87,100,69.9,100,KO
2025-12-30,9:33:25.632967203,T,69.87,100,69.89,100,KO
2025-12-30,9:33:25.632977235,T,69.86,200,69.89,100,KO
2025-12-30,9:33:25.633067442,T,69.86,200,69.89,200,KO
2025-12-30,9:33:25.633503562,T,69.86,200,69.89,300,KO
2025-12-30,9:33:25.633874336,T,69.86,100,69.89,300,KO
2025-12-30,9:33:25.634049748,T,69.86,100,69.89,200,KO
2025-12-30,9:33:25.635047145,T,69.86,200,69.89,200,KO
2025-12-30,9:33:25.726815759,T,69.86,200,69.89,100,KO
2025-12-30,9:33:25.734323519,T,69.86,200,69.9,200,KO
2025-12-30,9:33:25.787846087,T,69.86,200,69.9,100,KO
2025-12-30,9:33:25.787906215,T,69.86,200,69.91,300,KO
2025-12-30,9:33:25.792136288,T,69.87,100,69.91,300,KO
2025-12-30,9:33:26.103267223,T,69.87,100,69.91,200,KO
2025-12-30,9:33:26.694730908,T,69.88,100,69.91,200,KO
2025-12-30,9:33:27.114325235,T,69.88,100,69.91,100,KO
2025-12-30,9:33:27.129862210,T,69.88,200,69.91,100,KO
2025-12-30,9:33:27.314712486,T,69.88,100,69.91,100,KO
2025-12-30,9:33:36.316847376,T,69.88,100,69.91,200,KO
2025-12-30,9:33:36.317138128,T,69.88,100,69.91,300,KO
2025-12-30,9:33:36.359348621,T,69.88,100,69.91,200,KO
2025-12-30,9:33:36.819278917,T,69.88,100,69.91,300,KO
2025-12-30,9:33:36.819449730,T,69.87,100,69.91,300,KO
2025-12-30,9:33:36.819469663,T,69.87,100,69.9,100,KO
2025-12-30,9:33:36.819469663,T,69.87,100,69.89,100,KO
2025-12-30,9:33:36.819474359,T,69.87,100,69.89,200,KO
2025-12-30,9:33:36.819509523,T,69.87,100,69.89,300,KO
2025-12-30,9:33:36.820025681,T,69.87,100,69.89,200,KO
2025-12-30,9:33:36.823644321,T,69.87,100,69.89,100,KO
2025-12-30,9:33:37.019495759,T,69.87,100,69.9,100,KO
2025-12-30,9:33:37.650819382,T,69.87,100,69.91,400,KO
2025-12-30,9:33:37.651430773,T,69.87,200,69.91,400,KO
2025-12-30,9:33:39.581723068,T,69.87,200,69.91,300,KO
2025-12-30,9:33:39.586745140,T,69.87,200,69.89,200,KO
2025-12-30,9:33:39.586965602,T,69.87,200,69.89,300,KO
2025-12-30,9:33:39.672288877,T,69.87,100,69.89,300,KO
2025-12-30,9:33:39.672288877,T,69.86,100,69.89,300,KO
2025-12-30,9:33:39.672308874,T,69.86,100,69.88,100,KO
2025-12-30,9:33:39.672313958,T,69.86,100,69.88,200,KO
2025-12-30,9:33:39.672313958,T,69.86,100,69.88,300,KO
2025-12-30,9:33:39.672313958,T,69.86,100,69.88,400,KO
2025-12-30,9:33:39.672549373,T,69.86,100,69.88,500,KO
2025-12-30,9:33:39.672554455,T,69.85,200,69.88,500,KO
2025-12-30,9:33:39.672729885,T,69.85,200,69.88,600,KO
2025-12-30,9:33:39.672835167,T,69.85,100,69.88,600,KO
2025-12-30,9:33:39.672865182,T,69.85,100,69.88,500,KO
2025-12-30,9:33:39.673115728,T,69.85,200,69.88,500,KO
2025-12-30,9:33:39.673346272,T,69.85,200,69.88,400,KO
2025-12-30,9:33:39.673366358,T,69.85,200,69.88,300,KO
2025-12-30,9:33:39.675621824,T,69.85,200,69.88,400,KO
2025-12-30,9:33:39.675621824,T,69.85,200,69.88,300,KO
2025-12-30,9:33:39.675897406,T,69.85,100,69.88,300,KO
2025-12-30,9:33:39.675902478,T,69.85,100,69.88,400,KO
2025-12-30,9:33:39.675927429,T,69.85,100,69.88,300,KO
2025-12-30,9:33:39.675967640,T,69.85,100,69.88,400,KO
2025-12-30,9:33:39.676679295,T,69.85,100,69.88,300,KO
2025-12-30,9:33:39.677030086,T,69.85,100,69.88,200,KO
2025-12-30,9:33:39.683174691,T,69.84,400,69.88,200,KO
2025-12-30,9:33:39.772317045,T,69.84,400,69.88,100,KO
2025-12-30,9:33:39.814948608,T,69.84,300,69.88,100,KO
2025-12-30,9:33:39.815209233,T,69.84,200,69.88,100,KO
2025-12-30,9:33:39.872345314,T,69.84,200,69.89,300,KO
2025-12-30,9:33:39.920384663,T,69.84,200,69.89,400,KO
2025-12-30,9:33:39.986161339,T,69.84,200,69.89,300,KO
2025-12-30,9:33:41.914338684,T,69.85,100,69.89,300,KO
2025-12-30,9:33:42.117753008,T,69.85,100,69.89,400,KO
2025-12-30,9:33:42.118073860,T,69.85,200,69.89,400,KO
2025-12-30,9:33:42.149829418,T,69.85,100,69.89,400,KO
2025-12-30,9:33:42.735855200,T,69.85,100,69.89,300,KO
2025-12-30,9:33:43.372521434,T,69.85,100,69.89,400,KO
2025-12-30,9:33:43.450787848,T,69.85,100,69.87,100,KO
2025-12-30,9:33:43.451309165,T,69.85,100,69.88,200,KO
2025-12-30,9:33:43.571465263,T,69.85,100,69.88,100,KO
2025-12-30,9:33:44.299303748,T,69.85,100,69.89,400,KO
2025-12-30,9:33:52.582010077,T,69.85,100,69.87,100,KO
2025-12-30,9:33:52.582035145,T,69.85,100,69.87,200,KO
2025-12-30,9:33:52.582100318,T,69.85,100,69.87,100,KO
2025-12-30,9:33:53.266680704,T,69.85,100,69.87,200,KO
2025-12-30,9:33:53.266686437,T,69.84,100,69.87,200,KO
2025-12-30,9:33:53.266695758,T,69.84,100,69.87,300,KO
2025-12-30,9:33:53.266695758,T,69.84,100,69.86,100,KO
2025-12-30,9:33:53.266720877,T,69.84,100,69.86,200,KO
2025-12-30,9:33:53.267016550,T,69.84,100,69.86,300,KO
2025-12-30,9:33:53.267052060,T,69.84,100,69.86,400,KO
2025-12-30,9:33:53.267086741,T,69.83,200,69.86,400,KO
2025-12-30,9:33:53.267166929,T,69.83,100,69.86,400,KO
2025-12-30,9:33:53.267206973,T,69.82,200,69.86,400,KO
2025-12-30,9:33:53.267257062,T,69.82,200,69.86,300,KO
2025-12-30,9:33:53.267587904,T,69.83,100,69.86,300,KO
2025-12-30,9:33:53.268064129,T,69.83,100,69.86,200,KO
2025-12-30,9:33:53.331059147,T,69.83,100,69.86,100,KO
2025-12-30,9:33:53.467083086,T,69.83,100,69.87,300,KO
2025-12-30,9:33:53.632537090,T,69.84,100,69.87,300,KO
2025-12-30,9:33:53.632537090,T,69.84,100,69.87,200,KO
2025-12-30,9:33:53.632542151,T,69.84,200,69.87,200,KO
2025-12-30,9:33:53.632547043,T,69.84,200,69.87,100,KO
2025-12-30,9:33:53.632562083,T,69.84,300,69.87,100,KO
2025-12-30,9:33:53.632582231,T,69.84,300,69.87,200,KO
2025-12-30,9:33:53.632597223,T,69.84,300,69.87,300,KO
2025-12-30,9:33:53.632617212,T,69.84,300,69.87,400,KO
2025-12-30,9:33:53.632632323,T,69.84,200,69.87,400,KO
2025-12-30,9:33:53.632637364,T,69.84,200,69.87,500,KO
2025-12-30,9:33:53.632652288,T,69.84,200,69.87,700,KO
2025-12-30,9:33:53.632652288,T,69.84,300,69.87,700,KO
2025-12-30,9:33:53.632797779,T,69.84,300,69.87,800,KO
2025-12-30,9:33:53.632812735,T,69.84,300,69.87,900,KO
2025-12-30,9:33:53.632832732,T,69.84,300,69.87,1100,KO
2025-12-30,9:33:53.632862803,T,69.84,300,69.87,1200,KO
2025-12-30,9:33:53.633083350,T,69.84,300,69.87,1300,KO
2025-12-30,9:33:53.633098487,T,69.84,300,69.87,1200,KO
2025-12-30,9:33:53.633103481,T,69.84,300,69.87,1100,KO
2025-12-30,9:33:53.633108386,T,69.84,300,69.87,1000,KO
2025-12-30,9:33:53.633113442,T,69.84,300,69.87,900,KO
2025-12-30,9:33:53.633118598,T,69.84,300,69.87,700,KO
2025-12-30,9:33:53.633118598,T,69.84,300,69.87,600,KO
2025-12-30,9:33:53.633128468,T,69.84,300,69.87,500,KO
2025-12-30,9:33:53.633128468,T,69.84,400,69.87,500,KO
2025-12-30,9:33:53.633128468,T,69.84,400,69.87,300,KO
2025-12-30,9:33:53.633138499,T,69.84,400,69.87,200,KO
2025-12-30,9:33:53.633163522,T,69.84,400,69.86,1100,KO
2025-12-30,9:33:53.633504339,T,69.84,400,69.86,1200,KO
2025-12-30,9:33:53.635138249,T,69.84,300,69.86,1200,KO
2025-12-30,9:33:53.640230356,T,69.84,300,69.86,1300,KO
2025-12-30,9:33:53.640240477,T,69.84,200,69.86,1300,KO
2025-12-30,9:33:53.640260440,T,69.84,200,69.86,200,KO
2025-12-30,9:33:53.640265808,T,69.84,200,69.86,300,KO
2025-12-30,9:33:53.640275598,T,69.84,200,69.86,200,KO
2025-12-30,9:33:53.640285580,T,69.84,200,69.85,1000,KO
2025-12-30,9:33:53.640571166,T,69.84,200,69.85,1100,KO
2025-12-30,9:33:53.643277736,T,69.84,100,69.85,1100,KO
2025-12-30,9:33:53.643623507,T,69.84,200,69.85,1100,KO
2025-12-30,9:33:53.774861038,T,69.84,100,69.85,1100,KO
2025-12-30,9:33:53.774886121,T,69.84,100,69.85,1000,KO
2025-12-30,9:33:54.588318449,T,69.84,100,69.86,100,KO
2025-12-30,9:33:54.588339042,T,69.84,200,69.86,100,KO
2025-12-30,9:33:54.588339042,T,69.84,300,69.86,100,KO
2025-12-30,9:33:54.588343827,T,69.84,400,69.86,100,KO
2025-12-30,9:33:54.588353498,T,69.84,400,69.87,200,KO
2025-12-30,9:33:54.588894866,T,69.84,300,69.87,200,KO
2025-12-30,9:33:54.589335829,T,69.84,200,69.87,200,KO
2025-12-30,9:33:54.599595316,T,69.84,100,69.87,200,KO
2025-12-30,9:33:54.622454836,T,69.83,200,69.87,200,KO
2025-12-30,9:33:54.622454836,T,69.84,100,69.87,200,KO
2025-12-30,9:33:54.622569971,T,69.85,100,69.87,200,KO
2025-12-30,9:33:54.625667398,T,69.85,100,69.87,100,KO
2025-12-30,9:33:54.757260873,T,69.85,100,69.88,300,KO
2025-12-30,9:33:55.012308280,T,69.83,100,69.88,300,KO
2025-12-30,9:33:55.026015874,T,69.83,100,69.87,100,KO
2025-12-30,9:33:55.645155576,T,69.83,100,69.88,300,KO
2025-12-30,9:34:00.316931954,T,69.84,100,69.88,300,KO
2025-12-30,9:34:00.316957052,T,69.84,200,69.88,300,KO
2025-12-30,9:34:00.317182571,T,69.84,100,69.88,300,KO
2025-12-30,9:34:00.960053649,T,69.84,100,69.88,200,KO
2025-12-30,9:34:01.454741876,T,69.84,100,69.88,100,KO
2025-12-30,9:34:01.462525426,T,69.84,200,69.88,100,KO
2025-12-30,9:34:01.462976398,T,69.84,200,69.89,200,KO
2025-12-30,9:34:01.981321043,T,69.84,100,69.89,200,KO
2025-12-30,9:34:02.510651604,T,69.84,100,69.88,100,KO
2025-12-30,9:34:02.611331455,T,69.84,100,69.89,200,KO
2025-12-30,9:34:03.418338447,T,69.84,100,69.88,100,KO
2025-12-30,9:34:04.088153673,T,69.84,100,69.89,200,KO
2025-12-30,9:34:04.659033370,T,69.84,200,69.89,200,KO
2025-12-30,9:34:04.661539243,T,69.84,100,69.89,200,KO
2025-12-30,9:34:04.955439308,T,69.84,200,69.89,200,KO
2025-12-30,9:34:04.955444238,T,69.85,100,69.89,200,KO
2025-12-30,9:34:04.955574616,T,69.85,100,69.88,100,KO
2025-12-30,9:34:04.955579588,T,69.84,100,69.88,100,KO
2025-12-30,9:34:04.955584553,T,69.84,100,69.88,200,KO
2025-12-30,9:34:04.955599647,T,69.85,100,69.88,200,KO
2025-12-30,9:34:04.955664787,T,69.85,200,69.88,200,KO
2025-12-30,9:34:04.955709949,T,69.85,100,69.88,200,KO
2025-12-30,9:34:04.955760010,T,69.86,100,69.88,200,KO
2025-12-30,9:34:04.955800213,T,69.86,200,69.88,200,KO
2025-12-30,9:34:04.955840205,T,69.86,200,69.88,300,KO
2025-12-30,9:34:04.957178394,T,69.86,200,69.88,200,KO
2025-12-30,9:34:05.062148392,T,69.86,200,69.88,100,KO
2025-12-30,9:34:05.062153416,T,69.86,300,69.88,100,KO
2025-12-30,9:34:05.062353872,T,69.86,300,69.89,200,KO
2025-12-30,9:34:05.062684675,T,69.87,100,69.89,200,KO
2025-12-30,9:34:05.062719743,T,69.87,200,69.89,200,KO
2025-12-30,9:34:05.062744834,T,69.87,200,69.89,100,KO
2025-12-30,9:34:05.062890120,T,69.87,100,69.89,100,KO
2025-12-30,9:34:05.062910195,T,69.86,200,69.89,100,KO
2025-12-30,9:34:05.062920330,T,69.86,200,69.89,200,KO
2025-12-30,9:34:05.062930291,T,69.86,200,69.87,100,KO
2025-12-30,9:34:05.063486548,T,69.86,200,69.88,200,KO
2025-12-30,9:34:05.139748192,T,69.86,300,69.88,200,KO
2025-12-30,9:34:05.173107704,T,69.86,300,69.88,100,KO
2025-12-30,9:34:05.173157854,T,69.86,300,69.89,200,KO
2025-12-30,9:34:05.559693313,T,69.86,200,69.89,200,KO
2025-12-30,9:34:07.229189490,T,69.86,100,69.89,200,KO
2025-12-30,9:34:08.221978962,T,69.86,100,69.88,100,KO
2025-12-30,9:34:08.221988951,T,69.86,100,69.88,200,KO
2025-12-30,9:34:08.222485164,T,69.84,200,69.88,200,KO
2025-12-30,9:34:09.690957599,T,69.84,200,69.88,100,KO
2025-12-30,9:34:10.713036780,T,69.86,100,69.88,100,KO
2025-12-30,9:34:10.713066837,T,69.86,100,69.89,200,KO
2025-12-30,9:34:10.713071907,T,69.86,200,69.89,200,KO
2025-12-30,9:34:10.804143705,T,69.86,200,69.89,100,KO
2025-12-30,9:34:12.026575177,T,69.86,200,69.89,200,KO
2025-12-30,9:34:12.401678533,T,69.86,200,69.89,100,KO
2025-12-30,9:34:12.401708614,T,69.86,200,69.89,200,KO
2025-12-30,9:34:12.716242729,T,69.86,200,69.89,100,KO
2025-12-30,9:34:13.281057841,T,69.86,200,69.89,200,KO
2025-12-30,9:34:13.281178174,T,69.86,200,69.89,100,KO
2025-12-30,9:34:13.344929925,T,69.86,200,69.89,200,KO
2025-12-30,9:34:14.768776268,T,69.86,200,69.88,100,KO
2025-12-30,9:34:14.768876501,T,69.86,200,69.88,200,KO
2025-12-30,9:34:14.768971772,T,69.86,100,69.88,200,KO
2025-12-30,9:34:14.769117069,T,69.85,200,69.88,200,KO
2025-12-30,9:34:14.808360606,T,69.85,100,69.88,200,KO
2025-12-30,9:34:14.808390694,T,69.84,200,69.88,200,KO
2025-12-30,9:34:16.640759531,T,69.84,200,69.87,100,KO
2025-12-30,9:34:17.572002384,T,69.84,100,69.87,100,KO
2025-12-30,9:34:17.573170168,T,69.84,100,69.88,200,KO
2025-12-30,9:34:18.020219846,T,69.85,100,69.88,200,KO
2025-12-30,9:34:18.020300231,T,69.85,100,69.88,100,KO
2025-12-30,9:34:18.020305088,T,69.85,200,69.88,100,KO
2025-12-30,9:34:18.020660890,T,69.85,200,69.89,200,KO
2025-12-30,9:34:19.107243783,T,69.85,200,69.89,100,KO
2025-12-30,9:34:19.736768115,T,69.85,200,69.89,200,KO
2025-12-30,9:34:20.600991293,T,69.85,100,69.89,200,KO
2025-12-30,9:34:24.108254280,T,69.85,100,69.88,100,KO
2025-12-30,9:34:24.108254280,T,69.85,100,69.87,100,KO
2025-12-30,9:34:24.108570074,T,69.85,100,69.87,200,KO
2025-12-30,9:34:24.108635243,T,69.84,200,69.87,200,KO
2025-12-30,9:34:24.108980965,T,69.84,200,69.87,100,KO
2025-12-30,9:34:24.308260582,T,69.84,200,69.88,300,KO
2025-12-30,9:34:27.284654382,T,69.84,200,69.87,100,KO
2025-12-30,9:34:27.284809792,T,69.84,200,69.88,300,KO
2025-12-30,9:34:27.284824772,T,69.84,200,69.87,100,KO
2025-12-30,9:34:27.284834848,T,69.84,200,69.87,200,KO
2025-12-30,9:34:27.498949792,T,69.84,200,69.87,100,KO
2025-12-30,9:34:27.499641527,T,69.84,200,69.88,300,KO
2025-12-30,9:34:27.820545736,T,69.84,200,69.87,100,KO
2025-12-30,9:34:28.925968423,T,69.84,200,69.86,100,KO
2025-12-30,9:34:28.925998544,T,69.84,100,69.86,100,KO
2025-12-30,9:34:29.138399424,T,69.85,100,69.86,100,KO
2025-12-30,9:34:29.245258968,T,69.84,100,69.86,100,KO
2025-12-30,9:34:29.245569647,T,69.84,100,69.86,200,KO
2025-12-30,9:34:29.265938095,T,69.83,200,69.86,200,KO
2025-12-30,9:34:29.265963224,T,69.83,100,69.86,200,KO
2025-12-30,9:34:29.590400887,T,69.83,100,69.86,100,KO
2025-12-30,9:34:29.890686048,T,69.84,100,69.86,100,KO
2025-12-30,9:34:30.147407478,T,69.85,100,69.86,100,KO
2025-12-30,9:34:30.925846343,T,69.85,100,69.87,100,KO
2025-12-30,9:34:30.925876456,T,69.85,100,69.88,300,KO
2025-12-30,9:34:30.926683412,T,69.85,100,69.86,100,KO
2025-12-30,9:34:31.111117655,T,69.84,100,69.86,100,KO
2025-12-30,9:34:34.996295746,T,69.84,100,69.88,300,KO
2025-12-30,9:34:34.996295746,T,69.85,100,69.88,300,KO
2025-12-30,9:34:34.996300879,T,69.85,100,69.86,100,KO
2025-12-30,9:34:34.996305730,T,69.85,100,69.88,300,KO
2025-12-30,9:34:34.996310688,T,69.86,100,69.88,300,KO
2025-12-30,9:34:34.996316069,T,69.86,100,69.88,200,KO
2025-12-30,9:34:34.996325720,T,69.86,200,69.88,200,KO
2025-12-30,9:34:34.996335817,T,69.86,200,69.88,100,KO
2025-12-30,9:34:34.996867090,T,69.86,100,69.88,100,KO
2025-12-30,9:34:35.020934434,T,69.86,200,69.88,100,KO
2025-12-30,9:34:35.026297118,T,69.86,200,69.89,300,KO
2025-12-30,9:34:35.218344472,T,69.86,200,69.89,200,KO
2025-12-30,9:34:35.218374589,T,69.86,100,69.89,200,KO
2025-12-30,9:34:35.599692751,T,69.86,100,69.89,100,KO
2025-12-30,9:34:35.599782948,T,69.86,100,69.89,200,KO
2025-12-30,9:34:35.600374402,T,69.85,300,69.89,200,KO
2025-12-30,9:34:35.921388900,T,69.85,300,69.88,100,KO
2025-12-30,9:34:35.997916123,T,69.85,200,69.88,100,KO
2025-12-30,9:34:36.387017871,T,69.85,100,69.88,100,KO
2025-12-30,9:34:36.387042964,T,69.84,200,69.88,100,KO
2025-12-30,9:34:36.387123179,T,69.84,200,69.88,200,KO
2025-12-30,9:34:36.578934907,T,69.85,100,69.88,200,KO
2025-12-30,9:34:36.698194022,T,69.84,200,69.88,200,KO
2025-12-30,9:34:37.248479533,T,69.85,100,69.88,200,KO
2025-12-30,9:34:37.248509594,T,69.85,200,69.88,200,KO
2025-12-30,9:34:37.248960659,T,69.85,100,69.88,200,KO
2025-12-30,9:34:37.347440301,T,69.84,200,69.88,200,KO
2025-12-30,9:34:37.431370178,T,69.84,200,69.88,300,KO
2025-12-30,9:34:37.431375066,T,69.84,200,69.88,400,KO
2025-12-30,9:34:37.431445246,T,69.84,200,69.87,100,KO
2025-12-30,9:34:38.069610260,T,69.84,200,69.87,200,KO
2025-12-30,9:34:39.919310488,T,69.84,200,69.86,100,KO
2025-12-30,9:34:40.388132138,T,69.84,100,69.86,100,KO
2025-12-30,9:34:41.003788417,T,69.84,100,69.86,200,KO
2025-12-30,9:34:41.003798361,T,69.84,100,69.86,300,KO
2025-12-30,9:34:41.003803656,T,69.83,200,69.86,300,KO
2025-12-30,9:34:41.003803656,T,69.83,200,69.86,400,KO
2025-12-30,9:34:41.004354665,T,69.83,200,69.86,300,KO
2025-12-30,9:34:41.006615094,T,69.83,100,69.86,300,KO
2025-12-30,9:34:41.048875815,T,69.83,100,69.86,200,KO
2025-12-30,9:34:42.849489296,T,69.83,100,69.86,100,KO
2025-12-30,9:34:42.849519345,T,69.83,100,69.86,200,KO
2025-12-30,9:34:42.849589484,T,69.83,100,69.85,100,KO
2025-12-30,9:34:42.980551379,T,69.83,100,69.86,300,KO
2025-12-30,9:34:43.208885245,T,69.82,200,69.86,300,KO
2025-12-30,9:34:44.037598914,T,69.83,100,69.86,300,KO
2025-12-30,9:34:44.037603836,T,69.83,100,69.86,200,KO
2025-12-30,9:34:45.919726548,T,69.83,100,69.85,100,KO
2025-12-30,9:34:46.562056332,T,69.83,100,69.85,200,KO
2025-12-30,9:34:46.562126482,T,69.82,200,69.85,200,KO
2025-12-30,9:34:46.562873225,T,69.82,100,69.85,200,KO
2025-12-30,9:34:47.116271190,T,69.82,100,69.85,100,KO
2025-12-30,9:34:47.531004042,T,69.82,200,69.85,100,KO
2025-12-30,9:34:47.566002278,T,69.83,100,69.85,100,KO
2025-12-30,9:34:48.651186866,T,69.82,200,69.85,100,KO
2025-12-30,9:34:49.121512120,T,69.83,100,69.85,100,KO
2025-12-30,9:34:49.121772624,T,69.82,200,69.85,100,KO
2025-12-30,9:34:49.260533107,T,69.83,100,69.85,100,KO
2025-12-30,9:34:49.268086130,T,69.82,200,69.85,100,KO
2025-12-30,9:34:50.934134090,T,69.83,100,69.85,100,KO
2025-12-30,9:34:51.834398144,T,69.83,100,69.86,100,KO
2025-12-30,9:34:51.834418145,T,69.84,100,69.86,100,KO
2025-12-30,9:34:51.834418145,T,69.84,200,69.86,100,KO
2025-12-30,9:34:51.834433243,T,69.84,300,69.86,100,KO
2025-12-30,9:34:51.834433243,T,69.84,400,69.86,100,KO
2025-12-30,9:34:51.834448272,T,69.84,500,69.86,100,KO
2025-12-30,9:34:51.834658909,T,69.84,600,69.86,100,KO
2025-12-30,9:34:51.834969466,T,69.84,500,69.86,100,KO
2025-12-30,9:34:51.835084797,T,69.84,400,69.86,100,KO
2025-12-30,9:34:51.835180045,T,69.84,500,69.86,100,KO
2025-12-30,9:34:51.835185043,T,69.84,600,69.86,100,KO
2025-12-30,9:34:51.835455643,T,69.84,600,69.86,200,KO
2025-12-30,9:34:51.835475691,T,69.84,500,69.86,200,KO
2025-12-30,9:34:51.835505832,T,69.84,400,69.86,200,KO
2025-12-30,9:34:51.835515807,T,69.85,100,69.86,200,KO
2025-12-30,9:34:51.835555940,T,69.85,200,69.86,200,KO
2025-12-30,9:34:52.264938646,T,69.85,200,69.86,100,KO
2025-12-30,9:34:52.918525271,T,69.85,200,69.88,200,KO
2025-12-30,9:34:56.980098346,T,69.85,200,69.87,100,KO
2025-12-30,9:34:58.772532244,T,69.85,300,69.87,100,KO
2025-12-30,9:34:58.772567327,T,69.85,200,69.87,100,KO
2025-12-30,9:34:58.772577345,T,69.85,300,69.87,100,KO
2025-12-30,9:34:58.772577345,T,69.86,100,69.87,100,KO
2025-12-30,9:34:58.773985870,T,69.86,100,69.88,100,KO
2025-12-30,9:34:58.774005755,T,69.86,200,69.88,100,KO
2025-12-30,9:34:58.774005755,T,69.86,300,69.88,100,KO
2025-12-30,9:34:58.774476921,T,69.86,300,69.89,300,KO
2025-12-30,9:34:58.774562156,T,69.86,200,69.89,300,KO
2025-12-30,9:34:58.774727476,T,69.86,200,69.89,200,KO
2025-12-30,9:34:58.774847800,T,69.86,200,69.89,300,KO
2025-12-30,9:34:58.972363178,T,69.86,200,69.89,200,KO
2025-12-30,9:34:58.972533647,T,69.86,100,69.89,200,KO
2025-12-30,9:34:59.189921307,T,69.86,100,69.89,100,KO
2025-12-30,9:34:59.765968545,T,69.86,100,69.89,200,KO
2025-12-30,9:34:59.765973245,T,69.86,100,69.88,100,KO
2025-12-30,9:34:59.765973245,T,69.86,100,69.88,200,KO
2025-12-30,9:34:59.766765170,T,69.86,200,69.88,200,KO
2025-12-30,9:34:59.776398066,T,69.86,200,69.88,100,KO
2025-12-30,9:34:59.776468318,T,69.86,200,69.88,200,KO
2025-12-30,9:34:59.966220228,T,69.86,200,69.88,100,KO
2025-12-30,9:35:00.007428368,T,69.86,200,69.89,300,KO
2025-12-30,9:35:00.010560808,T,69.86,200,69.88,100,KO
2025-12-30,9:35:00.014790890,T,69.86,200,69.89,300,KO
2025-12-30,9:35:00.029931970,T,69.86,200,69.88,100,KO
2025-12-30,9:35:00.151787170,T,69.86,100,69.88,100,KO
2025-12-30,9:35:01.221154125,T,69.85,200,69.88,100,KO
2025-12-30,9:35:01.221936055,T,69.85,100,69.88,100,KO
2025-12-30,9:35:01.222366999,T,69.85,100,69.88,200,KO
2025-12-30,9:35:01.222442224,T,69.85,100,69.88,300,KO
2025-12-30,9:35:01.745071923,T,69.85,100,69.87,100,KO
2025-12-30,9:35:01.745943975,T,69.85,100,69.87,200,KO
2025-12-30,9:35:01.746395076,T,69.85,200,69.87,200,KO
2025-12-30,9:35:01.746425228,T,69.85,100,69.87,200,KO
2025-12-30,9:35:01.747512725,T,69.85,100,69.87,100,KO
2025-12-30,9:35:01.752935719,T,69.85,100,69.87,200,KO
2025-12-30,9:35:01.907097848,T,69.84,300,69.87,200,KO
2025-12-30,9:35:02.770624451,T,69.84,200,69.87,200,KO
2025-12-30,9:35:02.897637049,T,69.84,100,69.87,200,KO
2025-12-30,9:35:02.897667137,T,69.83,200,69.87,200,KO
2025-12-30,9:35:03.821171456,T,69.83,200,69.87,300,KO
2025-12-30,9:35:04.060671748,T,69.83,200,69.87,200,KO
2025-12-30,9:35:04.061398550,T,69.84,100,69.87,200,KO
2025-12-30,9:35:05.665423775,T,69.84,200,69.87,200,KO
2025-12-30,9:35:05.665458854,T,69.84,200,69.87,100,KO
2025-12-30,9:35:05.665529040,T,69.84,200,69.87,200,KO
2025-12-30,9:35:05.665629192,T,69.85,100,69.87,200,KO
2025-12-30,9:35:05.665634229,T,69.85,200,69.87,200,KO
2025-12-30,9:35:05.666015229,T,69.86,100,69.87,200,KO
2025-12-30,9:35:05.666065304,T,69.86,200,69.87,200,KO
2025-12-30,9:35:05.666235629,T,69.86,200,69.87,100,KO
2025-12-30,9:35:05.666310889,T,69.86,100,69.87,100,KO
2025-12-30,9:35:05.666310889,T,69.85,200,69.87,100,KO
2025-12-30,9:35:05.666331577,T,69.85,200,69.86,100,KO
2025-12-30,9:35:05.666355928,T,69.85,100,69.86,100,KO
2025-12-30,9:35:05.666386048,T,69.85,100,69.87,200,KO
2025-12-30,9:35:05.666416761,T,69.85,200,69.87,200,KO
2025-12-30,9:35:05.666421122,T,69.85,300,69.87,200,KO
2025-12-30,9:35:05.666421122,T,69.85,400,69.87,200,KO
2025-12-30,9:35:05.666441141,T,69.86,100,69.87,200,KO
2025-12-30,9:35:05.666496325,T,69.86,100,69.87,300,KO
2025-12-30,9:35:05.666506342,T,69.86,200,69.87,300,KO
2025-12-30,9:35:05.666611498,T,69.86,200,69.87,400,KO
2025-12-30,9:35:05.666972442,T,69.86,200,69.87,300,KO
2025-12-30,9:35:05.666977519,T,69.86,200,69.87,200,KO
2025-12-30,9:35:05.666992425,T,69.86,200,69.87,100,KO
2025-12-30,9:35:05.666997551,T,69.86,200,69.88,200,KO
2025-12-30,9:35:05.667012461,T,69.86,300,69.88,200,KO
2025-12-30,9:35:05.667017594,T,69.86,400,69.88,200,KO
2025-12-30,9:35:05.667017594,T,69.86,500,69.88,200,KO
2025-12-30,9:35:05.667032659,T,69.86,500,69.88,300,KO
2025-12-30,9:35:05.667052574,T,69.86,500,69.88,200,KO
2025-12-30,9:35:05.667052574,T,69.86,400,69.88,200,KO
2025-12-30,9:35:05.667393422,T,69.86,400,69.88,300,KO
2025-12-30,9:35:05.667463816,T,69.86,400,69.87,100,KO
2025-12-30,9:35:05.667493721,T,69.86,500,69.87,100,KO
2025-12-30,9:35:05.667508640,T,69.86,500,69.87,200,KO
2025-12-30,9:35:05.667538746,T,69.86,400,69.87,200,KO
2025-12-30,9:35:05.667568777,T,69.86,300,69.87,200,KO
2025-12-30,9:35:05.667819381,T,69.86,300,69.87,100,KO
2025-12-30,9:35:05.667934681,T,69.86,300,69.88,200,KO
2025-12-30,9:35:05.667964787,T,69.86,400,69.88,200,KO
2025-12-30,9:35:05.669007235,T,69.86,400,69.88,300,KO
2025-12-30,9:35:05.669037324,T,69.86,400,69.88,400,KO
2025-12-30,9:35:05.669037324,T,69.86,300,69.88,400,KO
2025-12-30,9:35:05.673312482,T,69.86,200,69.88,400,KO
2025-12-30,9:35:05.676490049,T,69.86,200,69.88,300,KO
2025-12-30,9:35:05.688107746,T,69.86,100,69.88,300,KO
2025-12-30,9:35:05.944343015,T,69.86,100,69.88,200,KO
2025-12-30,9:35:05.944368065,T,69.86,100,69.88,100,KO
2025-12-30,9:35:06.001433954,T,69.86,100,69.88,200,KO
2025-12-30,9:35:06.002446326,T,69.85,300,69.88,200,KO
2025-12-30,9:35:06.002466466,T,69.85,300,69.87,100,KO
2025-12-30,9:35:06.002471395,T,69.85,200,69.87,100,KO
2025-12-30,9:35:06.002476425,T,69.85,200,69.87,200,KO
2025-12-30,9:35:06.002586786,T,69.85,100,69.87,200,KO
2025-12-30,9:35:06.002611816,T,69.84,200,69.87,200,KO
2025-12-30,9:35:06.002752114,T,69.84,300,69.87,200,KO
2025-12-30,9:35:06.002802266,T,69.84,300,69.87,300,KO
2025-12-30,9:35:06.004010084,T,69.84,300,69.87,200,KO
2025-12-30,9:35:06.005207919,T,69.84,200,69.87,200,KO
2025-12-30,9:35:06.005232979,T,69.84,100,69.87,200,KO
2025-12-30,9:35:06.005383440,T,69.84,100,69.87,300,KO
2025-12-30,9:35:06.057001247,T,69.84,100,69.87,200,KO
2025-12-30,9:35:06.057031394,T,69.84,100,69.87,100,KO
2025-12-30,9:35:06.057096555,T,69.84,100,69.87,200,KO
2025-12-30,9:35:06.202608089,T,69.84,100,69.87,100,KO
2025-12-30,9:35:06.202638155,T,69.83,300,69.87,100,KO
2025-12-30,9:35:06.312053758,T,69.83,300,69.87,200,KO
2025-12-30,9:35:06.312058775,T,69.83,300,69.87,300,KO
2025-12-30,9:35:06.312093801,T,69.83,300,69.86,100,KO
2025-12-30,9:35:06.312314378,T,69.83,300,69.86,200,KO
2025-12-30,9:35:06.481432141,T,69.83,300,69.86,100,KO
2025-12-30,9:35:07.260006447,T,69.83,300,69.87,300,KO
2025-12-30,9:35:07.260237089,T,69.83,300,69.87,200,KO
2025-12-30,9:35:07.260282095,T,69.83,300,69.87,100,KO
2025-12-30,9:35:07.260332257,T,69.84,100,69.87,100,KO
2025-12-30,9:35:07.267328945,T,69.83,300,69.87,100,KO
2025-12-30,9:35:07.278370198,T,69.84,100,69.87,100,KO
2025-12-30,9:35:07.347139104,T,69.83,300,69.87,100,KO
2025-12-30,9:35:07.356215637,T,69.84,100,69.87,100,KO
2025-12-30,9:35:07.363177243,T,69.83,300,69.87,100,KO
2025-12-30,9:35:07.365362448,T,69.84,100,69.87,100,KO
2025-12-30,9:35:07.371391749,T,69.83,300,69.87,100,KO
2025-12-30,9:35:07.372248939,T,69.84,100,69.87,100,KO
2025-12-30,9:35:07.481529141,T,69.84,100,69.87,200,KO
2025-12-30,9:35:07.481609298,T,69.83,300,69.87,200,KO
2025-12-30,9:35:07.482336052,T,69.83,300,69.86,100,KO
2025-12-30,9:35:07.690476695,T,69.83,300,69.87,200,KO
2025-12-30,9:35:07.749321778,T,69.84,100,69.87,200,KO
2025-12-30,9:35:07.758513724,T,69.83,300,69.87,200,KO
2025-12-30,9:35:07.758899660,T,69.83,300,69.87,300,KO
2025-12-30,9:35:07.758929730,T,69.83,300,69.87,400,KO
2025-12-30,9:35:07.820862227,T,69.84,100,69.87,400,KO
2025-12-30,9:35:07.910766261,T,69.83,300,69.87,400,KO
2025-12-30,9:35:08.026216347,T,69.84,100,69.87,400,KO
2025-12-30,9:35:08.037738721,T,69.84,100,69.87,300,KO
2025-12-30,9:35:08.095837073,T,69.84,100,69.87,200,KO
2025-12-30,9:35:08.095857129,T,69.84,100,69.87,100,KO
2025-12-30,9:35:08.152471922,T,69.83,300,69.87,100,KO
2025-12-30,9:35:08.277755393,T,69.84,100,69.87,100,KO
2025-12-30,9:35:08.679436971,T,69.83,300,69.87,100,KO
2025-12-30,9:35:08.718344612,T,69.84,100,69.87,100,KO
2025-12-30,9:35:08.718379714,T,69.84,200,69.87,100,KO
2025-12-30,9:35:09.076181828,T,69.84,100,69.87,100,KO
2025-12-30,9:35:09.287785785,T,69.84,200,69.87,100,KO
2025-12-30,9:35:09.288176813,T,69.84,100,69.87,100,KO
2025-12-30,9:35:09.378506955,T,69.84,100,69.86,100,KO
2025-12-30,9:35:10.012246255,T,69.84,100,69.86,200,KO
2025-12-30,9:35:10.012281317,T,69.83,300,69.86,200,KO
2025-12-30,9:35:10.012301333,T,69.83,300,69.86,300,KO
2025-12-30,9:35:10.012802481,T,69.83,300,69.86,200,KO
2025-12-30,9:35:10.015468887,T,69.83,300,69.86,100,KO
2025-12-30,9:35:10.020044739,T,69.83,300,69.85,100,KO
2025-12-30,9:35:10.076549316,T,69.83,200,69.85,100,KO
2025-12-30,9:35:10.076549316,T,69.83,200,69.85,200,KO
2025-12-30,9:35:10.076584412,T,69.83,200,69.85,300,KO
2025-12-30,9:35:10.076875173,T,69.83,100,69.85,300,KO
2025-12-30,9:35:10.080834482,T,69.83,100,69.85,200,KO
2025-12-30,9:35:10.085585828,T,69.83,100,69.84,100,KO
2025-12-30,9:35:10.085650978,T,69.83,100,69.84,200,KO
2025-12-30,9:35:10.130337419,T,69.83,100,69.84,100,KO
2025-12-30,9:35:11.210986300,T,69.83,100,69.84,200,KO
2025-12-30,9:35:11.278512059,T,69.83,100,69.84,100,KO
2025-12-30,9:35:11.542445979,T,69.82,200,69.84,100,KO
2025-12-30,9:35:11.542481143,T,69.82,100,69.84,100,KO
2025-12-30,9:35:11.542972065,T,69.82,100,69.84,200,KO
2025-12-30,9:35:11.543007081,T,69.82,100,69.84,300,KO
2025-12-30,9:35:11.543007081,T,69.82,100,69.84,400,KO
2025-12-30,9:35:11.543017028,T,69.82,100,69.84,300,KO
2025-12-30,9:35:11.543022038,T,69.81,200,69.84,300,KO
2025-12-30,9:35:11.543087182,T,69.81,200,69.84,400,KO
2025-12-30,9:35:11.543092240,T,69.81,200,69.84,500,KO
2025-12-30,9:35:11.543107281,T,69.81,100,69.84,500,KO
2025-12-30,9:35:11.543307770,T,69.81,100,69.83,100,KO
2025-12-30,9:35:11.544420442,T,69.81,100,69.83,200,KO
2025-12-30,9:35:11.544460525,T,69.82,100,69.83,200,KO
2025-12-30,9:35:11.544465491,T,69.82,100,69.83,100,KO
2025-12-30,9:35:11.544470437,T,69.82,100,69.84,200,KO
2025-12-30,9:35:11.544480465,T,69.82,200,69.84,200,KO
2025-12-30,9:35:11.544500902,T,69.82,300,69.84,200,KO
2025-12-30,9:35:11.544500902,T,69.82,200,69.84,200,KO
2025-12-30,9:35:11.544505654,T,69.82,300,69.84,200,KO
2025-12-30,9:35:11.544505654,T,69.82,400,69.84,200,KO
2025-12-30,9:35:11.544786276,T,69.82,400,69.84,100,KO
2025-12-30,9:35:11.544871420,T,69.82,300,69.84,100,KO
2025-12-30,9:35:11.544956707,T,69.83,100,69.84,100,KO
2025-12-30,9:35:11.544996692,T,69.83,200,69.84,100,KO
2025-12-30,9:35:11.545021791,T,69.83,200,69.84,200,KO
2025-12-30,9:35:11.660366561,T,69.83,100,69.84,200,KO
2025-12-30,9:35:11.660386516,T,69.83,100,69.84,100,KO
2025-12-30,9:35:11.744837669,T,69.82,300,69.84,100,KO
2025-12-30,9:35:13.263479518,T,69.82,200,69.84,100,KO
2025-12-30,9:35:13.263509600,T,69.82,100,69.84,100,KO
2025-12-30,9:35:13.264121566,T,69.82,100,69.84,200,KO
2025-12-30,9:35:13.264562042,T,69.81,200,69.84,200,KO
2025-12-30,9:35:13.275372802,T,69.81,200,69.84,100,KO
2025-12-30,9:35:13.310631751,T,69.81,200,69.85,500,KO
2025-12-30,9:35:13.310701923,T,69.81,200,69.84,100,KO
2025-12-30,9:35:13.310757111,T,69.81,200,69.84,200,KO
2025-12-30,9:35:13.314871870,T,69.81,200,69.83,100,KO
2025-12-30,9:35:13.523152927,T,69.81,200,69.83,200,KO
2025-12-30,9:35:13.881591602,T,69.81,200,69.83,100,KO
2025-12-30,9:35:14.021038839,T,69.81,200,69.83,200,KO
2025-12-30,9:35:14.055420642,T,69.81,200,69.83,100,KO
2025-12-30,9:35:14.110176078,T,69.81,200,69.83,200,KO
2025-12-30,9:35:14.333262564,T,69.81,100,69.83,200,KO
2025-12-30,9:35:14.333297631,T,69.81,100,69.83,300,KO
2025-12-30,9:35:14.333382790,T,69.8,300,69.83,300,KO
2025-12-30,9:35:14.333868870,T,69.8,300,69.83,200,KO
2025-12-30,9:35:14.333954071,T,69.8,400,69.83,200,KO
2025-12-30,9:35:14.335312392,T,69.8,400,69.83,300,KO
2025-12-30,9:35:14.335778522,T,69.8,400,69.82,100,KO
2025-12-30,9:35:14.335808512,T,69.8,300,69.82,100,KO
2025-12-30,9:35:14.342384179,T,69.8,300,69.82,200,KO
2025-12-30,9:35:15.899116736,T,69.8,400,69.82,200,KO
2025-12-30,9:35:16.573477816,T,69.8,400,69.82,100,KO
2025-12-30,9:35:17.515967509,T,69.81,100,69.82,100,KO
2025-12-30,9:35:17.516133038,T,69.81,100,69.83,200,KO
2025-12-30,9:35:17.516133038,T,69.81,100,69.83,100,KO
2025-12-30,9:35:17.516152888,T,69.82,100,69.83,100,KO
2025-12-30,9:35:17.516152888,T,69.82,200,69.83,100,KO
2025-12-30,9:35:17.516152888,T,69.82,300,69.83,100,KO
2025-12-30,9:35:17.516709203,T,69.82,200,69.83,100,KO
2025-12-30,9:35:17.646032291,T,69.82,200,69.84,300,KO
2025-12-30,9:35:17.646057347,T,69.82,200,69.84,200,KO
2025-12-30,9:35:17.716454946,T,69.82,100,69.84,200,KO
2025-12-30,9:35:17.716485113,T,69.81,100,69.84,200,KO
2025-12-30,9:35:17.716515118,T,69.81,100,69.84,100,KO
2025-12-30,9:35:17.716585288,T,69.81,100,69.84,200,KO
2025-12-30,9:35:17.728403481,T,69.8,400,69.84,200,KO
2025-12-30,9:35:17.728458607,T,69.81,100,69.84,200,KO
2025-12-30,9:35:18.278313163,T,69.81,100,69.84,100,KO
2025-12-30,9:35:18.278393340,T,69.81,100,69.84,200,KO
2025-12-30,9:35:18.538793554,T,69.81,100,69.84,100,KO
2025-12-30,9:35:19.284875390,T,69.81,100,69.84,200,KO
2025-12-30,9:35:19.345038742,T,69.81,100,69.84,100,KO
2025-12-30,9:35:19.393849914,T,69.81,100,69.84,200,KO
2025-12-30,9:35:19.527683682,T,69.81,100,69.84,100,KO
2025-12-30,9:35:19.578479574,T,69.81,100,69.84,200,KO
2025-12-30,9:35:19.613888935,T,69.81,100,69.84,100,KO
2025-12-30,9:35:20.399319531,T,69.81,100,69.84,200,KO
2025-12-30,9:35:20.474057517,T,69.81,200,69.84,200,KO
2025-12-30,9:35:20.492466432,T,69.81,200,69.84,100,KO
2025-12-30,9:35:20.529464508,T,69.81,300,69.84,100,KO
2025-12-30,9:35:20.529494630,T,69.81,400,69.84,100,KO
2025-12-30,9:35:20.529900601,T,69.82,100,69.84,100,KO
2025-12-30,9:35:20.529960714,T,69.82,200,69.84,100,KO
2025-12-30,9:35:20.529990768,T,69.83,100,69.84,100,KO
2025-12-30,9:35:20.530592158,T,69.83,100,69.85,500,KO
2025-12-30,9:35:20.532030598,T,69.83,100,69.85,400,KO
2025-12-30,9:35:20.532461599,T,69.83,100,69.85,300,KO
2025-12-30,9:35:20.532486674,T,69.83,100,69.85,200,KO
2025-12-30,9:35:20.546419957,T,69.83,100,69.85,100,KO
2025-12-30,9:35:20.646137550,T,69.82,300,69.85,100,KO
2025-12-30,9:35:20.646137550,T,69.83,100,69.85,100,KO
2025-12-30,9:35:20.646322783,T,69.83,200,69.85,100,KO
2025-12-30,9:35:20.646488276,T,69.84,100,69.85,100,KO
2025-12-30,9:35:20.646523346,T,69.83,100,69.85,100,KO
2025-12-30,9:35:20.646548394,T,69.83,100,69.84,100,KO
2025-12-30,9:35:20.646563351,T,69.82,300,69.84,100,KO
2025-12-30,9:35:20.646593534,T,69.82,300,69.85,100,KO
2025-12-30,9:35:20.646593534,T,69.82,300,69.85,200,KO
2025-12-30,9:35:20.646613556,T,69.84,100,69.85,200,KO
2025-12-30,9:35:20.646623559,T,69.84,200,69.85,200,KO
2025-12-30,9:35:20.648608242,T,69.84,200,69.85,100,KO
2025-12-30,9:35:20.765702156,T,69.84,200,69.86,300,KO
2025-12-30,9:35:20.767621720,T,69.84,200,69.86,200,KO
2025-12-30,9:35:20.767661763,T,69.84,300,69.86,200,KO
2025-12-30,9:35:20.767691840,T,69.84,400,69.86,200,KO
2025-12-30,9:35:20.767691840,T,69.84,300,69.86,200,KO
2025-12-30,9:35:20.767757066,T,69.84,400,69.86,200,KO
2025-12-30,9:35:20.767922444,T,69.84,300,69.86,200,KO
2025-12-30,9:35:20.767952488,T,69.85,100,69.86,200,KO
2025-12-30,9:35:20.771551024,T,69.85,100,69.86,100,KO
2025-12-30,9:35:20.968921193,T,69.85,100,69.86,200,KO
2025-12-30,9:35:20.972910708,T,69.85,100,69.86,100,KO
2025-12-30,9:35:22.065006799,T,69.85,100,69.86,200,KO
2025-12-30,9:35:22.173134940,T,69.84,200,69.86,200,KO
2025-12-30,9:35:22.173139298,T,69.84,200,69.85,100,KO
2025-12-30,9:35:22.175229222,T,69.84,100,69.85,100,KO
2025-12-30,9:35:22.176858102,T,69.84,100,69.86,300,KO
2025-12-30,9:35:22.189728737,T,69.84,100,69.86,200,KO
2025-12-30,9:35:22.424903844,T,69.84,200,69.86,200,KO
2025-12-30,9:35:22.533843288,T,69.84,100,69.86,200,KO
2025-12-30,9:35:22.533873406,T,69.83,300,69.86,200,KO
2025-12-30,9:35:22.599078584,T,69.83,200,69.86,200,KO
2025-12-30,9:35:22.599103754,T,69.84,100,69.86,200,KO
2025-12-30,9:35:23.429802021,T,69.84,200,69.86,200,KO
2025-12-30,9:35:23.429947406,T,69.84,100,69.86,200,KO
2025-12-30,9:35:23.430057596,T,69.83,400,69.86,200,KO
2025-12-30,9:35:23.430583974,T,69.83,400,69.86,300,KO
2025-12-30,9:35:23.430654112,T,69.83,400,69.85,100,KO
2025-12-30,9:35:23.441028818,T,69.83,400,69.86,300,KO
2025-12-30,9:35:23.471305919,T,69.83,400,69.86,200,KO
2025-12-30,9:35:23.562708523,T,69.83,300,69.86,200,KO
2025-12-30,9:35:23.776176936,T,69.83,200,69.86,200,KO
2025-12-30,9:35:23.776202040,T,69.83,300,69.86,200,KO
2025-12-30,9:35:23.776232154,T,69.83,400,69.86,200,KO
2025-12-30,9:35:23.884003687,T,69.83,300,69.86,200,KO
2025-12-30,9:35:24.107646393,T,69.83,200,69.86,200,KO
2025-12-30,9:35:24.107676501,T,69.83,100,69.86,200,KO
2025-12-30,9:35:24.156382489,T,69.83,200,69.86,200,KO
2025-12-30,9:35:24.156883631,T,69.83,200,69.86,300,KO
2025-12-30,9:35:24.587068242,T,69.83,200,69.86,200,KO
2025-12-30,9:35:24.587093236,T,69.83,100,69.86,200,KO
2025-12-30,9:35:26.385952475,T,69.84,100,69.86,200,KO
2025-12-30,9:35:26.386458643,T,69.84,100,69.86,100,KO
2025-12-30,9:35:26.388794224,T,69.84,100,69.86,200,KO
2025-12-30,9:35:26.395891094,T,69.84,100,69.86,100,KO
2025-12-30,9:35:28.804883427,T,69.84,100,69.88,300,KO
2025-12-30,9:35:28.804883427,T,69.85,100,69.88,300,KO
2025-12-30,9:35:28.804898874,T,69.85,200,69.88,300,KO
2025-12-30,9:35:28.804903484,T,69.85,300,69.88,300,KO
2025-12-30,9:35:28.804913479,T,69.85,400,69.88,300,KO
2025-12-30,9:35:28.804923511,T,69.85,500,69.88,300,KO
2025-12-30,9:35:28.804938681,T,69.85,600,69.88,300,KO
2025-12-30,9:35:28.804958756,T,69.85,600,69.87,100,KO
2025-12-30,9:35:28.804958756,T,69.85,600,69.87,300,KO
2025-12-30,9:35:28.804968684,T,69.85,500,69.87,300,KO
2025-12-30,9:35:28.804968684,T,69.85,600,69.87,300,KO
2025-12-30,9:35:28.805118966,T,69.85,700,69.87,300,KO
2025-12-30,9:35:28.805129008,T,69.85,700,69.87,700,KO
2025-12-30,9:35:28.805209400,T,69.85,800,69.87,700,KO
2025-12-30,9:35:28.805274360,T,69.85,700,69.87,700,KO
2025-12-30,9:35:28.805279407,T,69.85,600,69.87,700,KO
2025-12-30,9:35:28.805369588,T,69.85,700,69.87,700,KO
2025-12-30,9:35:28.805374599,T,69.85,800,69.87,700,KO
2025-12-30,9:35:28.805389640,T,69.85,800,69.87,800,KO
