DATE,TIME_M,EX,BID,BIDSIZ,ASK,ASKSIZ,SYM_ROOT
2025-12-29,9:30:00.402655755,T,69.73,300,70.0,200,KO
2025-12-29,9:30:00.566892054,T,69.73,300,70.0,100,KO
2025-12-29,9:30:00.566892054,T,69.73,300,70.15,100,KO
2025-12-29,9:30:00.566987195,T,69.73,400,70.15,100,KO
2025-12-29,9:30:00.567017251,T,69.73,400,70.2,1600,KO
2025-12-29,9:30:00.567328114,T,69.73,300,70.2,1600,KO
2025-12-29,9:30:00.567538473,T,69.73,300,70.07,100,KO
2025-12-29,9:30:00.578083686,T,69.73,400,70.07,100,KO
2025-12-29,9:30:00.578364332,T,69.73,300,70.07,100,KO
2025-12-29,9:30:01.210720575,T,69.73,300,70.2,1600,KO
2025-12-29,9:30:01.210720575,T,69.73,300,69.99,100,KO
2025-12-29,9:30:01.285759221,T,69.73,300,70.15,100,KO
2025-12-29,9:30:01.285759221,T,69.73,300,69.94,100,KO
2025-12-29,9:30:01.307836804,T,69.73,300,70.1,100,KO
2025-12-29,9:30:01.310894062,T,69.73,300,70.2,1600,KO
2025-12-29,9:30:01.310919206,T,69.89,100,70.2,1600,KO
2025-12-29,9:30:01.310924148,T,69.89,100,70.1,100,KO
2025-12-29,9:30:01.310949271,T,69.89,200,70.1,100,KO
2025-12-29,9:30:01.310994373,T,69.89,100,70.1,100,KO
2025-12-29,9:30:01.313124443,T,69.89,100,70.15,100,KO
2025-12-29,9:30:01.313129407,T,69.89,100,69.98,100,KO
2025-12-29,9:30:01.330926846,T,69.73,400,69.98,100,KO
2025-12-29,9:30:01.332280101,T,69.73,300,69.98,100,KO
2025-12-29,9:30:01.348664100,T,69.73,300,69.98,200,KO
2025-12-29,9:30:01.352543345,T,69.73,300,69.98,100,KO
2025-12-29,9:30:01.352844076,T,69.73,300,70.1,200,KO
2025-12-29,9:30:01.353069555,T,69.73,300,69.98,100,KO
2025-12-29,9:30:01.437465546,T,69.73,300,69.98,200,KO
2025-12-29,9:30:01.437515742,T,69.73,300,69.98,100,KO
2025-12-29,9:30:01.437515742,T,69.73,300,69.97,100,KO
2025-12-29,9:30:01.437681089,T,69.73,300,70.1,200,KO
2025-12-29,9:30:01.442763345,T,69.73,300,70.1,100,KO
2025-12-29,9:30:01.442788216,T,69.89,100,70.1,100,KO
2025-12-29,9:30:01.442818349,T,69.89,200,70.1,100,KO
2025-12-29,9:30:01.442853398,T,69.89,300,70.1,100,KO
2025-12-29,9:30:01.442868603,T,69.89,400,70.1,100,KO
2025-12-29,9:30:01.443134042,T,69.89,300,70.1,100,KO
2025-12-29,9:30:01.443139217,T,69.89,400,70.1,100,KO
2025-12-29,9:30:01.443504936,T,69.89,400,70.1,200,KO
2025-12-29,9:30:01.443540079,T,69.89,400,69.98,100,KO
2025-12-29,9:30:01.443555019,T,69.89,300,69.98,100,KO
2025-12-29,9:30:01.443580139,T,69.89,300,70.1,200,KO
2025-12-29,9:30:01.443820796,T,69.89,400,70.1,200,KO
2025-12-29,9:30:01.462790903,T,69.89,300,70.1,200,KO
2025-12-29,9:30:01.653364771,T,69.89,200,70.1,200,KO
2025-12-29,9:30:01.653394889,T,69.92,100,70.1,200,KO
2025-12-29,9:30:01.654422312,T,69.89,200,70.1,200,KO
2025-12-29,9:30:01.758505228,T,69.89,200,69.99,100,KO
2025-12-29,9:30:01.842079235,T,69.92,100,69.99,100,KO
2025-12-29,9:30:01.848439406,T,69.92,100,70.1,200,KO
2025-12-29,9:30:01.851852592,T,69.89,300,70.1,200,KO
2025-12-29,9:30:01.851862628,T,69.92,100,70.1,200,KO
2025-12-29,9:30:01.851867538,T,69.92,100,69.99,100,KO
2025-12-29,9:30:01.851897668,T,69.89,300,69.99,100,KO
2025-12-29,9:30:01.852073089,T,69.92,100,69.99,100,KO
2025-12-29,9:30:01.855661587,T,69.92,200,69.99,100,KO
2025-12-29,9:30:01.855681717,T,69.92,100,69.99,100,KO
2025-12-29,9:30:01.855706740,T,69.89,300,69.99,100,KO
2025-12-29,9:30:01.857571232,T,69.92,100,69.99,100,KO
2025-12-29,9:30:01.857606492,T,69.92,200,69.99,100,KO
2025-12-29,9:30:01.857631351,T,69.92,100,69.99,100,KO
2025-12-29,9:30:01.857661366,T,69.89,300,69.99,100,KO
2025-12-29,9:30:01.857871906,T,69.92,100,69.99,100,KO
2025-12-29,9:30:01.857906954,T,69.92,200,69.99,100,KO
2025-12-29,9:30:01.858032289,T,69.92,100,69.99,100,KO
2025-12-29,9:30:01.858057376,T,69.89,300,69.99,100,KO
2025-12-29,9:30:01.861665977,T,69.92,100,69.99,100,KO
2025-12-29,9:30:01.869890579,T,69.92,200,69.99,100,KO
2025-12-29,9:30:01.869915568,T,69.92,100,69.99,100,KO
2025-12-29,9:30:01.869945667,T,69.89,300,69.99,100,KO
2025-12-29,9:30:01.871499326,T,69.92,100,69.99,100,KO
2025-12-29,9:30:01.879423177,T,69.92,200,69.99,100,KO
2025-12-29,9:30:01.879693897,T,69.92,100,69.99,100,KO
2025-12-29,9:30:01.879718900,T,69.89,300,69.99,100,KO
2025-12-29,9:30:01.880004572,T,69.92,100,69.99,100,KO
2025-12-29,9:30:01.880039740,T,69.92,200,69.99,100,KO
2025-12-29,9:30:01.885973876,T,69.92,100,69.99,100,KO
2025-12-29,9:30:01.885998892,T,69.89,300,69.99,100,KO
2025-12-29,9:30:01.890805349,T,69.92,100,69.99,100,KO
2025-12-29,9:30:01.895656856,T,69.92,200,69.99,100,KO
2025-12-29,9:30:01.895677085,T,69.92,100,69.99,100,KO
2025-12-29,9:30:01.895712024,T,69.89,300,69.99,100,KO
2025-12-29,9:30:01.895832531,T,69.92,100,69.99,100,KO
2025-12-29,9:30:01.895862406,T,69.92,200,69.99,100,KO
2025-12-29,9:30:01.897310858,T,69.92,100,69.99,100,KO
2025-12-29,9:30:01.897336131,T,69.89,300,69.99,100,KO
2025-12-29,9:30:01.897365962,T,69.94,100,69.99,100,KO
2025-12-29,9:30:01.897431099,T,69.94,200,69.99,100,KO
2025-12-29,9:30:01.898278171,T,69.94,100,69.99,100,KO
2025-12-29,9:30:01.898308176,T,69.89,300,69.99,100,KO
2025-12-29,9:30:01.902658570,T,69.94,100,69.99,100,KO
2025-12-29,9:30:01.902693606,T,69.94,200,69.99,100,KO
2025-12-29,9:30:01.902959288,T,69.94,100,69.99,100,KO
2025-12-29,9:30:01.902984363,T,69.89,300,69.99,100,KO
2025-12-29,9:30:01.903089647,T,69.94,100,69.99,100,KO
2025-12-29,9:30:01.903124678,T,69.94,200,69.99,100,KO
2025-12-29,9:30:01.903926619,T,69.94,100,69.99,100,KO
2025-12-29,9:30:01.903956605,T,69.89,300,69.99,100,KO
2025-12-29,9:30:01.905535394,T,69.94,100,69.99,100,KO
2025-12-29,9:30:01.905570507,T,69.94,200,69.99,100,KO
2025-12-29,9:30:01.906673092,T,69.94,100,69.99,100,KO
2025-12-29,9:30:01.906698163,T,69.89,300,69.99,100,KO
2025-12-29,9:30:01.908302012,T,69.94,100,69.99,100,KO
2025-12-29,9:30:01.908347339,T,69.94,200,69.99,100,KO
2025-12-29,9:30:01.909214181,T,69.94,100,69.99,100,KO
2025-12-29,9:30:01.909239258,T,69.89,300,69.99,100,KO
2025-12-29,9:30:01.910076272,T,69.94,100,69.99,100,KO
2025-12-29,9:30:01.910106343,T,69.94,200,69.99,100,KO
2025-12-29,9:30:01.912411760,T,69.94,100,69.99,100,KO
2025-12-29,9:30:01.912446930,T,69.89,300,69.99,100,KO
2025-12-29,9:30:01.912532076,T,69.94,100,69.99,100,KO
2025-12-29,9:30:01.912567166,T,69.94,200,69.99,100,KO
2025-12-29,9:30:01.912697506,T,69.94,100,69.99,100,KO
2025-12-29,9:30:01.912732506,T,69.89,300,69.99,100,KO
2025-12-29,9:30:01.912847889,T,69.94,100,69.99,100,KO
2025-12-29,9:30:01.912882870,T,69.94,200,69.99,100,KO
2025-12-29,9:30:01.912953139,T,69.94,100,69.99,100,KO
2025-12-29,9:30:01.912983168,T,69.89,300,69.99,100,KO
2025-12-29,9:30:01.913063399,T,69.94,100,69.99,100,KO
2025-12-29,9:30:01.913093407,T,69.94,200,69.99,100,KO
2025-12-29,9:30:01.913218682,T,69.94,100,69.99,100,KO
2025-12-29,9:30:01.913243761,T,69.89,300,69.99,100,KO
2025-12-29,9:30:01.913268860,T,69.94,100,69.99,100,KO
2025-12-29,9:30:01.913303887,T,69.94,200,69.99,100,KO
2025-12-29,9:30:01.913434243,T,69.94,100,69.99,100,KO
2025-12-29,9:30:01.913459261,T,69.89,300,69.99,100,KO
2025-12-29,9:30:01.913604632,T,69.94,100,69.99,100,KO
2025-12-29,9:30:01.913644708,T,69.94,200,69.99,100,KO
2025-12-29,9:30:01.913960512,T,69.94,100,69.99,100,KO
2025-12-29,9:30:01.913990597,T,69.89,300,69.99,100,KO
2025-12-29,9:30:01.914596963,T,69.94,100,69.99,100,KO
2025-12-29,9:30:01.914632079,T,69.94,200,69.99,100,KO
2025-12-29,9:30:01.921744051,T,69.94,100,69.99,100,KO
2025-12-29,9:30:01.921774143,T,69.89,300,69.99,100,KO
2025-12-29,9:30:01.922295363,T,69.94,100,69.99,100,KO
2025-12-29,9:30:01.922330402,T,69.94,200,69.99,100,KO
2025-12-29,9:30:01.923428064,T,69.94,100,69.99,100,KO
2025-12-29,9:30:01.923453137,T,69.89,300,69.99,100,KO
2025-12-29,9:30:01.929497434,T,69.94,100,69.99,100,KO
2025-12-29,9:30:01.929527570,T,69.94,200,69.99,100,KO
2025-12-29,9:30:01.929773136,T,69.94,100,69.99,100,KO
2025-12-29,9:30:01.929803161,T,69.89,300,69.99,100,KO
2025-12-29,9:30:01.930134031,T,69.94,100,69.99,100,KO
2025-12-29,9:30:01.930179162,T,69.94,200,69.99,100,KO
2025-12-29,9:30:01.935336416,T,69.94,200,70.09,100,KO
2025-12-29,9:30:01.935361441,T,69.94,100,70.09,100,KO
2025-12-29,9:30:01.935391569,T,69.89,300,70.09,100,KO
2025-12-29,9:30:01.937556717,T,69.94,100,70.09,100,KO
2025-12-29,9:30:02.041579398,T,69.96,100,70.09,100,KO
2025-12-29,9:30:02.043624312,T,69.97,100,70.09,100,KO
2025-12-29,9:30:02.175784014,T,69.97,200,70.09,100,KO
2025-12-29,9:30:02.505404119,T,69.97,100,70.09,100,KO
2025-12-29,9:30:02.585590011,T,69.96,200,70.09,100,KO
2025-12-29,9:30:02.585641022,T,69.96,100,70.09,100,KO
2025-12-29,9:30:02.585660203,T,69.96,100,70.0,100,KO
2025-12-29,9:30:02.592456352,T,69.96,100,70.01,100,KO
2025-12-29,9:30:03.094025939,T,69.96,100,70.09,100,KO
2025-12-29,9:30:03.094030892,T,69.96,200,70.09,100,KO
2025-12-29,9:30:03.094046029,T,69.96,300,70.09,100,KO
2025-12-29,9:30:03.094046029,T,69.97,100,70.09,100,KO
2025-12-29,9:30:03.094086130,T,69.97,200,70.09,100,KO
2025-12-29,9:30:03.094346703,T,69.99,100,70.09,100,KO
2025-12-29,9:30:03.530751049,T,69.99,100,70.05,100,KO
2025-12-29,9:30:03.530776038,T,69.99,100,70.05,200,KO
2025-12-29,9:30:04.793027376,T,69.96,200,70.05,200,KO
2025-12-29,9:30:04.793047369,T,69.96,200,69.99,100,KO
2025-12-29,9:30:04.793057449,T,69.96,300,69.99,100,KO
2025-12-29,9:30:04.817585853,T,69.96,200,69.99,100,KO
2025-12-29,9:30:04.817645927,T,69.96,200,69.99,200,KO
2025-12-29,9:30:04.817761276,T,69.96,100,69.99,200,KO
2025-12-29,9:30:04.827664892,T,69.91,100,69.99,200,KO
2025-12-29,9:30:04.827669867,T,69.91,100,69.98,100,KO
2025-12-29,9:30:04.827694890,T,69.91,100,69.99,200,KO
2025-12-29,9:30:04.827699849,T,69.91,100,69.97,100,KO
2025-12-29,9:30:04.827704964,T,69.93,100,69.97,100,KO
2025-12-29,9:30:04.827734936,T,69.93,200,69.97,100,KO
2025-12-29,9:30:04.827755040,T,69.93,200,69.99,200,KO
2025-12-29,9:30:04.835343120,T,69.93,200,69.99,100,KO
2025-12-29,9:30:04.853922366,T,69.93,200,69.99,200,KO
2025-12-29,9:30:04.853957454,T,69.93,200,69.97,100,KO
2025-12-29,9:30:04.854072740,T,69.94,100,69.97,100,KO
2025-12-29,9:30:04.854077716,T,69.94,100,69.99,200,KO
2025-12-29,9:30:04.854112831,T,69.94,200,69.99,200,KO
2025-12-29,9:30:04.854213002,T,69.94,100,69.99,200,KO
2025-12-29,9:30:04.857545983,T,69.94,200,69.99,200,KO
2025-12-29,9:30:04.859986839,T,69.94,300,69.99,200,KO
2025-12-29,9:30:04.860036874,T,69.94,200,69.99,200,KO
2025-12-29,9:30:04.874070300,T,69.94,100,69.99,200,KO
2025-12-29,9:30:04.874110464,T,69.93,200,69.99,200,KO
2025-12-29,9:30:04.874280802,T,69.94,100,69.99,200,KO
2025-12-29,9:30:04.874461280,T,69.95,100,69.99,200,KO
2025-12-29,9:30:04.884555786,T,69.93,100,69.99,200,KO
2025-12-29,9:30:04.884580540,T,69.93,200,69.99,200,KO
2025-12-29,9:30:04.884615409,T,69.94,100,69.99,200,KO
2025-12-29,9:30:04.884665619,T,69.94,200,69.99,200,KO
2025-12-29,9:30:04.884675587,T,69.94,100,69.99,200,KO
2025-12-29,9:30:04.884700667,T,69.93,200,69.99,200,KO
2025-12-29,9:30:04.884775820,T,69.93,200,69.99,100,KO
2025-12-29,9:30:04.884780808,T,69.93,200,69.99,200,KO
2025-12-29,9:30:04.884815984,T,69.94,100,69.99,200,KO
2025-12-29,9:30:04.884846035,T,69.95,100,69.99,200,KO
2025-12-29,9:30:04.884911173,T,69.95,100,69.99,100,KO
2025-12-29,9:30:04.884926161,T,69.96,100,69.99,100,KO
2025-12-29,9:30:04.884926161,T,69.96,200,69.99,100,KO
2025-12-29,9:30:04.885387262,T,69.96,200,69.99,200,KO
2025-12-29,9:30:05.056113877,T,69.96,200,69.99,100,KO
2025-12-29,9:30:05.056710280,T,69.96,100,69.99,100,KO
2025-12-29,9:30:05.056740408,T,69.96,100,69.99,200,KO
2025-12-29,9:30:05.056850779,T,69.96,100,69.99,100,KO
2025-12-29,9:30:05.056875701,T,69.96,200,69.99,100,KO
2025-12-29,9:30:05.056906275,T,69.97,100,69.99,100,KO
2025-12-29,9:30:05.056910846,T,69.97,200,69.99,100,KO
2025-12-29,9:30:05.057161364,T,69.97,200,70.0,100,KO
2025-12-29,9:30:05.057331827,T,69.98,100,70.0,100,KO
2025-12-29,9:30:05.074718151,T,69.97,100,70.0,100,KO
2025-12-29,9:30:05.075018884,T,69.93,200,70.0,100,KO
2025-12-29,9:30:05.101321501,T,69.93,200,70.01,100,KO
2025-12-29,9:30:05.519041340,T,69.98,100,70.01,100,KO
2025-12-29,9:30:05.519071473,T,69.98,200,70.01,100,KO
2025-12-29,9:30:05.519076516,T,69.98,100,70.01,100,KO
2025-12-29,9:30:05.519121571,T,69.93,200,70.01,100,KO
2025-12-29,9:30:06.112083845,T,69.94,100,70.01,100,KO
2025-12-29,9:30:06.112549955,T,69.94,100,70.05,200,KO
2025-12-29,9:30:06.112920770,T,69.98,100,70.05,200,KO
2025-12-29,9:30:06.113051134,T,69.94,200,70.05,200,KO
2025-12-29,9:30:06.113051134,T,69.99,100,70.05,200,KO
2025-12-29,9:30:06.113191485,T,69.99,100,70.05,100,KO
2025-12-29,9:30:06.113226483,T,69.99,100,70.05,200,KO
2025-12-29,9:30:06.183273404,T,69.94,100,70.05,200,KO
2025-12-29,9:30:06.183318493,T,69.95,100,70.05,200,KO
2025-12-29,9:30:06.183348528,T,69.95,200,70.05,200,KO
2025-12-29,9:30:06.183393601,T,69.95,200,70.01,100,KO
2025-12-29,9:30:06.409206487,T,69.95,100,70.01,100,KO
2025-12-29,9:30:06.409206487,T,69.96,100,70.01,100,KO
2025-12-29,9:30:06.418543681,T,69.95,200,70.01,100,KO
2025-12-29,9:30:06.418578770,T,69.95,100,70.01,100,KO
2025-12-29,9:30:06.424422712,T,69.95,100,70.05,200,KO
2025-12-29,9:30:06.424427641,T,69.95,100,70.01,100,KO
2025-12-29,9:30:06.428883268,T,69.93,200,70.01,100,KO
2025-12-29,9:30:06.428883268,T,69.93,100,70.01,100,KO
2025-12-29,9:30:06.428908388,T,69.94,100,70.01,100,KO
2025-12-29,9:30:06.428933462,T,69.94,200,70.01,100,KO
2025-12-29,9:30:06.428988525,T,69.94,200,69.97,100,KO
2025-12-29,9:30:06.429008595,T,69.94,200,70.01,100,KO
2025-12-29,9:30:06.429053743,T,69.94,200,70.03,100,KO
2025-12-29,9:30:06.429133878,T,69.94,200,70.01,100,KO
2025-12-29,9:30:06.429194026,T,69.94,300,70.01,100,KO
2025-12-29,9:30:06.429214093,T,69.94,200,70.01,100,KO
2025-12-29,9:30:06.429239557,T,69.94,100,70.01,100,KO
2025-12-29,9:30:06.429264191,T,69.93,200,70.01,100,KO
2025-12-29,9:30:06.429349404,T,69.94,100,70.01,100,KO
2025-12-29,9:30:06.429419561,T,69.93,200,70.01,100,KO
2025-12-29,9:30:06.495256351,T,69.93,100,70.01,100,KO
2025-12-29,9:30:06.495286480,T,69.93,200,70.01,100,KO
2025-12-29,9:30:06.495301499,T,69.93,200,70.03,100,KO
2025-12-29,9:30:06.495311504,T,69.93,200,70.01,100,KO
2025-12-29,9:30:06.495316531,T,69.93,100,70.01,100,KO
2025-12-29,9:30:06.495341686,T,69.93,100,69.96,100,KO
2025-12-29,9:30:06.495366694,T,69.93,100,70.01,100,KO
2025-12-29,9:30:06.495431864,T,69.93,200,70.01,100,KO
2025-12-29,9:30:06.495461847,T,69.93,200,70.03,100,KO
2025-12-29,9:30:06.495572140,T,69.93,100,70.03,100,KO
2025-12-29,9:30:06.495592552,T,69.93,100,70.01,100,KO
2025-12-29,9:30:06.495592552,T,69.93,100,70.0,100,KO
2025-12-29,9:30:06.495592552,T,69.93,100,69.98,100,KO
2025-12-29,9:30:06.495632307,T,69.93,100,69.98,200,KO
2025-12-29,9:30:06.495857871,T,69.93,200,69.98,200,KO
2025-12-29,9:30:06.495888051,T,69.93,100,69.98,200,KO
2025-12-29,9:30:06.503265508,T,69.93,200,69.98,200,KO
2025-12-29,9:30:06.508939020,T,69.93,100,69.98,200,KO
2025-12-29,9:30:06.510527790,T,69.93,200,69.98,200,KO
2025-12-29,9:30:06.513399626,T,69.93,100,69.98,200,KO
2025-12-29,9:30:06.513434734,T,69.93,200,69.98,200,KO
2025-12-29,9:30:06.519203443,T,69.93,100,69.98,200,KO
2025-12-29,9:30:06.519223492,T,69.93,100,69.94,100,KO
2025-12-29,9:30:06.526445733,T,69.93,100,69.98,200,KO
2025-12-29,9:30:06.526480788,T,69.93,200,69.98,200,KO
2025-12-29,9:30:06.542644260,T,69.93,100,69.98,200,KO
2025-12-29,9:30:06.542824674,T,69.93,200,69.98,200,KO
2025-12-29,9:30:06.542980046,T,69.93,100,69.98,200,KO
2025-12-29,9:30:06.543090363,T,69.93,200,69.98,200,KO
2025-12-29,9:30:06.547656226,T,69.93,100,69.98,200,KO
2025-12-29,9:30:06.547686282,T,69.93,200,69.98,200,KO
2025-12-29,9:30:06.547771427,T,69.93,100,69.98,200,KO
2025-12-29,9:30:06.547801569,T,69.93,200,69.98,200,KO
2025-12-29,9:30:06.547906853,T,69.93,200,69.95,100,KO
2025-12-29,9:30:06.547946906,T,69.93,200,69.98,200,KO
2025-12-29,9:30:06.547961939,T,69.93,100,69.98,200,KO
2025-12-29,9:30:06.547966952,T,69.9,100,69.98,200,KO
2025-12-29,9:30:06.547987031,T,69.89,300,69.98,200,KO
2025-12-29,9:30:06.569322800,T,69.9,100,69.98,200,KO
2025-12-29,9:30:06.606902330,T,69.93,100,69.98,200,KO
2025-12-29,9:30:06.607037691,T,69.93,200,69.98,200,KO
2025-12-29,9:30:06.607082856,T,69.93,200,69.98,100,KO
2025-12-29,9:30:06.607092791,T,69.93,200,69.98,200,KO
2025-12-29,9:30:06.607173010,T,69.93,300,69.98,200,KO
2025-12-29,9:30:06.607323501,T,69.93,200,69.98,200,KO
2025-12-29,9:30:06.607328280,T,69.93,100,69.98,200,KO
2025-12-29,9:30:06.607328280,T,69.89,300,69.98,200,KO
2025-12-29,9:30:06.607358668,T,69.9,100,69.98,200,KO
2025-12-29,9:30:06.607383491,T,69.89,300,69.98,200,KO
2025-12-29,9:30:06.607493684,T,69.9,100,69.98,200,KO
2025-12-29,9:30:06.620304273,T,69.93,100,69.98,200,KO
2025-12-29,9:30:06.620339306,T,69.9,100,69.98,200,KO
2025-12-29,9:30:06.624574361,T,69.9,100,69.98,100,KO
2025-12-29,9:30:06.629496112,T,69.9,100,69.98,200,KO
2025-12-29,9:30:06.646150853,T,69.89,300,69.98,200,KO
2025-12-29,9:30:06.646230984,T,69.89,300,69.95,100,KO
2025-12-29,9:30:06.646235980,T,69.89,300,69.98,200,KO
2025-12-29,9:30:06.646246515,T,69.89,300,69.94,100,KO
2025-12-29,9:30:06.646246515,T,69.9,100,69.94,100,KO
2025-12-29,9:30:06.646286167,T,69.9,100,69.98,200,KO
2025-12-29,9:30:06.646306225,T,69.9,100,69.94,100,KO
2025-12-29,9:30:06.646416397,T,69.9,100,69.98,200,KO
2025-12-29,9:30:06.646436472,T,69.9,100,69.98,100,KO
2025-12-29,9:30:06.646436472,T,69.92,100,69.98,100,KO
2025-12-29,9:30:06.646446564,T,69.92,200,69.98,100,KO
2025-12-29,9:30:06.646631946,T,69.93,100,69.98,100,KO
2025-12-29,9:30:06.646747233,T,69.93,100,69.98,200,KO
2025-12-29,9:30:06.647955126,T,69.93,100,69.98,100,KO
2025-12-29,9:30:06.649293297,T,69.93,100,69.98,200,KO
2025-12-29,9:30:06.652215208,T,69.9,100,69.98,200,KO
2025-12-29,9:30:06.657688248,T,69.89,300,69.98,200,KO
2025-12-29,9:30:06.657723348,T,69.9,100,69.98,200,KO
2025-12-29,9:30:06.657918813,T,69.89,300,69.98,200,KO
2025-12-29,9:30:06.657953867,T,69.9,100,69.98,200,KO
2025-12-29,9:30:06.658009101,T,69.89,300,69.98,200,KO
2025-12-29,9:30:06.658019500,T,69.9,100,69.98,200,KO
2025-12-29,9:30:06.658054104,T,69.92,100,69.98,200,KO
2025-12-29,9:30:06.658144338,T,69.9,100,69.98,200,KO
2025-12-29,9:30:06.668448863,T,69.92,200,69.98,200,KO
2025-12-29,9:30:06.668483996,T,69.92,300,69.98,200,KO
2025-12-29,9:30:06.674733867,T,69.92,400,69.98,200,KO
2025-12-29,9:30:06.674753924,T,69.92,200,69.98,200,KO
2025-12-29,9:30:06.674753924,T,69.92,100,69.98,200,KO
2025-12-29,9:30:06.674778962,T,69.9,100,69.98,200,KO
2025-12-29,9:30:06.674778962,T,69.93,300,69.98,200,KO
2025-12-29,9:30:06.678262294,T,69.93,300,69.98,100,KO
2025-12-29,9:30:06.678267321,T,69.93,300,69.98,200,KO
2025-12-29,9:30:06.687785216,T,69.9,100,69.98,200,KO
2025-12-29,9:30:06.687785216,T,69.89,300,69.98,200,KO
2025-12-29,9:30:06.688040626,T,69.9,100,69.98,200,KO
2025-12-29,9:30:06.695463275,T,69.89,300,69.98,200,KO
2025-12-29,9:30:06.695498298,T,69.9,100,69.98,200,KO
2025-12-29,9:30:06.701313010,T,69.89,300,69.98,200,KO
2025-12-29,9:30:06.701342314,T,69.9,100,69.98,200,KO
2025-12-29,9:30:06.701547709,T,69.89,300,69.98,200,KO
2025-12-29,9:30:06.701567849,T,69.89,300,69.94,100,KO
2025-12-29,9:30:06.701577870,T,69.9,100,69.94,100,KO
2025-12-29,9:30:06.701577870,T,69.9,100,69.98,200,KO
2025-12-29,9:30:06.701582797,T,69.9,100,69.93,100,KO
2025-12-29,9:30:06.701763231,T,69.9,100,69.93,200,KO
2025-12-29,9:30:06.701798292,T,69.9,100,69.93,100,KO
2025-12-29,9:30:06.707206240,T,69.89,300,69.93,100,KO
2025-12-29,9:30:06.707226265,T,69.89,300,69.92,100,KO
2025-12-29,9:30:06.707326513,T,69.89,300,69.93,100,KO
2025-12-29,9:30:06.707351617,T,69.89,300,69.97,100,KO
2025-12-29,9:30:06.714588813,T,69.89,300,69.98,200,KO
2025-12-29,9:30:06.714593841,T,69.9,100,69.98,200,KO
2025-12-29,9:30:06.714603819,T,69.9,100,69.97,100,KO
2025-12-29,9:30:06.714628959,T,69.92,100,69.97,100,KO
2025-12-29,9:30:06.714628959,T,69.92,100,69.98,200,KO
2025-12-29,9:30:06.714638922,T,69.92,100,69.98,100,KO
2025-12-29,9:30:06.714664042,T,69.91,100,69.98,100,KO
2025-12-29,9:30:06.714904678,T,69.91,100,69.98,200,KO
2025-12-29,9:30:06.716433162,T,69.9,100,69.98,200,KO
2025-12-29,9:30:06.716498377,T,69.9,100,69.94,100,KO
2025-12-29,9:30:06.721014090,T,69.9,100,69.98,200,KO
2025-12-29,9:30:06.742806038,T,69.9,100,69.98,100,KO
2025-12-29,9:30:06.742841106,T,69.9,100,69.98,200,KO
2025-12-29,9:30:06.790038516,T,69.89,200,69.98,200,KO
2025-12-29,9:30:06.790053521,T,69.89,200,69.93,100,KO
2025-12-29,9:30:06.790119135,T,69.89,200,69.93,200,KO
2025-12-29,9:30:06.790199084,T,69.89,200,69.93,100,KO
2025-12-29,9:30:06.790504600,T,69.89,200,69.93,200,KO
2025-12-29,9:30:06.790544770,T,69.89,200,69.93,100,KO
2025-12-29,9:30:06.790585026,T,69.89,200,69.93,200,KO
2025-12-29,9:30:06.794669598,T,69.89,200,69.93,100,KO
2025-12-29,9:30:06.796403937,T,69.9,100,69.93,100,KO
2025-12-29,9:30:06.796589156,T,69.89,200,69.93,100,KO
2025-12-29,9:30:06.796589156,T,69.89,200,69.93,200,KO
2025-12-29,9:30:06.796609143,T,69.89,200,69.93,300,KO
2025-12-29,9:30:06.796784616,T,69.89,200,69.92,100,KO
2025-12-29,9:30:06.799686473,T,69.89,200,69.93,200,KO
2025-12-29,9:30:06.802663540,T,69.89,200,69.93,100,KO
2025-12-29,9:30:06.802698728,T,69.89,200,69.93,200,KO
2025-12-29,9:30:06.802703660,T,69.9,100,69.93,200,KO
2025-12-29,9:30:06.802773801,T,69.9,100,69.93,100,KO
2025-12-29,9:30:06.803249961,T,69.9,100,69.97,100,KO
2025-12-29,9:30:06.803275202,T,69.9,100,69.98,200,KO
2025-12-29,9:30:06.803285037,T,69.9,100,69.97,100,KO
2025-12-29,9:30:06.803310096,T,69.9,100,69.98,200,KO
2025-12-29,9:30:06.803335211,T,69.9,100,69.98,100,KO
2025-12-29,9:30:06.803430395,T,69.9,100,69.98,200,KO
2025-12-29,9:30:06.803455476,T,69.9,100,69.98,100,KO
2025-12-29,9:30:06.803540679,T,69.9,100,69.98,200,KO
2025-12-29,9:30:06.803676049,T,69.93,100,69.98,200,KO
2025-12-29,9:30:06.807095406,T,69.9,100,69.98,200,KO
2025-12-29,9:30:06.807095406,T,69.89,200,69.98,200,KO
2025-12-29,9:30:06.807364817,T,69.9,100,69.98,200,KO
2025-12-29,9:30:06.812897997,T,69.9,100,69.94,100,KO
2025-12-29,9:30:06.812922977,T,69.9,100,69.98,200,KO
2025-12-29,9:30:06.812933095,T,69.9,100,69.93,100,KO
2025-12-29,9:30:06.813173574,T,69.9,100,69.98,200,KO
2025-12-29,9:30:06.816416351,T,69.9,100,69.98,100,KO
2025-12-29,9:30:06.816451432,T,69.9,100,69.98,200,KO
2025-12-29,9:30:06.822962064,T,69.89,200,69.98,200,KO
2025-12-29,9:30:06.822996966,T,69.9,100,69.98,200,KO
2025-12-29,9:30:06.844047101,T,69.89,200,69.98,200,KO
2025-12-29,9:30:06.844112369,T,69.9,100,69.98,200,KO
2025-12-29,9:30:06.848823564,T,69.89,200,69.98,200,KO
2025-12-29,9:30:06.848863591,T,69.89,200,69.93,100,KO
2025-12-29,9:30:06.848873966,T,69.9,100,69.93,100,KO
2025-12-29,9:30:06.850337480,T,69.9,100,69.98,200,KO
2025-12-29,9:30:06.850337480,T,69.9,100,69.98,100,KO
2025-12-29,9:30:06.850392262,T,69.91,100,69.98,100,KO
2025-12-29,9:30:06.850537660,T,69.91,100,69.98,200,KO
2025-12-29,9:30:06.850547618,T,69.9,100,69.98,200,KO
2025-12-29,9:30:06.850592787,T,69.9,100,69.98,100,KO
2025-12-29,9:30:06.850622841,T,69.9,100,69.98,200,KO
2025-12-29,9:30:06.850632804,T,69.9,100,69.98,100,KO
2025-12-29,9:30:06.850672921,T,69.9,100,69.98,200,KO
2025-12-29,9:30:06.850753174,T,69.93,100,69.98,200,KO
2025-12-29,9:30:06.854271534,T,69.93,200,69.98,200,KO
2025-12-29,9:30:06.863834319,T,69.93,100,69.98,200,KO
2025-12-29,9:30:07.105800613,T,69.93,100,69.98,100,KO
2025-12-29,9:30:07.135100363,T,69.93,200,69.98,100,KO
2025-12-29,9:30:07.135210547,T,69.94,100,69.98,100,KO
2025-12-29,9:30:07.135441299,T,69.94,100,70.01,100,KO
2025-12-29,9:30:07.135686731,T,69.96,100,70.01,100,KO
2025-12-29,9:30:08.236538569,T,69.91,100,70.01,100,KO
2025-12-29,9:30:08.236588681,T,69.91,100,70.03,100,KO
2025-12-29,9:30:08.236598703,T,69.91,100,70.01,100,KO
2025-12-29,9:30:08.788257634,T,69.91,100,70.03,100,KO
2025-12-29,9:30:08.788723667,T,69.91,100,70.01,100,KO
2025-12-29,9:30:10.205302467,T,69.91,100,70.03,100,KO
2025-12-29,9:30:12.598953379,T,69.91,100,69.98,100,KO
2025-12-29,9:30:12.599003416,T,69.91,100,70.03,100,KO
2025-12-29,9:30:15.341956181,T,69.9,100,70.03,100,KO
2025-12-29,9:30:15.373130384,T,69.9,100,70.01,100,KO
2025-12-29,9:30:15.373466246,T,69.9,100,70.01,200,KO
2025-12-29,9:30:15.496855093,T,69.9,100,69.98,100,KO
2025-12-29,9:30:15.497200877,T,69.93,100,69.98,100,KO
2025-12-29,9:30:15.592688358,T,69.89,200,69.98,100,KO
2025-12-29,9:30:16.242004783,T,69.91,100,69.98,100,KO
2025-12-29,9:30:16.242029832,T,69.91,200,69.98,100,KO
2025-12-29,9:30:16.244330377,T,69.93,100,69.98,100,KO
2025-12-29,9:30:16.244355379,T,69.94,100,69.98,100,KO
2025-12-29,9:30:16.282751892,T,69.94,100,70.01,200,KO
2025-12-29,9:30:16.282781892,T,69.94,100,69.99,100,KO
2025-12-29,9:30:16.282812024,T,69.94,100,69.99,200,KO
2025-12-29,9:30:16.302102929,T,69.94,100,69.98,100,KO
2025-12-29,9:30:16.302133049,T,69.94,100,69.98,200,KO
2025-12-29,9:30:16.302173061,T,69.94,100,69.97,100,KO
2025-12-29,9:30:16.302263334,T,69.93,100,69.97,100,KO
2025-12-29,9:30:16.302293520,T,69.9,100,69.97,100,KO
2025-12-29,9:30:16.337121366,T,69.9,100,69.98,200,KO
2025-12-29,9:30:17.272263559,T,69.9,100,69.97,100,KO
2025-12-29,9:30:17.388841207,T,69.9,100,69.98,200,KO
2025-12-29,9:30:17.790913842,T,69.9,100,69.98,100,KO
2025-12-29,9:30:17.790933813,T,69.9,100,69.99,200,KO
2025-12-29,9:30:17.790973970,T,69.9,100,69.98,100,KO
2025-12-29,9:30:17.807558496,T,69.93,100,69.98,100,KO
2025-12-29,9:30:17.807618616,T,69.93,200,69.98,100,KO
2025-12-29,9:30:17.807628583,T,69.93,200,69.97,100,KO
2025-12-29,9:30:17.807628583,T,69.93,100,69.97,100,KO
2025-12-29,9:30:17.807633613,T,69.93,100,69.97,300,KO
2025-12-29,9:30:17.807653712,T,69.93,100,69.97,400,KO
2025-12-29,9:30:17.807653712,T,69.9,100,69.97,400,KO
2025-12-29,9:30:17.808340292,T,69.9,100,69.97,500,KO
2025-12-29,9:30:17.815537462,T,69.9,100,69.97,400,KO
2025-12-29,9:30:17.815567555,T,69.93,100,69.97,400,KO
2025-12-29,9:30:17.815587597,T,69.93,100,69.97,500,KO
2025-12-29,9:30:17.815592589,T,69.93,200,69.97,500,KO
2025-12-29,9:30:17.815602618,T,69.94,100,69.97,500,KO
2025-12-29,9:30:17.815607655,T,69.94,100,69.97,300,KO
2025-12-29,9:30:17.815627609,T,69.94,100,69.97,200,KO
2025-12-29,9:30:17.815652701,T,69.94,100,69.97,100,KO
2025-12-29,9:30:17.815783045,T,69.94,100,69.97,200,KO
2025-12-29,9:30:17.816013544,T,69.94,100,69.97,300,KO
2025-12-29,9:30:17.816138906,T,69.93,300,69.97,300,KO
2025-12-29,9:30:17.816163988,T,69.93,200,69.97,300,KO
2025-12-29,9:30:17.818314090,T,69.93,200,69.97,200,KO
2025-12-29,9:30:17.826849372,T,69.93,200,69.96,100,KO
2025-12-29,9:30:17.826864446,T,69.93,200,69.96,200,KO
2025-12-29,9:30:17.826879611,T,69.93,200,69.96,100,KO
2025-12-29,9:30:17.826889480,T,69.93,100,69.96,100,KO
2025-12-29,9:30:17.826934550,T,69.92,200,69.96,100,KO
2025-12-29,9:30:17.826974678,T,69.92,200,69.95,100,KO
2025-12-29,9:30:17.835404850,T,69.92,200,69.97,100,KO
2025-12-29,9:30:17.835424913,T,69.94,100,69.97,100,KO
2025-12-29,9:30:17.835440129,T,69.94,100,69.97,200,KO
2025-12-29,9:30:17.835474993,T,69.94,100,69.97,100,KO
2025-12-29,9:30:17.835499988,T,69.95,100,69.97,100,KO
2025-12-29,9:30:17.835510048,T,69.95,100,69.97,200,KO
2025-12-29,9:30:17.836808101,T,69.94,200,69.97,200,KO
2025-12-29,9:30:17.836858219,T,69.94,100,69.97,200,KO
2025-12-29,9:30:17.836878475,T,69.94,100,69.95,100,KO
2025-12-29,9:30:17.836878475,T,69.94,100,69.95,200,KO
2025-12-29,9:30:17.836888272,T,69.93,200,69.95,200,KO
2025-12-29,9:30:17.837103828,T,69.93,200,69.95,300,KO
2025-12-29,9:30:17.837158991,T,69.93,100,69.95,300,KO
2025-12-29,9:30:17.837184055,T,69.91,100,69.95,300,KO
2025-12-29,9:30:17.841008104,T,69.91,100,69.95,200,KO
2025-12-29,9:30:17.853673221,T,69.91,100,69.95,100,KO
2025-12-29,9:30:17.853673221,T,69.91,100,69.96,100,KO
2025-12-29,9:30:17.853693785,T,69.94,100,69.96,100,KO
2025-12-29,9:30:17.853693785,T,69.94,200,69.96,100,KO
2025-12-29,9:30:17.853703346,T,69.94,200,69.97,200,KO
2025-12-29,9:30:17.854344909,T,69.94,300,69.97,200,KO
2025-12-29,9:30:17.854500427,T,69.94,300,69.97,100,KO
2025-12-29,9:30:17.854505311,T,69.94,300,69.98,200,KO
2025-12-29,9:30:17.854730842,T,69.94,200,69.98,200,KO
2025-12-29,9:30:17.854776029,T,69.95,100,69.98,200,KO
2025-12-29,9:30:17.855026540,T,69.94,300,69.98,200,KO
2025-12-29,9:30:17.855031506,T,69.94,200,69.98,200,KO
2025-12-29,9:30:17.855457504,T,69.94,200,69.96,100,KO
2025-12-29,9:30:17.855472615,T,69.94,200,69.96,300,KO
2025-12-29,9:30:17.855492586,T,69.94,200,69.96,200,KO
2025-12-29,9:30:17.855497588,T,69.94,200,69.98,100,KO
2025-12-29,9:30:17.855542775,T,69.94,200,69.97,100,KO
2025-12-29,9:30:17.855627963,T,69.94,300,69.97,100,KO
2025-12-29,9:30:17.857006376,T,69.94,300,69.98,200,KO
2025-12-29,9:30:17.857011200,T,69.94,300,69.98,100,KO
2025-12-29,9:30:17.857041361,T,69.94,300,69.98,200,KO
2025-12-29,9:30:17.857056366,T,69.94,200,69.98,200,KO
2025-12-29,9:30:17.857061342,T,69.94,300,69.98,200,KO
2025-12-29,9:30:17.857061342,T,69.94,200,69.98,200,KO
2025-12-29,9:30:17.857578144,T,69.94,200,69.98,100,KO
2025-12-29,9:30:17.857582607,T,69.96,100,69.98,100,KO
2025-12-29,9:30:17.857592656,T,69.96,100,69.99,200,KO
2025-12-29,9:30:17.857692814,T,69.96,200,69.99,200,KO
2025-12-29,9:30:17.857818416,T,69.97,100,69.99,200,KO
2025-12-29,9:30:17.858339367,T,69.97,100,69.98,100,KO
2025-12-29,9:30:17.884346295,T,69.95,200,69.98,100,KO
2025-12-29,9:30:17.884346295,T,69.95,100,69.98,100,KO
2025-12-29,9:30:17.884366723,T,69.95,100,69.97,100,KO
2025-12-29,9:30:17.884366723,T,69.95,100,69.97,200,KO
2025-12-29,9:30:17.884401485,T,69.93,200,69.97,200,KO
2025-12-29,9:30:17.884401485,T,69.93,200,69.97,300,KO
2025-12-29,9:30:17.884421574,T,69.95,100,69.97,300,KO
2025-12-29,9:30:17.884446573,T,69.93,200,69.97,300,KO
2025-12-29,9:30:17.884471608,T,69.93,100,69.97,300,KO
2025-12-29,9:30:17.884506737,T,69.93,200,69.97,300,KO
2025-12-29,9:30:17.884601927,T,69.94,100,69.97,300,KO
2025-12-29,9:30:17.884632022,T,69.94,200,69.97,300,KO
2025-12-29,9:30:17.887579081,T,69.94,200,69.97,200,KO
2025-12-29,9:30:18.069081344,T,69.94,200,69.97,300,KO
2025-12-29,9:30:18.069086431,T,69.94,100,69.97,300,KO
2025-12-29,9:30:18.069106402,T,69.94,100,69.97,200,KO
2025-12-29,9:30:18.069111363,T,69.94,100,69.97,300,KO
2025-12-29,9:30:18.069116324,T,69.93,200,69.97,300,KO
2025-12-29,9:30:18.069126399,T,69.93,200,69.97,200,KO
2025-12-29,9:30:18.069131418,T,69.93,200,69.97,300,KO
2025-12-29,9:30:18.069136478,T,69.94,100,69.97,300,KO
2025-12-29,9:30:18.069171483,T,69.93,200,69.97,300,KO
2025-12-29,9:30:18.069266756,T,69.93,200,69.96,100,KO
2025-12-29,9:30:18.069266756,T,69.93,200,69.96,200,KO
2025-12-29,9:30:18.076719498,T,69.93,200,69.96,100,KO
2025-12-29,9:30:18.087249535,T,69.93,200,69.96,200,KO
2025-12-29,9:30:18.087294662,T,69.93,100,69.96,200,KO
2025-12-29,9:30:18.087319782,T,69.92,200,69.96,200,KO
2025-12-29,9:30:18.087430041,T,69.92,200,69.95,100,KO
2025-12-29,9:30:18.088988719,T,69.94,100,69.95,100,KO
2025-12-29,9:30:18.090221676,T,69.93,200,69.95,100,KO
2025-12-29,9:30:18.092451965,T,69.93,200,69.96,200,KO
2025-12-29,9:30:18.111437133,T,69.93,100,69.96,200,KO
2025-12-29,9:30:18.111437133,T,69.93,100,69.95,100,KO
2025-12-29,9:30:18.111457184,T,69.92,200,69.95,100,KO
2025-12-29,9:30:18.111662728,T,69.92,200,69.95,200,KO
2025-12-29,9:30:18.111672769,T,69.92,300,69.95,200,KO
2025-12-29,9:30:18.135935512,T,69.92,300,69.95,300,KO
2025-12-29,9:30:18.136015691,T,69.92,300,69.95,200,KO
2025-12-29,9:30:18.136151073,T,69.92,200,69.95,200,KO
2025-12-29,9:30:18.136231203,T,69.92,100,69.95,200,KO
2025-12-29,9:30:18.136256341,T,69.9,100,69.95,200,KO
2025-12-29,9:30:18.136276434,T,69.91,100,69.95,200,KO
2025-12-29,9:30:18.136306396,T,69.91,200,69.95,200,KO
2025-12-29,9:30:18.140481390,T,69.91,200,69.95,100,KO
2025-12-29,9:30:18.143257913,T,69.92,100,69.95,100,KO
2025-12-29,9:30:18.143288064,T,69.92,200,69.95,100,KO
2025-12-29,9:30:18.165737099,T,69.92,200,69.96,200,KO
2025-12-29,9:30:18.165741476,T,69.92,200,69.96,100,KO
2025-12-29,9:30:18.165771593,T,69.93,100,69.96,100,KO
2025-12-29,9:30:18.165821962,T,69.93,200,69.96,100,KO
2025-12-29,9:30:18.166358015,T,69.94,100,69.96,100,KO
2025-12-29,9:30:18.166513315,T,69.94,100,69.96,200,KO
2025-12-29,9:30:18.166528327,T,69.94,100,69.96,300,KO
2025-12-29,9:30:18.166553430,T,69.94,100,69.96,200,KO
2025-12-29,9:30:18.172818416,T,69.93,200,69.96,200,KO
2025-12-29,9:30:18.172818416,T,69.93,200,69.96,100,KO
2025-12-29,9:30:18.186781647,T,69.93,100,69.96,100,KO
2025-12-29,9:30:18.186796647,T,69.93,100,69.96,200,KO
2025-12-29,9:30:18.186801690,T,69.91,200,69.96,200,KO
2025-12-29,9:30:18.186962054,T,69.92,100,69.96,200,KO
2025-12-29,9:30:18.186992100,T,69.92,200,69.96,200,KO
2025-12-29,9:30:18.250458259,T,69.92,200,69.96,100,KO
2025-12-29,9:30:18.250478297,T,69.94,100,69.96,100,KO
2025-12-29,9:30:18.250799099,T,69.94,200,69.96,100,KO
2025-12-29,9:30:18.273708692,T,69.94,200,69.98,200,KO
2025-12-29,9:30:18.273743751,T,69.94,200,69.97,100,KO
2025-12-29,9:30:18.273773831,T,69.94,200,69.97,200,KO
2025-12-29,9:30:18.297590623,T,69.94,200,69.97,100,KO
2025-12-29,9:30:18.297615607,T,69.94,200,69.98,200,KO
2025-12-29,9:30:19.142362461,T,69.94,200,69.98,100,KO
2025-12-29,9:30:19.142392524,T,69.94,200,69.99,200,KO
2025-12-29,9:30:19.523896268,T,69.94,200,69.98,100,KO
2025-12-29,9:30:19.524367275,T,69.94,200,69.98,200,KO
2025-12-29,9:30:19.577323360,T,69.94,100,69.98,200,KO
2025-12-29,9:30:19.651795745,T,69.93,200,69.98,200,KO
2025-12-29,9:30:19.924851177,T,69.93,200,69.98,100,KO
2025-12-29,9:30:19.924871222,T,69.93,200,69.99,200,KO
2025-12-29,9:30:19.957513909,T,69.95,100,69.99,200,KO
2025-12-29,9:30:19.976905087,T,69.95,100,69.98,100,KO
2025-12-29,9:30:19.976935183,T,69.95,100,69.98,200,KO
2025-12-29,9:30:19.978569014,T,69.93,200,69.98,200,KO
2025-12-29,9:30:20.292075683,T,69.94,100,69.98,200,KO
2025-12-29,9:30:20.292105819,T,69.94,200,69.98,200,KO
2025-12-29,9:30:20.321139890,T,69.94,200,69.98,100,KO
2025-12-29,9:30:20.321165004,T,69.94,200,69.99,200,KO
2025-12-29,9:30:21.326374094,T,69.94,100,69.99,200,KO
2025-12-29,9:30:21.326399108,T,69.93,200,69.99,200,KO
2025-12-29,9:30:21.326424269,T,69.94,100,69.99,200,KO
2025-12-29,9:30:21.814807385,T,69.94,100,69.98,100,KO
2025-12-29,9:30:21.814807385,T,69.94,200,69.98,100,KO
2025-12-29,9:30:21.819854397,T,69.94,100,69.98,100,KO
2025-12-29,9:30:21.819859420,T,69.95,100,69.98,100,KO
2025-12-29,9:30:21.819889556,T,69.95,100,69.98,200,KO
2025-12-29,9:30:21.819989794,T,69.95,100,69.98,100,KO
2025-12-29,9:30:21.820019971,T,69.95,100,69.99,200,KO
2025-12-29,9:30:21.820205238,T,69.94,100,69.99,200,KO
2025-12-29,9:30:21.820215227,T,69.95,100,69.99,200,KO
2025-12-29,9:30:21.820275424,T,69.94,200,69.99,200,KO
2025-12-29,9:30:21.820275424,T,69.94,300,69.99,200,KO
2025-12-29,9:30:21.820300523,T,69.94,200,69.99,200,KO
2025-12-29,9:30:21.820320557,T,69.95,100,69.99,200,KO
2025-12-29,9:30:21.820350655,T,69.95,200,69.99,200,KO
2025-12-29,9:30:21.820631232,T,69.95,100,69.99,200,KO
2025-12-29,9:30:21.820656334,T,69.94,200,69.99,200,KO
2025-12-29,9:30:21.824194737,T,69.95,100,69.99,200,KO
2025-12-29,9:30:21.976868333,T,69.96,100,69.99,200,KO
2025-12-29,9:30:24.005334552,T,69.96,100,69.99,100,KO
2025-12-29,9:30:24.999176759,T,69.96,100,69.99,200,KO
2025-12-29,9:30:24.999452319,T,69.95,200,69.99,200,KO
2025-12-29,9:30:24.999467335,T,69.95,200,69.98,400,KO
2025-12-29,9:30:24.999482371,T,69.95,200,69.98,600,KO
2025-12-29,9:30:24.999502459,T,69.95,200,69.98,700,KO
2025-12-29,9:30:24.999552536,T,69.95,200,69.98,800,KO
2025-12-29,9:30:24.999863245,T,69.95,200,69.98,900,KO
2025-12-29,9:30:25.000274228,T,69.95,100,69.98,900,KO
2025-12-29,9:30:25.000279220,T,69.95,100,69.98,1000,KO
2025-12-29,9:30:25.000284227,T,69.95,200,69.98,1000,KO
2025-12-29,9:30:25.000399487,T,69.96,100,69.98,1000,KO
2025-12-29,9:30:25.000434581,T,69.96,200,69.98,1000,KO
2025-12-29,9:30:25.000514789,T,69.96,100,69.98,1000,KO
2025-12-29,9:30:25.000539912,T,69.95,200,69.98,1000,KO
2025-12-29,9:30:25.000700235,T,69.95,100,69.98,1000,KO
2025-12-29,9:30:25.000720251,T,69.95,100,69.98,600,KO
2025-12-29,9:30:25.000720251,T,69.95,100,69.98,400,KO
2025-12-29,9:30:25.000735457,T,69.95,100,69.98,300,KO
2025-12-29,9:30:25.000735457,T,69.95,100,69.98,200,KO
2025-12-29,9:30:25.000740370,T,69.95,100,69.98,100,KO
2025-12-29,9:30:25.000760527,T,69.95,100,69.98,1000,KO
2025-12-29,9:30:25.000941064,T,69.95,200,69.98,1000,KO
2025-12-29,9:30:25.000945837,T,69.96,100,69.98,1000,KO
2025-12-29,9:30:25.000971143,T,69.96,200,69.98,1000,KO
2025-12-29,9:30:25.001036463,T,69.96,100,69.98,1000,KO
2025-12-29,9:30:25.001056111,T,69.96,100,69.98,1100,KO
2025-12-29,9:30:25.001096541,T,69.96,100,69.97,100,KO
2025-12-29,9:30:25.001096541,T,69.96,100,69.97,1000,KO
2025-12-29,9:30:25.001096541,T,69.96,100,69.97,1100,KO
2025-12-29,9:30:25.001101202,T,69.96,200,69.97,1100,KO
2025-12-29,9:30:25.001121716,T,69.96,200,69.97,1000,KO
2025-12-29,9:30:25.001121716,T,69.96,200,69.97,900,KO
2025-12-29,9:30:25.001126309,T,69.96,100,69.97,900,KO
2025-12-29,9:30:25.001156378,T,69.96,200,69.97,900,KO
2025-12-29,9:30:25.001216440,T,69.96,200,69.97,500,KO
2025-12-29,9:30:25.001226795,T,69.96,300,69.97,500,KO
2025-12-29,9:30:25.001316681,T,69.96,300,69.97,600,KO
2025-12-29,9:30:25.001362146,T,69.96,400,69.97,600,KO
2025-12-29,9:30:25.001362146,T,69.96,500,69.97,600,KO
2025-12-29,9:30:25.001421953,T,69.96,400,69.97,600,KO
2025-12-29,9:30:25.001517263,T,69.96,400,69.97,200,KO
2025-12-29,9:30:25.001517263,T,69.96,400,69.97,100,KO
2025-12-29,9:30:25.001517263,T,69.96,400,69.99,200,KO
2025-12-29,9:30:25.001547331,T,69.96,500,69.99,200,KO
2025-12-29,9:30:25.002289098,T,69.96,400,69.99,200,KO
2025-12-29,9:30:25.002289098,T,69.96,300,69.99,200,KO
2025-12-29,9:30:25.002319129,T,69.96,200,69.99,200,KO
2025-12-29,9:30:25.002544643,T,69.96,100,69.99,200,KO
2025-12-29,9:30:25.002800300,T,69.95,200,69.99,200,KO
2025-12-29,9:30:25.006143262,T,69.95,200,69.99,100,KO
2025-12-29,9:30:25.006163208,T,69.97,100,69.99,100,KO
2025-12-29,9:30:25.006183264,T,69.97,100,69.99,200,KO
2025-12-29,9:30:25.008979986,T,69.95,200,69.99,200,KO
2025-12-29,9:30:25.011054907,T,69.96,100,69.99,200,KO
2025-12-29,9:30:25.011084964,T,69.96,200,69.99,200,KO
2025-12-29,9:30:25.065419365,T,69.96,100,69.99,200,KO
2025-12-29,9:30:25.065444484,T,69.95,200,69.99,200,KO
2025-12-29,9:30:25.065644906,T,69.96,100,69.99,200,KO
2025-12-29,9:30:25.065674961,T,69.96,200,69.99,200,KO
2025-12-29,9:30:25.066511998,T,69.96,100,69.99,200,KO
2025-12-29,9:30:25.066552077,T,69.95,200,69.99,200,KO
2025-12-29,9:30:25.066767653,T,69.96,100,69.99,200,KO
2025-12-29,9:30:25.066802670,T,69.96,200,69.99,200,KO
2025-12-29,9:30:25.067379104,T,69.96,100,69.99,200,KO
2025-12-29,9:30:25.067404106,T,69.95,200,69.99,200,KO
2025-12-29,9:30:25.067424141,T,69.96,100,69.99,200,KO
2025-12-29,9:30:25.067459296,T,69.96,200,69.99,200,KO
2025-12-29,9:30:25.102467604,T,69.96,200,69.99,100,KO
2025-12-29,9:30:25.102487741,T,69.96,100,69.99,100,KO
2025-12-29,9:30:25.102512789,T,69.95,200,69.99,100,KO
2025-12-29,9:30:25.102537846,T,69.96,100,69.99,100,KO
2025-12-29,9:30:25.295833189,T,69.96,100,70.0,300,KO
2025-12-29,9:30:25.295843222,T,69.97,100,70.0,300,KO
2025-12-29,9:30:25.295853237,T,69.97,200,70.0,300,KO
2025-12-29,9:30:25.297371819,T,69.97,200,70.0,200,KO
2025-12-29,9:30:25.302945193,T,69.97,100,70.0,200,KO
2025-12-29,9:30:25.982794270,T,69.97,100,69.99,100,KO
2025-12-29,9:30:25.982839710,T,69.97,100,69.99,200,KO
2025-12-29,9:30:25.982839710,T,69.95,200,69.99,200,KO
2025-12-29,9:30:25.982899526,T,69.95,100,69.99,200,KO
2025-12-29,9:30:26.008440389,T,69.94,200,69.99,200,KO
2025-12-29,9:30:28.008223111,T,69.95,100,69.99,200,KO
2025-12-29,9:30:28.597691966,T,69.96,100,69.99,200,KO
2025-12-29,9:30:28.597717083,T,69.96,200,69.99,200,KO
2025-12-29,9:30:28.597817238,T,69.96,200,69.99,100,KO
2025-12-29,9:30:28.597837286,T,69.96,200,70.0,200,KO
2025-12-29,9:30:28.617012998,T,69.96,200,69.99,100,KO
2025-12-29,9:30:28.617178433,T,69.96,100,69.99,100,KO
2025-12-29,9:30:28.617609464,T,69.95,200,69.99,100,KO
2025-12-29,9:30:28.618025363,T,69.95,200,69.99,200,KO
2025-12-29,9:30:28.623729000,T,69.95,100,69.99,200,KO
2025-12-29,9:30:28.623989583,T,69.94,200,69.99,200,KO
2025-12-29,9:30:29.341307998,T,69.94,100,69.99,200,KO
2025-12-29,9:30:29.341353150,T,69.94,100,69.99,100,KO
2025-12-29,9:30:29.341373193,T,69.94,100,69.98,100,KO
2025-12-29,9:30:29.341398314,T,69.93,200,69.98,100,KO
2025-12-29,9:30:29.341398314,T,69.94,100,69.98,100,KO
2025-12-29,9:30:29.341403382,T,69.94,100,69.98,200,KO
2025-12-29,9:30:29.341403382,T,69.94,100,69.97,100,KO
2025-12-29,9:30:29.341418285,T,69.94,100,69.98,200,KO
2025-12-29,9:30:29.341423230,T,69.93,200,69.98,200,KO
2025-12-29,9:30:29.341428287,T,69.93,100,69.98,200,KO
2025-12-29,9:30:29.341438304,T,69.93,100,69.97,100,KO
2025-12-29,9:30:29.341498499,T,69.93,100,69.97,200,KO
2025-12-29,9:30:29.341814191,T,69.92,200,69.97,200,KO
2025-12-29,9:30:29.376907761,T,69.92,200,69.96,100,KO
2025-12-29,9:30:29.376937872,T,69.92,200,69.96,200,KO
2025-12-29,9:30:29.377168402,T,69.92,100,69.96,200,KO
2025-12-29,9:30:29.377173423,T,69.92,100,69.95,100,KO
2025-12-29,9:30:29.377203481,T,69.92,100,69.95,200,KO
2025-12-29,9:30:29.381303263,T,69.92,100,69.95,100,KO
2025-12-29,9:30:29.381328343,T,69.92,100,69.96,200,KO
2025-12-29,9:30:29.386410369,T,69.91,200,69.96,200,KO
2025-12-29,9:30:29.421012833,T,69.91,200,69.96,100,KO
2025-12-29,9:30:29.421037904,T,69.91,200,69.97,200,KO
2025-12-29,9:30:29.421102994,T,69.91,200,69.96,100,KO
2025-12-29,9:30:30.489532759,T,69.91,200,69.96,200,KO
2025-12-29,9:30:30.493587407,T,69.91,100,69.96,200,KO
2025-12-29,9:30:30.611453195,T,69.91,100,69.95,100,KO
2025-12-29,9:30:30.611458163,T,69.91,100,69.95,200,KO
2025-12-29,9:30:30.611508283,T,69.9,100,69.95,200,KO
2025-12-29,9:30:30.611533338,T,69.9,200,69.95,200,KO
2025-12-29,9:30:30.611979362,T,69.9,100,69.95,200,KO
2025-12-29,9:30:30.612004434,T,69.9,100,69.95,300,KO
2025-12-29,9:30:30.612004434,T,69.9,100,69.94,100,KO
2025-12-29,9:30:30.612024481,T,69.9,100,69.95,300,KO
2025-12-29,9:30:30.612029520,T,69.9,100,69.95,200,KO
2025-12-29,9:30:30.612034542,T,69.9,100,69.95,300,KO
2025-12-29,9:30:30.612039915,T,69.9,100,69.94,100,KO
2025-12-29,9:30:30.612069604,T,69.9,100,69.94,200,KO
2025-12-29,9:30:30.612099973,T,69.9,100,69.94,300,KO
2025-12-29,9:30:30.612214951,T,69.9,100,69.93,100,KO
2025-12-29,9:30:30.612245069,T,69.9,100,69.93,200,KO
2025-12-29,9:30:30.612475540,T,69.9,100,69.93,300,KO
2025-12-29,9:30:30.619046277,T,69.9,100,69.93,200,KO
2025-12-29,9:30:30.642938186,T,69.9,100,69.93,100,KO
2025-12-29,9:30:30.642963182,T,69.87,800,69.93,100,KO
2025-12-29,9:30:30.643093478,T,69.87,800,69.93,200,KO
2025-12-29,9:30:30.799982128,T,69.87,800,69.93,100,KO
2025-12-29,9:30:31.488782711,T,69.87,800,69.94,300,KO
2025-12-29,9:30:31.489193635,T,69.87,800,69.94,200,KO
2025-12-29,9:30:31.620817135,T,69.9,100,69.94,200,KO
2025-12-29,9:30:31.909715207,T,69.91,100,69.94,200,KO
2025-12-29,9:30:31.909730286,T,69.91,100,69.94,100,KO
2025-12-29,9:30:31.909750346,T,69.92,100,69.94,100,KO
2025-12-29,9:30:31.909765279,T,69.92,100,69.97,100,KO
2025-12-29,9:30:31.909835418,T,69.92,100,69.95,100,KO
2025-12-29,9:30:31.909870508,T,69.92,100,69.95,200,KO
2025-12-29,9:30:31.910236425,T,69.92,100,69.94,200,KO
2025-12-29,9:30:31.910266532,T,69.92,100,69.94,300,KO
2025-12-29,9:30:31.910291512,T,69.92,100,69.94,100,KO
2025-12-29,9:30:31.910311572,T,69.92,100,69.93,200,KO
2025-12-29,9:30:31.910346739,T,69.91,100,69.93,200,KO
2025-12-29,9:30:31.910747587,T,69.9,200,69.93,200,KO
2025-12-29,9:30:31.913764868,T,69.9,200,69.93,300,KO
2025-12-29,9:30:31.943230024,T,69.9,100,69.93,300,KO
2025-12-29,9:30:32.039318860,T,69.9,100,69.93,200,KO
2025-12-29,9:30:32.512936819,T,69.91,100,69.93,200,KO
2025-12-29,9:30:32.607416871,T,69.9,100,69.93,200,KO
2025-12-29,9:30:32.624146696,T,69.87,800,69.93,200,KO
2025-12-29,9:30:33.066585381,T,69.87,800,69.93,300,KO
2025-12-29,9:30:33.066605490,T,69.87,800,69.93,100,KO
2025-12-29,9:30:33.066630462,T,69.87,800,69.92,200,KO
2025-12-29,9:30:33.068028841,T,69.87,800,69.92,300,KO
2025-12-29,9:30:33.068094020,T,69.87,800,69.92,200,KO
2025-12-29,9:30:33.068114024,T,69.87,800,69.92,300,KO
2025-12-29,9:30:33.068134044,T,69.87,800,69.92,100,KO
2025-12-29,9:30:33.068154178,T,69.87,800,69.93,200,KO
2025-12-29,9:30:33.068164193,T,69.87,800,69.91,100,KO
2025-12-29,9:30:33.068174139,T,69.9,100,69.91,100,KO
2025-12-29,9:30:33.068174139,T,69.9,200,69.91,100,KO
2025-12-29,9:30:33.068179207,T,69.9,200,69.92,100,KO
2025-12-29,9:30:33.068189189,T,69.9,200,69.93,100,KO
2025-12-29,9:30:33.068204265,T,69.91,100,69.93,100,KO
2025-12-29,9:30:33.068204265,T,69.91,200,69.93,100,KO
2025-12-29,9:30:33.068650345,T,69.91,200,69.93,200,KO
2025-12-29,9:30:33.068665316,T,69.91,300,69.93,200,KO
2025-12-29,9:30:33.068690390,T,69.91,300,69.93,100,KO
2025-12-29,9:30:33.068715520,T,69.91,200,69.93,100,KO
2025-12-29,9:30:33.068750608,T,69.91,200,69.94,200,KO
2025-12-29,9:30:33.068760613,T,69.91,100,69.94,200,KO
2025-12-29,9:30:33.069021208,T,69.91,200,69.94,200,KO
2025-12-29,9:30:33.101453398,T,69.91,100,69.94,200,KO
2025-12-29,9:30:33.101638941,T,69.9,200,69.94,200,KO
2025-12-29,9:30:33.101914521,T,69.92,100,69.94,200,KO
2025-12-29,9:30:33.102741465,T,69.9,200,69.94,200,KO
2025-12-29,9:30:33.102771631,T,69.9,100,69.94,200,KO
2025-12-29,9:30:33.102806649,T,69.9,200,69.94,200,KO
2025-12-29,9:30:33.115201176,T,69.9,200,69.93,100,KO
2025-12-29,9:30:33.115236241,T,69.9,200,69.93,200,KO
2025-12-29,9:30:33.115471878,T,69.9,200,69.93,100,KO
2025-12-29,9:30:33.115491880,T,69.91,100,69.93,100,KO
2025-12-29,9:30:33.115506877,T,69.91,100,69.93,200,KO
2025-12-29,9:30:33.115541985,T,69.91,100,69.93,100,KO
2025-12-29,9:30:33.115561997,T,69.91,200,69.93,100,KO
2025-12-29,9:30:33.115561997,T,69.91,300,69.93,100,KO
2025-12-29,9:30:33.115572044,T,69.91,300,69.94,200,KO
2025-12-29,9:30:33.117441547,T,69.91,200,69.94,200,KO
2025-12-29,9:30:33.117441547,T,69.91,100,69.94,200,KO
2025-12-29,9:30:33.140767091,T,69.9,200,69.94,200,KO
2025-12-29,9:30:33.208809198,T,69.9,200,69.93,100,KO
2025-12-29,9:30:33.208844200,T,69.9,200,69.93,200,KO
2025-12-29,9:30:33.230656124,T,69.9,200,69.93,100,KO
2025-12-29,9:30:33.230681261,T,69.9,200,69.94,200,KO
2025-12-29,9:30:33.236901101,T,69.91,100,69.94,200,KO
2025-12-29,9:30:33.237372141,T,69.92,100,69.94,200,KO
2025-12-29,9:30:33.237402247,T,69.92,100,69.94,100,KO
2025-12-29,9:30:33.265128233,T,69.9,100,69.94,100,KO
2025-12-29,9:30:33.294272644,T,69.9,200,69.94,100,KO
2025-12-29,9:30:33.653092269,T,69.9,100,69.94,100,KO
2025-12-29,9:30:34.068967971,T,69.9,200,69.94,100,KO
2025-12-29,9:30:34.068972777,T,69.9,200,69.95,200,KO
2025-12-29,9:30:34.101976374,T,69.9,100,69.95,200,KO
2025-12-29,9:30:34.203843929,T,69.9,200,69.95,200,KO
2025-12-29,9:30:35.068974309,T,69.9,200,69.95,100,KO
2025-12-29,9:30:35.068994401,T,69.91,100,69.95,100,KO
2025-12-29,9:30:35.069189803,T,69.91,100,69.97,100,KO
2025-12-29,9:30:35.069325209,T,69.91,100,69.96,100,KO
2025-12-29,9:30:35.069360290,T,69.91,100,69.96,200,KO
2025-12-29,9:30:35.070773560,T,69.91,200,69.96,200,KO
2025-12-29,9:30:35.173167490,T,69.92,100,69.96,200,KO
2025-12-29,9:30:35.173753898,T,69.92,100,69.96,100,KO
2025-12-29,9:30:35.173774077,T,69.94,100,69.96,100,KO
2025-12-29,9:30:35.174009511,T,69.94,100,69.96,500,KO
2025-12-29,9:30:35.174184852,T,69.94,100,69.96,600,KO
2025-12-29,9:30:35.174229992,T,69.94,100,69.96,500,KO
2025-12-29,9:30:35.174285155,T,69.94,200,69.96,500,KO
2025-12-29,9:30:35.174450505,T,69.95,100,69.96,500,KO
2025-12-29,9:30:35.174706178,T,69.94,100,69.96,500,KO
2025-12-29,9:30:35.174726138,T,69.94,100,69.96,100,KO
2025-12-29,9:30:35.174726138,T,69.94,100,69.95,100,KO
2025-12-29,9:30:35.174726138,T,69.94,100,69.95,200,KO
2025-12-29,9:30:35.174761290,T,69.94,100,69.95,700,KO
2025-12-29,9:30:35.174926651,T,69.93,200,69.95,700,KO
2025-12-29,9:30:35.175287494,T,69.93,200,69.95,600,KO
2025-12-29,9:30:35.175558191,T,69.93,100,69.95,600,KO
2025-12-29,9:30:35.175598220,T,69.92,300,69.95,600,KO
2025-12-29,9:30:35.175603371,T,69.92,200,69.95,600,KO
2025-12-29,9:30:35.175969189,T,69.93,100,69.95,600,KO
2025-12-29,9:30:35.176114501,T,69.92,200,69.95,600,KO
2025-12-29,9:30:35.176264854,T,69.92,200,69.95,700,KO
2025-12-29,9:30:35.188539067,T,69.92,200,69.95,600,KO
2025-12-29,9:30:35.262635594,T,69.92,100,69.95,600,KO
2025-12-29,9:30:35.373264059,T,69.92,100,69.95,500,KO
2025-12-29,9:30:35.485270869,T,69.92,200,69.95,500,KO
2025-12-29,9:30:36.379074550,T,69.92,100,69.95,500,KO
2025-12-29,9:30:36.379590825,T,69.91,100,69.95,500,KO
2025-12-29,9:30:36.379630860,T,69.91,200,69.95,500,KO
2025-12-29,9:30:37.875984692,T,69.91,100,69.95,500,KO
2025-12-29,9:30:37.876035139,T,69.91,200,69.95,500,KO
2025-12-29,9:30:37.876039911,T,69.91,100,69.95,500,KO
2025-12-29,9:30:37.876079880,T,69.91,200,69.95,500,KO
2025-12-29,9:30:37.876079880,T,69.93,100,69.95,500,KO
2025-12-29,9:30:37.876145103,T,69.91,200,69.95,500,KO
2025-12-29,9:30:40.243799053,T,69.91,200,69.97,200,KO
2025-12-29,9:30:40.243819723,T,69.93,100,69.97,200,KO
2025-12-29,9:30:40.243819723,T,69.94,100,69.97,200,KO
2025-12-29,9:30:40.243824073,T,69.94,100,69.97,100,KO
2025-12-29,9:30:40.244435507,T,69.94,100,69.96,100,KO
2025-12-29,9:30:40.244881668,T,69.93,100,69.96,100,KO
2025-12-29,9:30:40.250870907,T,69.93,100,69.97,200,KO
2025-12-29,9:30:40.250895906,T,69.93,200,69.97,200,KO
2025-12-29,9:30:40.257205938,T,69.93,100,69.97,200,KO
2025-12-29,9:30:40.258288553,T,69.92,200,69.97,200,KO
2025-12-29,9:30:40.258318602,T,69.93,100,69.97,200,KO
2025-12-29,9:30:40.277754882,T,69.92,200,69.97,200,KO
2025-12-29,9:30:40.290660680,T,69.93,100,69.97,200,KO
2025-12-29,9:30:40.293216760,T,69.92,200,69.97,200,KO
2025-12-29,9:30:42.669300901,T,69.94,100,69.97,200,KO
2025-12-29,9:30:42.669606604,T,69.94,100,69.97,100,KO
2025-12-29,9:30:42.669636682,T,69.94,100,69.98,300,KO
2025-12-29,9:30:44.446648961,T,69.94,100,69.98,200,KO
2025-12-29,9:30:44.447566102,T,69.94,100,69.98,100,KO
2025-12-29,9:30:44.447571106,T,69.94,100,69.99,100,KO
2025-12-29,9:30:44.455720530,T,69.94,200,69.99,100,KO
2025-12-29,9:30:44.455725752,T,69.94,200,69.99,200,KO
2025-12-29,9:30:44.455725752,T,69.94,200,69.99,100,KO
2025-12-29,9:30:44.455760662,T,69.94,300,69.99,100,KO
2025-12-29,9:30:44.455805802,T,69.94,200,69.99,100,KO
2025-12-29,9:30:44.455810809,T,69.96,100,69.99,100,KO
2025-12-29,9:30:44.455855867,T,69.96,100,69.98,400,KO
2025-12-29,9:30:44.455855867,T,69.96,200,69.98,400,KO
2025-12-29,9:30:44.456316997,T,69.96,200,69.98,500,KO
2025-12-29,9:30:44.481938006,T,69.96,100,69.98,500,KO
2025-12-29,9:30:44.566960460,T,69.96,100,69.98,400,KO
2025-12-29,9:30:44.747465455,T,69.94,200,69.98,400,KO
2025-12-29,9:30:44.799769913,T,69.94,100,69.98,400,KO
2025-12-29,9:30:46.136278527,T,69.94,100,69.99,200,KO
2025-12-29,9:30:46.136283270,T,69.94,100,69.99,100,KO
2025-12-29,9:30:46.136283270,T,69.95,100,69.99,100,KO
2025-12-29,9:30:46.136298275,T,69.96,100,69.99,100,KO
2025-12-29,9:30:46.136303269,T,69.97,100,69.99,100,KO
2025-12-29,9:30:46.136318650,T,69.97,100,70.0,200,KO
2025-12-29,9:30:46.136744318,T,69.97,100,69.99,100,KO
2025-12-29,9:30:46.137355794,T,69.96,200,69.99,100,KO
2025-12-29,9:30:46.137405949,T,69.96,100,69.99,100,KO
2025-12-29,9:30:46.236321478,T,69.95,300,69.99,100,KO
2025-12-29,9:30:46.237003162,T,69.95,200,69.99,100,KO
2025-12-29,9:30:46.483505164,T,69.95,100,69.99,100,KO
2025-12-29,9:30:46.483525229,T,69.94,200,69.99,100,KO
2025-12-29,9:30:46.809611797,T,69.95,100,69.99,100,KO
2025-12-29,9:30:47.207294027,T,69.95,100,70.0,200,KO
2025-12-29,9:30:47.207549475,T,69.96,100,70.0,200,KO
2025-12-29,9:30:47.207579603,T,69.96,200,70.0,200,KO
2025-12-29,9:30:47.207774974,T,69.96,100,70.0,200,KO
2025-12-29,9:30:50.576919526,T,69.96,200,70.0,200,KO
2025-12-29,9:30:50.576919526,T,69.96,200,70.0,100,KO
2025-12-29,9:30:50.576929175,T,69.96,100,70.0,100,KO
2025-12-29,9:30:50.576939323,T,69.96,200,70.0,100,KO
2025-12-29,9:30:50.576959339,T,69.96,200,70.03,100,KO
2025-12-29,9:30:50.576959339,T,69.98,100,70.03,100,KO
2025-12-29,9:30:50.578056941,T,69.99,100,70.03,100,KO
2025-12-29,9:30:50.578081950,T,69.98,100,70.03,100,KO
2025-12-29,9:30:50.578081950,T,69.97,100,70.03,100,KO
2025-12-29,9:30:50.578087001,T,69.99,100,70.03,100,KO
2025-12-29,9:30:50.578112136,T,69.98,100,70.03,100,KO
2025-12-29,9:30:50.578117030,T,69.97,100,70.03,100,KO
2025-12-29,9:30:50.578117030,T,69.97,200,70.03,100,KO
2025-12-29,9:30:50.578117030,T,69.97,100,70.03,100,KO
2025-12-29,9:30:50.578117030,T,69.97,100,69.99,100,KO
2025-12-29,9:30:50.578142222,T,69.97,200,69.99,100,KO
2025-12-29,9:30:50.578272551,T,69.97,200,70.0,100,KO
2025-12-29,9:30:50.578272551,T,69.97,200,70.01,300,KO
2025-12-29,9:30:50.578292537,T,69.99,100,70.01,300,KO
2025-12-29,9:30:50.578317591,T,69.97,200,70.01,300,KO
2025-12-29,9:30:50.578317591,T,69.97,100,70.01,300,KO
2025-12-29,9:30:50.578337638,T,69.97,100,69.99,100,KO
2025-12-29,9:30:50.578347556,T,69.97,100,69.99,200,KO
2025-12-29,9:30:50.578347556,T,69.97,200,69.99,200,KO
2025-12-29,9:30:50.578402686,T,69.97,200,69.99,300,KO
2025-12-29,9:30:50.578527999,T,69.97,200,69.99,200,KO
2025-12-29,9:30:50.578538075,T,69.97,200,69.99,100,KO
2025-12-29,9:30:50.578543101,T,69.97,200,70.01,300,KO
2025-12-29,9:30:50.578573189,T,69.97,200,70.0,100,KO
2025-12-29,9:30:50.578583211,T,69.97,200,70.01,300,KO
2025-12-29,9:30:50.578593200,T,69.97,100,70.01,300,KO
2025-12-29,9:30:50.578663310,T,69.97,100,70.0,100,KO
2025-12-29,9:30:50.578668370,T,69.97,200,70.0,100,KO
2025-12-29,9:30:50.578793699,T,69.98,100,70.0,100,KO
2025-12-29,9:30:50.578828807,T,69.98,100,70.01,300,KO
2025-12-29,9:30:50.578833826,T,69.97,200,70.01,300,KO
2025-12-29,9:30:50.579229781,T,69.97,200,70.01,200,KO
2025-12-29,9:30:50.612163150,T,69.97,100,70.01,200,KO
2025-12-29,9:30:50.613060255,T,69.98,100,70.01,200,KO
2025-12-29,9:30:50.614593943,T,69.98,100,70.01,100,KO
2025-12-29,9:30:50.614618973,T,69.98,100,70.03,100,KO
2025-12-29,9:30:50.706708268,T,69.97,100,70.03,100,KO
2025-12-29,9:30:50.910523712,T,69.97,100,70.01,100,KO
2025-12-29,9:30:50.910548815,T,69.97,100,70.01,200,KO
2025-12-29,9:30:50.910553769,T,69.97,100,70.01,300,KO
2025-12-29,9:30:50.911511082,T,69.96,200,70.01,300,KO
2025-12-29,9:30:50.925143500,T,69.96,200,70.01,200,KO
2025-12-29,9:30:50.967183659,T,69.96,200,70.01,100,KO
2025-12-29,9:30:50.967208729,T,69.96,200,70.03,100,KO
2025-12-29,9:30:50.968366458,T,69.97,100,70.03,100,KO
2025-12-29,9:30:50.980144549,T,69.96,200,70.03,100,KO
2025-12-29,9:30:51.136496874,T,69.96,200,70.01,100,KO
2025-12-29,9:30:51.136526970,T,69.96,200,70.01,200,KO
2025-12-29,9:30:51.214507732,T,69.96,200,70.01,100,KO
2025-12-29,9:30:51.214532748,T,69.96,200,70.03,100,KO
2025-12-29,9:30:51.215073986,T,69.97,100,70.03,100,KO
2025-12-29,9:30:51.230946856,T,69.96,200,70.03,100,KO
2025-12-29,9:30:51.345820425,T,69.98,200,70.03,100,KO
2025-12-29,9:30:51.416368405,T,69.98,200,70.01,100,KO
2025-12-29,9:30:51.416403485,T,69.98,200,70.01,200,KO
2025-12-29,9:30:52.506539811,T,69.98,200,70.01,100,KO
2025-12-29,9:30:52.506564885,T,69.98,200,70.03,100,KO
2025-12-29,9:30:54.294563396,T,69.99,100,70.03,100,KO
2025-12-29,9:30:54.736365667,T,69.98,200,70.03,100,KO
2025-12-29,9:30:54.736390697,T,69.98,200,70.0,100,KO
2025-12-29,9:30:54.736390697,T,69.98,200,70.0,200,KO
2025-12-29,9:30:54.736866834,T,69.98,200,69.99,100,KO
2025-12-29,9:30:54.737518352,T,69.98,200,70.01,200,KO
2025-12-29,9:30:54.745903357,T,69.98,300,70.01,200,KO
2025-12-29,9:30:54.756338197,T,69.98,100,70.01,200,KO
2025-12-29,9:30:54.756338197,T,69.96,200,70.01,200,KO
2025-12-29,9:30:54.756358203,T,69.96,200,70.0,100,KO
2025-12-29,9:30:54.756393304,T,69.96,200,69.99,100,KO
2025-12-29,9:30:54.759616086,T,69.96,200,70.0,200,KO
2025-12-29,9:30:54.759616086,T,69.96,200,70.0,100,KO
2025-12-29,9:30:54.759621310,T,69.98,100,70.0,100,KO
2025-12-29,9:30:54.759636026,T,69.98,200,70.0,100,KO
2025-12-29,9:30:54.759641103,T,69.98,200,70.01,200,KO
2025-12-29,9:30:54.760192388,T,69.98,100,70.01,200,KO
2025-12-29,9:30:54.809153992,T,69.98,100,70.01,100,KO
2025-12-29,9:30:54.823307695,T,69.98,100,70.03,100,KO
2025-12-29,9:30:55.558323183,T,69.98,100,70.01,100,KO
2025-12-29,9:30:55.558348386,T,69.96,200,70.01,100,KO
2025-12-29,9:30:57.289912339,T,69.96,200,70.0,200,KO
2025-12-29,9:30:57.308887456,T,69.96,100,70.0,200,KO
2025-12-29,9:30:57.339786028,T,69.95,200,70.0,200,KO
2025-12-29,9:30:57.340076780,T,69.95,200,70.0,300,KO
2025-12-29,9:30:57.379971715,T,69.95,200,70.0,200,KO
2025-12-29,9:31:00.255049344,T,69.96,100,70.0,200,KO
2025-12-29,9:31:00.641870764,T,69.96,100,70.0,300,KO
2025-12-29,9:31:00.649669264,T,69.96,100,70.0,200,KO
2025-12-29,9:31:00.798343400,T,69.96,200,70.0,200,KO
2025-12-29,9:31:01.131486769,T,69.97,100,70.0,200,KO
2025-12-29,9:31:01.796696050,T,69.96,100,70.0,200,KO
2025-12-29,9:31:02.414652908,T,69.97,100,70.0,200,KO
2025-12-29,9:31:02.414677844,T,69.97,200,70.0,200,KO
2025-12-29,9:31:02.499675390,T,69.97,100,70.0,200,KO
2025-12-29,9:31:02.499700380,T,69.96,100,70.0,200,KO
2025-12-29,9:31:03.893946288,T,69.97,100,70.0,200,KO
2025-12-29,9:31:03.893976145,T,69.97,200,70.0,200,KO
2025-12-29,9:31:03.894006158,T,69.97,100,70.0,200,KO
2025-12-29,9:31:03.894171569,T,69.97,200,70.0,200,KO
2025-12-29,9:31:03.894271843,T,69.97,100,70.0,200,KO
2025-12-29,9:31:03.906997125,T,69.96,200,70.0,200,KO
2025-12-29,9:31:03.920078276,T,69.96,100,70.0,200,KO
2025-12-29,9:31:03.972758769,T,69.95,200,70.0,200,KO
2025-12-29,9:31:04.269615730,T,69.97,100,70.0,200,KO
2025-12-29,9:31:04.269665822,T,69.96,100,70.0,200,KO
2025-12-29,9:31:04.269670852,T,69.96,200,70.0,200,KO
2025-12-29,9:31:04.787950184,T,69.96,100,70.0,200,KO
2025-12-29,9:31:04.787960301,T,69.95,200,70.0,200,KO
2025-12-29,9:31:05.527892586,T,69.95,200,69.99,100,KO
2025-12-29,9:31:05.802060681,T,69.97,100,69.99,100,KO
2025-12-29,9:31:05.802085549,T,69.97,200,69.99,100,KO
2025-12-29,9:31:05.802090901,T,69.97,200,70.0,300,KO
2025-12-29,9:31:05.802125807,T,69.97,100,70.0,300,KO
2025-12-29,9:31:05.802671961,T,69.96,200,70.0,300,KO
2025-12-29,9:31:05.802677022,T,69.96,100,70.0,300,KO
2025-12-29,9:31:05.802737103,T,69.96,100,70.0,400,KO
2025-12-29,9:31:05.803198274,T,69.95,200,70.0,400,KO
2025-12-29,9:31:05.819617310,T,69.95,200,69.99,100,KO
2025-12-29,9:31:05.819622349,T,69.95,200,69.99,200,KO
2025-12-29,9:31:05.819652487,T,69.95,200,69.98,100,KO
2025-12-29,9:31:05.819672446,T,69.95,200,69.98,200,KO
2025-12-29,9:31:05.819702595,T,69.95,100,69.98,200,KO
2025-12-29,9:31:05.820193766,T,69.94,300,69.98,200,KO
2025-12-29,9:31:05.822769804,T,69.94,300,69.98,100,KO
2025-12-29,9:31:05.829791637,T,69.94,300,69.99,200,KO
2025-12-29,9:31:05.901116420,T,69.94,300,69.99,100,KO
2025-12-29,9:31:06.295856556,T,69.94,300,70.0,300,KO
2025-12-29,9:31:06.296458045,T,69.95,100,70.0,300,KO
2025-12-29,9:31:06.296483113,T,69.95,100,70.0,200,KO
2025-12-29,9:31:06.296508119,T,69.95,100,70.0,300,KO
2025-12-29,9:31:06.296698608,T,69.95,100,70.0,200,KO
2025-12-29,9:31:06.296698608,T,69.96,100,70.0,200,KO
2025-12-29,9:31:06.296703718,T,69.96,200,70.0,200,KO
2025-12-29,9:31:06.296713645,T,69.96,200,70.0,300,KO
2025-12-29,9:31:06.296748889,T,69.96,100,70.0,300,KO
2025-12-29,9:31:06.296924161,T,69.96,100,70.0,400,KO
2025-12-29,9:31:06.297024406,T,69.96,200,70.0,400,KO
2025-12-29,9:31:06.297079445,T,69.96,100,70.0,400,KO
2025-12-29,9:31:06.297736064,T,69.95,200,70.0,400,KO
2025-12-29,9:31:06.325913139,T,69.95,200,70.0,300,KO
2025-12-29,9:31:06.619196673,T,69.95,200,70.0,400,KO
2025-12-29,9:31:06.619256924,T,69.97,100,70.0,400,KO
2025-12-29,9:31:06.619372072,T,69.95,200,70.0,400,KO
2025-12-29,9:31:06.620229100,T,69.95,100,70.0,400,KO
2025-12-29,9:31:06.622223826,T,69.95,100,70.0,300,KO
2025-12-29,9:31:06.622554635,T,69.95,200,70.0,300,KO
2025-12-29,9:31:06.932753591,T,69.95,100,70.0,300,KO
2025-12-29,9:31:07.085351996,T,69.97,100,70.0,300,KO
2025-12-29,9:31:07.571750490,T,69.95,200,70.0,300,KO
2025-12-29,9:31:09.146240254,T,69.97,100,70.0,300,KO
2025-12-29,9:31:09.146265242,T,69.97,200,70.0,300,KO
2025-12-29,9:31:09.146500910,T,69.97,100,70.0,300,KO
2025-12-29,9:31:09.146862051,T,69.97,100,70.0,400,KO
2025-12-29,9:31:09.146866701,T,69.97,100,69.99,100,KO
2025-12-29,9:31:09.147052455,T,69.97,200,69.99,100,KO
2025-12-29,9:31:09.147052455,T,69.97,100,69.99,100,KO
2025-12-29,9:31:09.147092267,T,69.97,100,70.0,400,KO
2025-12-29,9:31:09.147102316,T,69.96,100,70.0,400,KO
2025-12-29,9:31:09.147362919,T,69.96,200,70.0,400,KO
2025-12-29,9:31:09.147448135,T,69.96,200,70.0,300,KO
2025-12-29,9:31:09.158689884,T,69.96,100,70.0,300,KO
2025-12-29,9:31:09.158694894,T,69.96,100,70.0,400,KO
2025-12-29,9:31:09.170808771,T,69.96,100,69.99,100,KO
2025-12-29,9:31:10.101349965,T,69.96,100,70.0,300,KO
2025-12-29,9:31:10.101996530,T,69.97,100,70.0,300,KO
2025-12-29,9:31:10.102397435,T,69.98,100,70.0,300,KO
2025-12-29,9:31:10.145640460,T,69.97,100,70.0,300,KO
2025-12-29,9:31:10.145660590,T,69.96,200,70.0,300,KO
2025-12-29,9:31:10.145670568,T,69.96,100,70.0,300,KO
2025-12-29,9:31:10.145670568,T,69.96,100,69.98,100,KO
2025-12-29,9:31:10.145685634,T,69.96,100,69.98,200,KO
2025-12-29,9:31:10.145685634,T,69.96,100,69.98,300,KO
2025-12-29,9:31:10.145695726,T,69.96,200,69.98,300,KO
2025-12-29,9:31:10.145700660,T,69.96,100,69.98,300,KO
2025-12-29,9:31:10.146001332,T,69.96,200,69.98,300,KO
2025-12-29,9:31:10.146016426,T,69.97,100,69.98,300,KO
2025-12-29,9:31:10.146472478,T,69.96,100,69.98,300,KO
2025-12-29,9:31:10.146492577,T,69.96,100,69.98,400,KO
2025-12-29,9:31:10.146492577,T,69.96,100,69.98,500,KO
2025-12-29,9:31:10.146497478,T,69.95,200,69.98,500,KO
2025-12-29,9:31:10.146602758,T,69.95,200,69.97,100,KO
2025-12-29,9:31:10.146637816,T,69.95,200,69.98,400,KO
2025-12-29,9:31:10.146708297,T,69.96,100,69.98,400,KO
2025-12-29,9:31:10.146713095,T,69.96,200,69.98,400,KO
2025-12-29,9:31:10.146763228,T,69.96,100,69.98,400,KO
2025-12-29,9:31:10.146818288,T,69.95,200,69.98,400,KO
2025-12-29,9:31:10.146823329,T,69.95,100,69.98,400,KO
2025-12-29,9:31:10.146848371,T,69.95,200,69.98,400,KO
2025-12-29,9:31:10.146908511,T,69.95,200,69.98,300,KO
2025-12-29,9:31:10.146963694,T,69.96,100,69.98,300,KO
2025-12-29,9:31:10.147008702,T,69.95,200,69.98,300,KO
2025-12-29,9:31:10.147048899,T,69.95,200,69.98,200,KO
2025-12-29,9:31:10.147063901,T,69.96,100,69.98,200,KO
2025-12-29,9:31:10.149008470,T,69.96,100,69.98,100,KO
2025-12-29,9:31:10.156912383,T,69.96,100,69.99,100,KO
2025-12-29,9:31:10.156917308,T,69.96,100,70.0,300,KO
2025-12-29,9:31:10.156932393,T,69.97,100,70.0,300,KO
2025-12-29,9:31:10.157488704,T,69.96,200,70.0,300,KO
2025-12-29,9:31:10.157508733,T,69.97,100,70.0,300,KO
2025-12-29,9:31:10.161673700,T,69.96,200,70.0,300,KO
2025-12-29,9:31:10.161693678,T,69.96,200,69.98,100,KO
2025-12-29,9:31:10.161703747,T,69.96,200,69.98,200,KO
2025-12-29,9:31:10.161723817,T,69.96,100,69.98,200,KO
2025-12-29,9:31:10.161748803,T,69.96,100,69.98,100,KO
2025-12-29,9:31:10.161748803,T,69.96,100,69.99,100,KO
2025-12-29,9:31:10.161768897,T,69.96,200,69.99,100,KO
2025-12-29,9:31:10.161778896,T,69.96,200,70.0,400,KO
2025-12-29,9:31:10.161809044,T,69.97,100,70.0,400,KO
2025-12-29,9:31:10.161809044,T,69.97,100,70.0,300,KO
2025-12-29,9:31:10.161949359,T,69.97,100,69.99,100,KO
2025-12-29,9:31:10.161969393,T,69.97,100,69.99,200,KO
2025-12-29,9:31:10.161989399,T,69.97,100,69.99,100,KO
2025-12-29,9:31:10.161999435,T,69.96,200,69.99,100,KO
2025-12-29,9:31:10.163051966,T,69.96,200,70.0,300,KO
2025-12-29,9:31:10.186397536,T,69.96,100,70.0,300,KO
2025-12-29,9:31:10.186417570,T,69.96,100,69.98,100,KO
2025-12-29,9:31:10.186432636,T,69.96,200,69.98,100,KO
2025-12-29,9:31:10.186452687,T,69.96,200,69.98,200,KO
2025-12-29,9:31:10.186452687,T,69.96,200,69.98,100,KO
2025-12-29,9:31:10.186708313,T,69.96,200,69.98,200,KO
2025-12-29,9:31:10.186733337,T,69.96,100,69.98,200,KO
2025-12-29,9:31:10.186753385,T,69.96,100,69.98,100,KO
2025-12-29,9:31:10.186768415,T,69.95,100,69.98,100,KO
2025-12-29,9:31:10.186798488,T,69.95,200,69.98,100,KO
2025-12-29,9:31:10.187299659,T,69.96,100,69.98,100,KO
2025-12-29,9:31:10.187420170,T,69.96,100,70.0,400,KO
2025-12-29,9:31:10.187424984,T,69.96,100,69.99,100,KO
2025-12-29,9:31:10.200601358,T,69.95,200,69.99,100,KO
2025-12-29,9:31:10.200656502,T,69.96,100,69.99,100,KO
2025-12-29,9:31:10.200661561,T,69.96,100,69.99,200,KO
2025-12-29,9:31:10.200671593,T,69.95,200,69.99,200,KO
2025-12-29,9:31:10.200676554,T,69.95,100,69.99,200,KO
2025-12-29,9:31:10.200892091,T,69.95,200,69.99,200,KO
2025-12-29,9:31:10.235820239,T,69.95,200,69.99,100,KO
2025-12-29,9:31:10.240100454,T,69.95,200,69.99,200,KO
2025-12-29,9:31:10.266743904,T,69.95,100,69.99,200,KO
2025-12-29,9:31:10.266749083,T,69.95,100,69.99,100,KO
2025-12-29,9:31:10.274828169,T,69.94,200,69.99,100,KO
2025-12-29,9:31:10.381477261,T,69.95,100,69.99,100,KO
2025-12-29,9:31:10.409443845,T,69.94,200,69.99,100,KO
2025-12-29,9:31:10.899681429,T,69.94,200,69.99,200,KO
2025-12-29,9:31:10.916291042,T,69.94,200,69.99,100,KO
2025-12-29,9:31:12.480706893,T,69.95,100,69.99,100,KO
2025-12-29,9:31:12.519547042,T,69.94,200,69.99,100,KO
2025-12-29,9:31:12.556712901,T,69.94,200,70.0,300,KO
2025-12-29,9:31:12.556723103,T,69.95,100,70.0,300,KO
2025-12-29,9:31:12.556728060,T,69.95,200,70.0,300,KO
2025-12-29,9:31:12.556728060,T,69.96,100,70.0,300,KO
2025-12-29,9:31:12.556737997,T,69.97,100,70.0,300,KO
2025-12-29,9:31:12.557163939,T,69.97,100,70.0,400,KO
2025-12-29,9:31:12.560868172,T,69.97,100,70.0,300,KO
2025-12-29,9:31:12.563774701,T,69.96,200,70.0,300,KO
2025-12-29,9:31:12.587456528,T,69.96,200,69.99,100,KO
2025-12-29,9:31:12.587486137,T,69.96,200,69.98,100,KO
2025-12-29,9:31:12.594482820,T,69.96,200,69.99,100,KO
2025-12-29,9:31:12.784064467,T,69.96,200,70.0,300,KO
2025-12-29,9:31:12.784385136,T,69.96,300,70.0,300,KO
2025-12-29,9:31:12.784771071,T,69.96,300,69.98,100,KO
2025-12-29,9:31:12.784811508,T,69.96,300,70.0,300,KO
2025-12-29,9:31:12.784831240,T,69.97,100,70.0,300,KO
2025-12-29,9:31:12.784876326,T,69.96,300,70.0,300,KO
2025-12-29,9:31:12.784986512,T,69.96,200,70.0,300,KO
2025-12-29,9:31:12.785071726,T,69.96,200,69.99,100,KO
2025-12-29,9:31:12.789432422,T,69.96,200,70.0,300,KO
2025-12-29,9:31:12.804392772,T,69.96,200,69.99,100,KO
2025-12-29,9:31:13.506630336,T,69.97,100,69.99,100,KO
2025-12-29,9:31:13.507662789,T,69.97,100,70.0,300,KO
2025-12-29,9:31:13.507787993,T,69.96,300,70.0,300,KO
2025-12-29,9:31:13.507787993,T,69.98,100,70.0,300,KO
2025-12-29,9:31:13.517004962,T,69.96,300,70.0,300,KO
2025-12-29,9:31:13.517050134,T,69.96,200,70.0,300,KO
2025-12-29,9:31:13.522573226,T,69.98,100,70.0,300,KO
2025-12-29,9:31:13.823625230,T,69.98,100,70.0,200,KO
2025-12-29,9:31:13.823735588,T,69.97,300,70.0,200,KO
2025-12-29,9:31:13.823870852,T,69.99,100,70.0,200,KO
2025-12-29,9:31:13.853817236,T,69.98,100,70.0,200,KO
2025-12-29,9:31:13.853837277,T,69.98,100,70.0,300,KO
2025-12-29,9:31:13.853852223,T,69.98,100,70.0,400,KO
2025-12-29,9:31:13.853872272,T,69.97,300,70.0,400,KO
2025-12-29,9:31:13.853877289,T,69.97,300,70.0,300,KO
2025-12-29,9:31:13.853932517,T,69.98,100,70.0,300,KO
2025-12-29,9:31:13.855095246,T,69.98,100,70.0,200,KO
2025-12-29,9:31:13.864773275,T,69.98,100,70.0,300,KO
2025-12-29,9:31:13.864813416,T,69.97,300,70.0,300,KO
2025-12-29,9:31:13.865916056,T,69.97,300,70.0,200,KO
2025-12-29,9:31:13.865941025,T,69.98,100,70.0,200,KO
2025-12-29,9:31:14.114362765,T,69.97,300,70.0,200,KO
2025-12-29,9:31:14.114788760,T,69.97,200,70.0,200,KO
2025-12-29,9:31:14.156117148,T,69.98,100,70.0,200,KO
2025-12-29,9:31:14.312950743,T,69.99,100,70.0,200,KO
2025-12-29,9:31:14.327274816,T,69.98,100,70.0,200,KO
2025-12-29,9:31:14.464541761,T,69.99,100,70.0,200,KO
2025-12-29,9:31:14.489851993,T,69.98,100,70.0,200,KO
2025-12-29,9:31:14.501409510,T,69.97,400,70.0,200,KO
2025-12-29,9:31:14.501439602,T,69.97,300,70.0,200,KO
2025-12-29,9:31:14.510586441,T,69.97,400,70.0,200,KO
2025-12-29,9:31:14.557217450,T,69.97,300,70.0,200,KO
2025-12-29,9:31:14.726144754,T,69.99,100,70.0,200,KO
2025-12-29,9:31:14.829345781,T,69.99,100,70.02,200,KO
2025-12-29,9:31:14.829370631,T,69.99,200,70.02,200,KO
2025-12-29,9:31:14.829851753,T,69.99,300,70.02,200,KO
2025-12-29,9:31:14.829881769,T,69.99,300,70.02,100,KO
2025-12-29,9:31:14.829921886,T,69.99,200,70.02,100,KO
2025-12-29,9:31:14.829941904,T,69.99,200,70.02,200,KO
2025-12-29,9:31:14.830392996,T,69.99,100,70.02,200,KO
2025-12-29,9:31:14.832508064,T,70.0,100,70.02,200,KO
2025-12-29,9:31:14.844977791,T,69.99,200,70.02,200,KO
2025-12-29,9:31:14.846165621,T,69.99,200,70.02,100,KO
2025-12-29,9:31:14.857251968,T,69.99,200,70.02,200,KO
2025-12-29,9:31:14.886802324,T,69.99,200,70.02,100,KO
2025-12-29,9:31:15.165701609,T,70.0,100,70.02,100,KO
2025-12-29,9:31:15.586734537,T,70.0,100,70.03,200,KO
2025-12-29,9:31:15.586759490,T,70.0,100,70.03,100,KO
2025-12-29,9:31:15.587380799,T,70.0,200,70.03,100,KO
2025-12-29,9:31:15.587415882,T,70.0,200,70.04,100,KO
2025-12-29,9:31:15.587586356,T,70.0,200,70.03,100,KO
2025-12-29,9:31:15.588057402,T,70.0,200,70.04,100,KO
2025-12-29,9:31:15.588062472,T,70.0,200,70.03,100,KO
2025-12-29,9:31:15.588102589,T,70.0,200,70.03,200,KO
2025-12-29,9:31:15.591555813,T,70.0,200,70.02,100,KO
2025-12-29,9:31:15.591580775,T,70.01,100,70.02,100,KO
2025-12-29,9:31:15.592603227,T,70.01,100,70.03,200,KO
2025-12-29,9:31:15.601880371,T,70.0,100,70.03,200,KO
2025-12-29,9:31:15.601895426,T,70.0,100,70.02,100,KO
2025-12-29,9:31:15.601900424,T,70.0,100,70.02,200,KO
2025-12-29,9:31:15.601900424,T,70.0,100,70.02,300,KO
2025-12-29,9:31:15.601905523,T,70.0,100,70.02,400,KO
2025-12-29,9:31:15.602110874,T,70.0,100,70.02,500,KO
2025-12-29,9:31:15.602456672,T,70.0,100,70.02,400,KO
2025-12-29,9:31:15.602506877,T,70.0,100,70.01,100,KO
2025-12-29,9:31:15.602506877,T,70.0,100,70.01,200,KO
2025-12-29,9:31:15.602506877,T,70.0,100,70.01,300,KO
2025-12-29,9:31:15.602992954,T,70.0,100,70.01,200,KO
2025-12-29,9:31:15.602998047,T,70.0,100,70.01,100,KO
2025-12-29,9:31:15.604962703,T,70.0,100,70.02,100,KO
2025-12-29,9:31:15.645469211,T,70.0,100,70.03,100,KO
2025-12-29,9:31:15.645494278,T,70.0,100,70.04,100,KO
2025-12-29,9:31:15.645554416,T,70.0,100,70.03,100,KO
2025-12-29,9:31:15.652044855,T,70.0,100,70.03,200,KO
2025-12-29,9:31:15.658149407,T,70.0,100,70.03,100,KO
2025-12-29,9:31:16.097991895,T,70.0,100,70.03,200,KO
2025-12-29,9:31:16.215586920,T,70.0,100,70.03,100,KO
2025-12-29,9:31:16.328541021,T,70.0,100,70.03,200,KO
2025-12-29,9:31:16.374796139,T,70.0,100,70.03,100,KO
2025-12-29,9:31:16.516278131,T,70.0,100,70.03,200,KO
2025-12-29,9:31:16.685160314,T,70.0,100,70.03,100,KO
2025-12-29,9:31:16.909329212,T,70.0,100,70.04,100,KO
2025-12-29,9:31:16.910091060,T,70.0,200,70.04,100,KO
2025-12-29,9:31:16.910111083,T,70.0,300,70.04,100,KO
2025-12-29,9:31:16.910116117,T,70.0,200,70.04,100,KO
2025-12-29,9:31:16.910161220,T,70.0,200,70.04,200,KO
2025-12-29,9:31:16.943405354,T,70.0,200,70.04,100,KO
2025-12-29,9:31:16.943546023,T,70.0,200,70.05,200,KO
2025-12-29,9:31:16.943570777,T,70.0,300,70.05,200,KO
2025-12-29,9:31:16.943570777,T,70.01,100,70.05,200,KO
2025-12-29,9:31:16.943580825,T,70.02,100,70.05,200,KO
2025-12-29,9:31:16.943610878,T,70.02,100,70.05,100,KO
2025-12-29,9:31:16.943625952,T,70.02,100,70.04,400,KO
2025-12-29,9:31:16.943671035,T,70.01,100,70.04,400,KO
2025-12-29,9:31:16.943691109,T,70.0,300,70.04,400,KO
2025-12-29,9:31:16.943711068,T,70.0,300,70.03,100,KO
2025-12-29,9:31:16.943756200,T,70.01,100,70.03,100,KO
2025-12-29,9:31:16.943771274,T,70.01,100,70.03,500,KO
2025-12-29,9:31:16.943801327,T,70.01,100,70.03,600,KO
2025-12-29,9:31:16.943806398,T,70.01,100,70.03,700,KO
2025-12-29,9:31:16.944021848,T,70.01,100,70.03,800,KO
2025-12-29,9:31:16.944041947,T,70.01,100,70.03,900,KO
2025-12-29,9:31:16.944086962,T,70.01,100,70.03,800,KO
2025-12-29,9:31:16.944092050,T,70.01,100,70.03,700,KO
2025-12-29,9:31:16.944097188,T,70.01,100,70.03,300,KO
2025-12-29,9:31:16.944097188,T,70.01,100,70.03,100,KO
2025-12-29,9:31:16.944102073,T,70.01,100,70.04,100,KO
2025-12-29,9:31:16.944117115,T,70.03,100,70.04,100,KO
2025-12-29,9:31:16.944122105,T,70.03,100,70.04,200,KO
2025-12-29,9:31:16.944127204,T,70.03,100,70.04,100,KO
2025-12-29,9:31:16.944137155,T,70.03,100,70.05,200,KO
2025-12-29,9:31:16.944362725,T,70.03,100,70.05,100,KO
2025-12-29,9:31:16.944563240,T,70.03,100,70.05,200,KO
2025-12-29,9:31:16.944583141,T,70.03,100,70.05,300,KO
2025-12-29,9:31:16.944658354,T,70.02,100,70.05,300,KO
2025-12-29,9:31:16.944688439,T,70.02,100,70.04,100,KO
2025-12-29,9:31:16.944688439,T,70.02,100,70.04,200,KO
2025-12-29,9:31:16.944693443,T,70.02,100,70.04,300,KO
2025-12-29,9:31:16.944698728,T,70.01,300,70.04,300,KO
2025-12-29,9:31:16.944723530,T,70.01,300,70.03,100,KO
2025-12-29,9:31:16.944763616,T,70.01,300,70.04,200,KO
2025-12-29,9:31:16.944794055,T,70.01,300,70.04,100,KO
2025-12-29,9:31:16.944818752,T,70.01,300,70.04,200,KO
2025-12-29,9:31:16.945059383,T,70.01,200,70.04,200,KO
2025-12-29,9:31:16.945234776,T,70.01,200,70.04,300,KO
2025-12-29,9:31:16.945355437,T,70.02,100,70.04,300,KO
2025-12-29,9:31:16.945380065,T,70.01,200,70.04,300,KO
2025-12-29,9:31:16.945415133,T,70.01,100,70.04,300,KO
2025-12-29,9:31:16.945460529,T,70.02,100,70.04,300,KO
2025-12-29,9:31:16.945465333,T,70.02,100,70.04,400,KO
2025-12-29,9:31:16.945500412,T,70.01,100,70.04,400,KO
2025-12-29,9:31:16.945505363,T,70.01,100,70.04,300,KO
2025-12-29,9:31:16.945665785,T,70.02,100,70.04,300,KO
2025-12-29,9:31:16.945736261,T,70.02,100,70.04,400,KO
2025-12-29,9:31:16.945745998,T,70.02,100,70.04,300,KO
2025-12-29,9:31:16.945776057,T,70.02,100,70.04,200,KO
2025-12-29,9:31:16.945831140,T,70.01,100,70.04,200,KO
2025-12-29,9:31:16.945851675,T,70.01,100,70.04,300,KO
2025-12-29,9:31:16.945891351,T,70.01,200,70.04,300,KO
2025-12-29,9:31:16.945906297,T,70.01,100,70.04,300,KO
2025-12-29,9:31:16.945916474,T,70.01,200,70.04,300,KO
2025-12-29,9:31:16.945961448,T,70.01,200,70.04,200,KO
2025-12-29,9:31:16.945986911,T,70.02,100,70.04,200,KO
2025-12-29,9:31:16.945996577,T,70.01,200,70.04,200,KO
2025-12-29,9:31:16.946026685,T,70.02,100,70.04,200,KO
2025-12-29,9:31:16.946036630,T,70.01,200,70.04,200,KO
2025-12-29,9:31:16.946096814,T,70.01,100,70.04,200,KO
2025-12-29,9:31:16.951700138,T,70.01,100,70.04,300,KO
2025-12-29,9:31:16.951815503,T,70.01,100,70.04,200,KO
2025-12-29,9:31:16.951890590,T,70.01,100,70.03,100,KO
2025-12-29,9:31:16.951930715,T,70.01,100,70.04,200,KO
2025-12-29,9:31:16.951940681,T,70.01,100,70.04,300,KO
2025-12-29,9:31:16.952161234,T,70.01,100,70.03,100,KO
2025-12-29,9:31:16.952181247,T,70.01,100,70.03,200,KO
2025-12-29,9:31:16.952196346,T,70.01,100,70.03,100,KO
2025-12-29,9:31:16.952261471,T,70.01,100,70.03,200,KO
2025-12-29,9:31:16.952356759,T,70.0,300,70.03,200,KO
2025-12-29,9:31:16.952376753,T,70.01,100,70.03,200,KO
2025-12-29,9:31:16.952567247,T,70.01,100,70.03,100,KO
2025-12-29,9:31:16.952642410,T,70.01,100,70.03,200,KO
2025-12-29,9:31:16.953223725,T,70.01,100,70.03,100,KO
2025-12-29,9:31:16.964520658,T,70.01,100,70.03,200,KO
2025-12-29,9:31:16.964560842,T,70.01,100,70.03,100,KO
2025-12-29,9:31:16.964585876,T,70.01,100,70.03,200,KO
2025-12-29,9:31:16.964606026,T,70.01,100,70.03,300,KO
2025-12-29,9:31:16.964625952,T,70.01,100,70.03,200,KO
2025-12-29,9:31:16.964851472,T,70.0,300,70.03,200,KO
2025-12-29,9:31:16.964881588,T,70.01,100,70.03,200,KO
2025-12-29,9:31:16.964911597,T,70.0,300,70.03,200,KO
2025-12-29,9:31:16.965162253,T,70.0,300,70.03,100,KO
2025-12-29,9:31:16.965192296,T,70.0,300,70.03,200,KO
2025-12-29,9:31:16.965297731,T,70.0,200,70.03,200,KO
2025-12-29,9:31:16.970830694,T,70.0,200,70.03,100,KO
2025-12-29,9:31:16.970855956,T,70.01,100,70.03,100,KO
2025-12-29,9:31:16.970860828,T,70.01,100,70.04,200,KO
2025-12-29,9:31:16.971682733,T,70.01,100,70.04,100,KO
2025-12-29,9:31:16.984207628,T,70.0,200,70.04,100,KO
2025-12-29,9:31:16.984473156,T,70.0,200,70.04,200,KO
2025-12-29,9:31:16.984979410,T,70.0,200,70.03,100,KO
2025-12-29,9:31:17.052610435,T,70.0,200,70.04,200,KO
2025-12-29,9:31:17.053046545,T,70.0,200,70.04,100,KO
2025-12-29,9:31:17.110573520,T,70.0,300,70.04,100,KO
2025-12-29,9:31:17.111350357,T,70.01,100,70.04,100,KO
2025-12-29,9:31:17.132270243,T,70.01,100,70.03,100,KO
2025-12-29,9:31:17.154332748,T,70.01,100,70.04,100,KO
2025-12-29,9:31:17.330918312,T,70.0,100,70.04,100,KO
2025-12-29,9:31:17.597342935,T,70.0,200,70.04,100,KO
2025-12-29,9:31:17.853127146,T,70.0,100,70.04,100,KO
2025-12-29,9:31:17.853172246,T,70.0,100,70.04,200,KO
2025-12-29,9:31:17.854410199,T,70.0,200,70.04,200,KO
2025-12-29,9:31:17.855242122,T,70.0,200,70.04,300,KO
2025-12-29,9:31:17.856835950,T,70.0,100,70.04,300,KO
2025-12-29,9:31:17.862003291,T,70.0,100,70.04,200,KO
2025-12-29,9:31:17.877620496,T,70.0,200,70.04,200,KO
2025-12-29,9:31:17.877650479,T,70.01,100,70.04,200,KO
2025-12-29,9:31:17.925704987,T,70.0,200,70.04,200,KO
2025-12-29,9:31:18.056200729,T,70.0,100,70.04,200,KO
2025-12-29,9:31:19.941345424,T,70.0,200,70.04,200,KO
2025-12-29,9:31:19.941370564,T,70.0,300,70.04,200,KO
2025-12-29,9:31:20.088230447,T,70.0,300,70.03,100,KO
2025-12-29,9:31:20.088235470,T,70.0,200,70.03,100,KO
2025-12-29,9:31:20.088240253,T,70.0,200,70.02,100,KO
2025-12-29,9:31:20.088265408,T,70.0,100,70.02,100,KO
2025-12-29,9:31:20.089302802,T,70.0,100,70.04,300,KO
2025-12-29,9:31:20.101336486,T,70.0,200,70.04,300,KO
2025-12-29,9:31:20.104915074,T,70.0,200,70.03,100,KO
2025-12-29,9:31:20.341563646,T,70.0,100,70.03,100,KO
2025-12-29,9:31:20.570293399,T,70.0,100,70.04,200,KO
2025-12-29,9:31:20.570333505,T,70.01,100,70.04,200,KO
2025-12-29,9:31:20.570353545,T,70.0,100,70.04,200,KO
2025-12-29,9:31:20.570428730,T,70.01,100,70.04,200,KO
2025-12-29,9:31:20.598991830,T,70.0,200,70.04,200,KO
2025-12-29,9:31:20.604720396,T,70.01,100,70.04,200,KO
2025-12-29,9:31:20.677268155,T,70.0,200,70.04,200,KO
2025-12-29,9:31:20.677293234,T,70.0,100,70.04,200,KO
2025-12-29,9:31:20.677303249,T,70.0,100,70.04,300,KO
2025-12-29,9:31:20.685843669,T,70.0,100,70.04,200,KO
2025-12-29,9:31:21.116358971,T,70.0,200,70.04,200,KO
2025-12-29,9:31:22.299185989,T,70.0,100,70.04,200,KO
2025-12-29,9:31:22.588931082,T,70.0,100,70.04,100,KO
2025-12-29,9:31:22.920997045,T,70.0,200,70.04,100,KO
2025-12-29,9:31:23.205670632,T,70.0,200,70.05,200,KO
2025-12-29,9:31:23.205690010,T,70.02,100,70.05,200,KO
2025-12-29,9:31:23.205710064,T,70.02,200,70.05,200,KO
2025-12-29,9:31:23.205745182,T,70.02,300,70.05,200,KO
2025-12-29,9:31:23.206005855,T,70.02,300,70.05,100,KO
2025-12-29,9:31:23.212731966,T,70.02,200,70.05,100,KO
2025-12-29,9:31:23.212766958,T,70.02,100,70.05,100,KO
2025-12-29,9:31:23.220831111,T,70.01,100,70.05,100,KO
2025-12-29,9:31:23.259252674,T,70.02,100,70.05,100,KO
2025-12-29,9:31:23.924466954,T,70.01,100,70.05,100,KO
2025-12-29,9:31:24.123145202,T,70.0,100,70.05,100,KO
2025-12-29,9:31:24.123165189,T,70.0,100,70.05,200,KO
2025-12-29,9:31:24.123385661,T,70.0,200,70.05,200,KO
2025-12-29,9:31:24.123406052,T,70.0,200,70.04,100,KO
2025-12-29,9:31:24.123465820,T,70.0,200,70.05,300,KO
2025-12-29,9:31:24.144671401,T,70.0,200,70.04,100,KO
2025-12-29,9:31:24.144706428,T,70.0,100,70.04,100,KO
2025-12-29,9:31:24.144711484,T,70.0,100,70.04,200,KO
2025-12-29,9:31:24.144726475,T,70.0,200,70.04,200,KO
2025-12-29,9:31:24.144791630,T,70.0,100,70.04,200,KO
2025-12-29,9:31:24.158103329,T,69.99,100,70.04,200,KO
2025-12-29,9:31:24.316129718,T,69.99,100,70.04,100,KO
2025-12-29,9:31:24.316164812,T,70.0,100,70.04,100,KO
2025-12-29,9:31:24.319492895,T,70.0,200,70.04,100,KO
2025-12-29,9:31:24.426262092,T,70.0,100,70.04,100,KO
2025-12-29,9:31:24.437889708,T,70.01,100,70.04,100,KO
2025-12-29,9:31:24.572635680,T,70.01,100,70.05,200,KO
2025-12-29,9:31:24.699683249,T,70.01,200,70.05,200,KO
2025-12-29,9:31:24.700660605,T,70.01,200,70.05,300,KO
2025-12-29,9:31:24.728261459,T,70.01,200,70.05,200,KO
2025-12-29,9:31:25.032295429,T,70.01,100,70.05,200,KO
2025-12-29,9:31:25.675502276,T,70.01,100,70.05,100,KO
2025-12-29,9:31:25.675803035,T,70.01,200,70.05,100,KO
2025-12-29,9:31:25.675828185,T,70.01,200,70.06,100,KO
2025-12-29,9:31:25.675888223,T,70.02,100,70.06,100,KO
2025-12-29,9:31:25.675893221,T,70.02,100,70.05,400,KO
2025-12-29,9:31:25.675988457,T,70.02,200,70.05,400,KO
2025-12-29,9:31:25.683496391,T,70.02,100,70.05,400,KO
2025-12-29,9:31:25.812618834,T,70.01,100,70.05,400,KO
2025-12-29,9:31:25.812653968,T,70.01,100,70.05,500,KO
2025-12-29,9:31:25.812659024,T,70.01,100,70.05,100,KO
2025-12-29,9:31:25.812659024,T,70.01,100,70.04,100,KO
2025-12-29,9:31:25.812664049,T,70.01,100,70.04,200,KO
2025-12-29,9:31:25.812679069,T,70.01,100,70.04,600,KO
2025-12-29,9:31:25.813100007,T,70.01,100,70.04,700,KO
2025-12-29,9:31:25.813265523,T,70.01,100,70.03,300,KO
2025-12-29,9:31:25.813270496,T,70.01,100,70.03,400,KO
2025-12-29,9:31:25.813305574,T,70.01,100,70.03,100,KO
2025-12-29,9:31:25.813305574,T,70.01,100,70.04,300,KO
2025-12-29,9:31:25.813325829,T,70.02,100,70.04,300,KO
2025-12-29,9:31:25.813330620,T,70.02,100,70.04,200,KO
2025-12-29,9:31:25.813330620,T,70.02,100,70.04,100,KO
2025-12-29,9:31:25.813355623,T,70.02,200,70.04,100,KO
2025-12-29,9:31:25.813370662,T,70.02,100,70.04,100,KO
2025-12-29,9:31:25.813701466,T,70.02,100,70.05,200,KO
2025-12-29,9:31:25.814092350,T,70.02,100,70.05,100,KO
2025-12-29,9:31:27.032614778,T,70.02,100,70.06,100,KO
2025-12-29,9:31:27.032644689,T,70.03,100,70.06,100,KO
2025-12-29,9:31:27.032689729,T,70.03,200,70.06,100,KO
2025-12-29,9:31:27.032920248,T,70.03,200,70.05,400,KO
2025-12-29,9:31:27.033155886,T,70.03,200,70.05,500,KO
2025-12-29,9:31:27.033782335,T,70.03,100,70.05,500,KO
2025-12-29,9:31:27.039711451,T,70.02,100,70.05,500,KO
2025-12-29,9:31:27.104124879,T,70.02,100,70.05,600,KO
2025-12-29,9:31:27.104144886,T,70.02,100,70.05,200,KO
2025-12-29,9:31:27.104159880,T,70.02,100,70.04,100,KO
2025-12-29,9:31:27.104169936,T,70.02,100,70.04,500,KO
2025-12-29,9:31:27.104465635,T,70.01,300,70.04,500,KO
2025-12-29,9:31:27.104485853,T,70.01,300,70.03,100,KO
2025-12-29,9:31:27.104491287,T,70.01,300,70.03,200,KO
2025-12-29,9:31:27.104510778,T,70.01,300,70.03,600,KO
2025-12-29,9:31:27.104520753,T,70.01,300,70.03,700,KO
2025-12-29,9:31:27.104806484,T,70.01,300,70.03,600,KO
2025-12-29,9:31:27.104806484,T,70.01,300,70.03,500,KO
2025-12-29,9:31:27.104826514,T,70.01,300,70.03,100,KO
2025-12-29,9:31:27.104826514,T,70.01,300,70.04,100,KO
2025-12-29,9:31:27.104846596,T,70.03,100,70.04,100,KO
2025-12-29,9:31:27.104951874,T,70.03,100,70.04,200,KO
2025-12-29,9:31:27.104991949,T,70.03,100,70.04,100,KO
2025-12-29,9:31:27.105177334,T,70.02,100,70.04,100,KO
2025-12-29,9:31:27.105197433,T,70.02,100,70.04,200,KO
2025-12-29,9:31:27.105207456,T,70.02,100,70.04,300,KO
2025-12-29,9:31:27.105237480,T,70.02,100,70.04,200,KO
2025-12-29,9:31:27.105258426,T,70.01,300,70.04,200,KO
2025-12-29,9:31:27.105317649,T,70.01,300,70.04,300,KO
2025-12-29,9:31:27.105342701,T,70.01,300,70.04,200,KO
2025-12-29,9:31:27.105478117,T,70.01,300,70.04,300,KO
2025-12-29,9:31:27.105588300,T,70.01,300,70.04,200,KO
2025-12-29,9:31:27.105618458,T,70.01,300,70.04,300,KO
2025-12-29,9:31:27.105808901,T,70.01,200,70.04,300,KO
2025-12-29,9:31:27.105838909,T,70.01,200,70.04,200,KO
2025-12-29,9:31:27.105858926,T,70.02,100,70.04,200,KO
2025-12-29,9:31:27.105864255,T,70.02,200,70.04,200,KO
2025-12-29,9:31:27.105924108,T,70.02,200,70.04,300,KO
2025-12-29,9:31:27.106004325,T,70.02,100,70.04,300,KO
2025-12-29,9:31:27.106134592,T,70.02,200,70.04,300,KO
2025-12-29,9:31:27.106144661,T,70.02,100,70.04,300,KO
2025-12-29,9:31:27.174702918,T,70.01,200,70.04,300,KO
2025-12-29,9:31:27.588553640,T,70.01,200,70.04,200,KO
2025-12-29,9:31:27.588578610,T,70.02,100,70.04,200,KO
2025-12-29,9:31:27.595640439,T,70.01,100,70.04,200,KO
2025-12-29,9:31:27.596377267,T,70.01,100,70.04,300,KO
2025-12-29,9:31:27.847485364,T,70.01,100,70.04,200,KO
2025-12-29,9:31:27.847500650,T,70.02,100,70.04,200,KO
2025-12-29,9:31:27.847520368,T,70.02,200,70.04,200,KO
2025-12-29,9:31:27.847525461,T,70.02,200,70.04,300,KO
2025-12-29,9:31:27.847535591,T,70.02,100,70.04,300,KO
2025-12-29,9:31:27.847550535,T,70.02,100,70.04,200,KO
2025-12-29,9:31:27.847635671,T,70.02,200,70.04,200,KO
2025-12-29,9:31:27.847756007,T,70.02,300,70.04,200,KO
2025-12-29,9:31:27.847821120,T,70.02,200,70.04,200,KO
2025-12-29,9:31:27.847906329,T,70.03,100,70.04,200,KO
2025-12-29,9:31:27.852081405,T,70.03,100,70.04,100,KO
2025-12-29,9:31:27.852086332,T,70.03,200,70.04,100,KO
2025-12-29,9:31:27.852101322,T,70.03,300,70.04,100,KO
2025-12-29,9:31:27.853559768,T,70.03,200,70.04,100,KO
2025-12-29,9:31:28.272111660,T,70.03,100,70.04,100,KO
2025-12-29,9:31:28.384193632,T,70.02,100,70.04,100,KO
2025-12-29,9:31:28.910161277,T,70.01,100,70.04,100,KO
2025-12-29,9:31:29.468751611,T,70.03,100,70.04,100,KO
2025-12-29,9:31:29.616177622,T,70.03,100,70.05,100,KO
2025-12-29,9:31:31.419061500,T,70.03,100,70.05,200,KO
2025-12-29,9:31:31.419081491,T,70.03,200,70.05,200,KO
2025-12-29,9:31:32.268770244,T,70.04,100,70.05,200,KO
2025-12-29,9:31:32.268830513,T,70.04,100,70.05,100,KO
2025-12-29,9:31:32.268855466,T,70.04,100,70.05,200,KO
2025-12-29,9:31:32.268860384,T,70.03,100,70.05,200,KO
2025-12-29,9:31:32.268875426,T,70.03,100,70.04,100,KO
2025-12-29,9:31:32.268890517,T,70.03,100,70.04,200,KO
2025-12-29,9:31:32.268920518,T,70.03,200,70.04,200,KO
2025-12-29,9:31:32.269020867,T,70.03,100,70.04,200,KO
2025-12-29,9:31:32.269993147,T,70.03,100,70.04,100,KO
2025-12-29,9:31:32.289379278,T,70.03,200,70.04,100,KO
2025-12-29,9:31:32.289404369,T,70.03,100,70.04,100,KO
2025-12-29,9:31:32.289424398,T,70.03,100,70.04,200,KO
2025-12-29,9:31:32.289469550,T,70.03,100,70.04,100,KO
2025-12-29,9:31:32.289870632,T,70.01,100,70.04,100,KO
2025-12-29,9:31:32.289875495,T,70.01,100,70.04,200,KO
2025-12-29,9:31:32.289895544,T,70.01,100,70.04,300,KO
2025-12-29,9:31:32.289895544,T,70.01,100,70.04,400,KO
2025-12-29,9:31:32.289915615,T,70.01,100,70.04,500,KO
2025-12-29,9:31:32.290106014,T,70.01,100,70.03,100,KO
2025-12-29,9:31:32.290106014,T,70.01,100,70.03,200,KO
2025-12-29,9:31:32.291539446,T,70.01,100,70.03,300,KO
2025-12-29,9:31:32.293088095,T,70.01,100,70.03,200,KO
2025-12-29,9:31:32.331269098,T,70.0,300,70.03,200,KO
2025-12-29,9:31:32.331294125,T,70.0,200,70.03,200,KO
2025-12-29,9:31:32.485240738,T,70.0,200,70.03,100,KO
2025-12-29,9:31:32.695737169,T,70.0,300,70.03,100,KO
2025-12-29,9:31:32.696108021,T,70.0,200,70.03,100,KO
2025-12-29,9:31:32.696118084,T,70.01,100,70.03,100,KO
2025-12-29,9:31:32.696173208,T,70.01,100,70.04,100,KO
2025-12-29,9:31:32.940485055,T,70.0,200,70.04,100,KO
2025-12-29,9:31:32.940906056,T,70.0,200,70.04,200,KO
2025-12-29,9:31:35.197555621,T,70.02,100,70.04,200,KO
2025-12-29,9:31:35.198638226,T,70.02,100,70.04,100,KO
2025-12-29,9:31:37.690869158,T,70.0,200,70.04,100,KO
2025-12-29,9:31:37.690869158,T,70.0,200,70.04,200,KO
2025-12-29,9:31:37.690888951,T,70.0,200,70.03,100,KO
2025-12-29,9:31:37.690888951,T,70.0,200,70.03,200,KO
2025-12-29,9:31:37.690893979,T,70.0,200,70.03,300,KO
2025-12-29,9:31:37.690903895,T,70.0,200,70.03,400,KO
2025-12-29,9:31:37.690919032,T,70.0,200,70.03,500,KO
2025-12-29,9:31:37.690954109,T,70.0,200,70.03,600,KO
2025-12-29,9:31:37.690964043,T,70.0,200,70.03,700,KO
2025-12-29,9:31:37.691009235,T,70.0,100,70.03,700,KO
2025-12-29,9:31:37.691159555,T,70.0,100,70.02,100,KO
2025-12-29,9:31:37.691164569,T,70.0,100,70.02,200,KO
2025-12-29,9:31:37.692522834,T,69.99,100,70.02,200,KO
2025-12-29,9:31:37.695254291,T,69.99,200,70.02,200,KO
2025-12-29,9:31:37.712921385,T,69.99,200,70.02,100,KO
2025-12-29,9:31:37.737735493,T,69.99,200,70.03,200,KO
2025-12-29,9:31:37.737740445,T,69.99,200,70.03,100,KO
2025-12-29,9:31:37.737755777,T,70.01,100,70.03,100,KO
2025-12-29,9:31:37.737755777,T,70.01,200,70.03,100,KO
2025-12-29,9:31:37.737765559,T,70.01,300,70.03,100,KO
2025-12-29,9:31:37.737785573,T,70.01,400,70.03,100,KO
2025-12-29,9:31:37.738026134,T,70.01,400,70.04,200,KO
2025-12-29,9:31:37.738311797,T,70.01,300,70.04,200,KO
2025-12-29,9:31:37.740121115,T,70.01,300,70.04,300,KO
2025-12-29,9:31:37.740607353,T,70.01,200,70.04,300,KO
2025-12-29,9:31:37.787704526,T,70.01,200,70.04,200,KO
2025-12-29,9:31:37.837793807,T,70.01,100,70.04,200,KO
2025-12-29,9:31:37.896428468,T,70.01,100,70.04,100,KO
2025-12-29,9:31:38.397050892,T,70.01,100,70.03,100,KO
2025-12-29,9:31:38.397080938,T,70.0,100,70.03,100,KO
2025-12-29,9:31:38.397090987,T,70.0,100,70.04,100,KO
2025-12-29,9:31:38.397095980,T,70.0,100,70.03,100,KO
2025-12-29,9:31:38.421454021,T,69.99,100,70.03,100,KO
2025-12-29,9:31:38.468982287,T,70.01,200,70.03,100,KO
2025-12-29,9:31:38.469007249,T,70.01,300,70.03,100,KO
2025-12-29,9:31:38.469237803,T,70.01,200,70.03,100,KO
2025-12-29,9:31:38.542873236,T,70.01,200,70.04,100,KO
2025-12-29,9:31:39.469249452,T,70.0,200,70.04,100,KO
2025-12-29,9:31:39.469399789,T,70.0,100,70.04,100,KO
2025-12-29,9:31:39.470848262,T,70.01,100,70.04,100,KO
2025-12-29,9:31:40.201894387,T,70.01,200,70.04,100,KO
2025-12-29,9:31:40.201919443,T,70.02,100,70.04,100,KO
2025-12-29,9:31:40.201964869,T,70.02,100,70.05,100,KO
2025-12-29,9:31:40.202641111,T,70.02,200,70.05,100,KO
2025-12-29,9:31:40.202701211,T,70.02,200,70.05,300,KO
2025-12-29,9:31:40.203037094,T,70.02,100,70.05,300,KO
2025-12-29,9:31:40.468569411,T,70.03,100,70.05,300,KO
2025-12-29,9:31:41.469067294,T,70.01,200,70.05,300,KO
2025-12-29,9:31:41.469794017,T,70.01,300,70.05,300,KO
2025-12-29,9:31:41.469824049,T,70.01,400,70.05,300,KO
2025-12-29,9:31:41.469944456,T,70.03,100,70.05,300,KO
2025-12-29,9:31:42.468417474,T,70.02,100,70.05,300,KO
2025-12-29,9:31:43.022216429,T,70.02,100,70.05,200,KO
2025-12-29,9:31:43.022216429,T,70.02,100,70.05,100,KO
2025-12-29,9:31:43.022286641,T,70.02,100,70.07,100,KO
2025-12-29,9:31:43.022291596,T,70.02,100,70.08,100,KO
2025-12-29,9:31:43.022296652,T,70.03,100,70.08,100,KO
2025-12-29,9:31:43.022356826,T,70.04,100,70.08,100,KO
2025-12-29,9:31:43.022356826,T,70.04,200,70.08,100,KO
2025-12-29,9:31:43.022356826,T,70.04,300,70.08,100,KO
2025-12-29,9:31:43.022372244,T,70.04,400,70.08,100,KO
2025-12-29,9:31:43.022386959,T,70.04,500,70.08,100,KO
2025-12-29,9:31:43.022477014,T,70.04,600,70.08,100,KO
2025-12-29,9:31:43.022878043,T,70.04,500,70.08,100,KO
2025-12-29,9:31:43.023434338,T,70.04,400,70.08,100,KO
2025-12-29,9:31:43.023664847,T,70.04,400,70.07,100,KO
2025-12-29,9:31:43.023689953,T,70.04,300,70.07,100,KO
2025-12-29,9:31:43.024536959,T,70.04,200,70.07,100,KO
2025-12-29,9:31:43.025719951,T,70.04,300,70.07,100,KO
2025-12-29,9:31:43.055560827,T,70.04,300,70.07,200,KO
2025-12-29,9:31:43.056437869,T,70.04,200,70.07,200,KO
2025-12-29,9:31:43.071574011,T,70.04,300,70.07,200,KO
2025-12-29,9:31:43.071789494,T,70.04,300,70.07,100,KO
2025-12-29,9:31:43.090739591,T,70.04,200,70.07,100,KO
2025-12-29,9:31:43.091356054,T,70.04,300,70.07,100,KO
2025-12-29,9:31:43.093431073,T,70.04,300,70.07,200,KO
2025-12-29,9:31:43.107419401,T,70.04,300,70.07,100,KO
2025-12-29,9:31:43.122339824,T,70.04,200,70.07,100,KO
2025-12-29,9:31:43.146206683,T,70.04,100,70.07,100,KO
2025-12-29,9:31:43.146241857,T,70.03,100,70.07,100,KO
2025-12-29,9:31:43.147499839,T,70.03,100,70.07,200,KO
2025-12-29,9:31:43.173677179,T,70.03,100,70.07,100,KO
2025-12-29,9:31:43.698958145,T,70.03,100,70.08,100,KO
2025-12-29,9:31:43.698973264,T,70.03,100,70.07,100,KO
2025-12-29,9:31:43.699003311,T,70.03,100,70.07,200,KO
2025-12-29,9:31:43.912837564,T,70.03,100,70.07,300,KO
2025-12-29,9:31:43.952331673,T,70.03,100,70.07,200,KO
2025-12-29,9:31:44.085017653,T,70.05,100,70.07,200,KO
2025-12-29,9:31:44.085017653,T,70.05,200,70.07,200,KO
2025-12-29,9:31:44.085022640,T,70.05,200,70.07,100,KO
2025-12-29,9:31:44.085037665,T,70.05,200,70.08,100,KO
2025-12-29,9:31:44.085047669,T,70.05,200,70.07,100,KO
2025-12-29,9:31:44.085087756,T,70.05,200,70.06,100,KO
2025-12-29,9:31:44.108373264,T,70.05,100,70.06,100,KO
2025-12-29,9:31:44.108428383,T,70.03,100,70.06,100,KO
2025-12-29,9:31:44.230433938,T,70.03,200,70.06,100,KO
2025-12-29,9:31:44.583269317,T,70.03,100,70.06,100,KO
2025-12-29,9:31:44.824734327,T,70.03,100,70.07,100,KO
2025-12-29,9:31:44.869791663,T,70.03,100,70.08,100,KO
2025-12-29,9:31:44.869811774,T,70.04,100,70.08,100,KO
2025-12-29,9:31:44.869811774,T,70.05,100,70.08,100,KO
2025-12-29,9:31:44.869816730,T,70.05,200,70.08,100,KO
2025-12-29,9:31:44.869841824,T,70.05,300,70.08,100,KO
2025-12-29,9:31:44.870573547,T,70.05,300,70.09,200,KO
2025-12-29,9:31:44.870603652,T,70.05,300,70.09,100,KO
2025-12-29,9:31:44.870618744,T,70.06,100,70.09,100,KO
2025-12-29,9:31:44.871109788,T,70.06,100,70.1,800,KO
2025-12-29,9:31:44.871169926,T,70.06,100,70.09,100,KO
2025-12-29,9:31:44.885433969,T,70.05,200,70.09,100,KO
2025-12-29,9:31:44.885443998,T,70.05,200,70.09,200,KO
2025-12-29,9:31:44.897117021,T,70.06,100,70.09,200,KO
2025-12-29,9:31:44.956272687,T,70.06,100,70.09,100,KO
2025-12-29,9:31:45.070785363,T,70.05,200,70.09,100,KO
2025-12-29,9:31:45.457852288,T,70.06,100,70.09,100,KO
2025-12-29,9:31:45.458393557,T,70.06,100,70.1,800,KO
2025-12-29,9:31:45.461014861,T,70.07,100,70.1,800,KO
2025-12-29,9:31:45.461360633,T,70.07,200,70.1,800,KO
2025-12-29,9:31:45.461561086,T,70.07,100,70.1,800,KO
2025-12-29,9:31:45.465450398,T,70.06,100,70.1,800,KO
2025-12-29,9:31:45.827136884,T,70.05,200,70.1,800,KO
2025-12-29,9:31:45.827161921,T,70.05,100,70.1,800,KO
2025-12-29,9:31:45.891705613,T,70.06,100,70.1,800,KO
2025-12-29,9:31:48.675625922,T,70.06,100,70.1,900,KO
2025-12-29,9:31:49.291527766,T,70.06,100,70.1,800,KO
2025-12-29,9:31:50.372978450,T,70.06,100,70.1,700,KO
2025-12-29,9:31:50.476084068,T,70.06,300,70.1,700,KO
2025-12-29,9:31:51.473715098,T,70.06,100,70.1,700,KO
2025-12-29,9:31:51.474577170,T,70.06,300,70.1,700,KO
2025-12-29,9:31:51.780596033,T,70.06,400,70.1,700,KO
2025-12-29,9:31:51.892477405,T,70.06,400,70.1,800,KO
2025-12-29,9:31:51.898080756,T,70.06,400,70.1,900,KO
2025-12-29,9:31:51.898145997,T,70.06,400,70.09,100,KO
2025-12-29,9:31:51.898191025,T,70.06,500,70.09,100,KO
2025-12-29,9:31:51.898281221,T,70.06,500,70.08,100,KO
2025-12-29,9:31:51.916770356,T,70.06,400,70.08,100,KO
2025-12-29,9:31:51.916810360,T,70.06,400,70.08,200,KO
2025-12-29,9:31:51.917136168,T,70.06,400,70.08,100,KO
2025-12-29,9:31:51.917181259,T,70.07,100,70.08,100,KO
2025-12-29,9:31:51.917181259,T,70.07,200,70.08,100,KO
2025-12-29,9:31:51.917216688,T,70.07,100,70.08,100,KO
2025-12-29,9:31:51.917231410,T,70.07,100,70.08,200,KO
2025-12-29,9:31:51.917286515,T,70.07,100,70.08,100,KO
2025-12-29,9:31:51.930793730,T,70.07,100,70.09,100,KO
2025-12-29,9:31:52.035001921,T,70.07,100,70.08,100,KO
2025-12-29,9:31:52.068426568,T,70.06,500,70.08,100,KO
2025-12-29,9:31:52.068451528,T,70.06,400,70.08,100,KO
2025-12-29,9:31:52.168484864,T,70.06,300,70.08,100,KO
2025-12-29,9:31:52.401835651,T,70.06,400,70.08,100,KO
2025-12-29,9:31:52.729766646,T,70.06,300,70.08,100,KO
2025-12-29,9:31:52.747017697,T,70.06,400,70.08,100,KO
2025-12-29,9:31:52.747052818,T,70.06,400,70.09,100,KO
2025-12-29,9:31:52.747313448,T,70.06,400,70.1,800,KO
2025-12-29,9:31:53.613160606,T,70.08,100,70.1,800,KO
2025-12-29,9:31:53.613205711,T,70.06,400,70.1,800,KO
2025-12-29,9:31:53.613230722,T,70.06,400,70.08,100,KO
2025-12-29,9:31:53.613782068,T,70.06,400,70.09,100,KO
2025-12-29,9:31:54.073837830,T,70.06,300,70.09,100,KO
2025-12-29,9:31:54.076809811,T,70.06,300,70.09,200,KO
2025-12-29,9:31:54.076819815,T,70.06,300,70.09,300,KO
2025-12-29,9:31:54.089099066,T,70.06,100,70.09,300,KO
2025-12-29,9:31:54.089104256,T,70.05,200,70.09,300,KO
2025-12-29,9:31:54.089104256,T,70.05,100,70.09,300,KO
2025-12-29,9:31:54.089109076,T,70.06,100,70.09,300,KO
2025-12-29,9:31:54.089590226,T,70.06,100,70.08,100,KO
2025-12-29,9:31:54.101623937,T,70.04,100,70.08,100,KO
2025-12-29,9:31:54.101643966,T,70.03,400,70.08,100,KO
2025-12-29,9:31:54.101654035,T,70.03,400,70.08,200,KO
2025-12-29,9:31:54.101658945,T,70.04,100,70.08,200,KO
2025-12-29,9:31:54.102110095,T,70.04,100,70.08,100,KO
2025-12-29,9:31:54.102465955,T,70.05,100,70.08,100,KO
2025-12-29,9:31:54.113482209,T,70.04,100,70.08,100,KO
2025-12-29,9:31:54.121606490,T,70.05,100,70.08,100,KO
2025-12-29,9:31:54.910405191,T,70.04,100,70.08,100,KO
2025-12-29,9:31:54.924443516,T,70.05,100,70.08,100,KO
2025-12-29,9:31:56.546632223,T,70.05,100,70.09,200,KO
2025-12-29,9:31:56.549107961,T,70.05,100,70.09,100,KO
2025-12-29,9:31:56.549107961,T,70.05,200,70.09,100,KO
2025-12-29,9:31:56.550260717,T,70.05,200,70.09,200,KO
2025-12-29,9:31:56.582091569,T,70.05,200,70.09,100,KO
2025-12-29,9:31:56.582121663,T,70.06,100,70.09,100,KO
2025-12-29,9:31:56.582161897,T,70.05,200,70.09,100,KO
2025-12-29,9:31:56.582161897,T,70.05,100,70.09,100,KO
2025-12-29,9:31:56.582187101,T,70.05,100,70.08,100,KO
2025-12-29,9:31:56.582217112,T,70.04,100,70.08,100,KO
2025-12-29,9:31:56.582221809,T,70.04,100,70.07,100,KO
2025-12-29,9:31:56.582642840,T,70.04,200,70.07,100,KO
2025-12-29,9:31:56.583815613,T,70.06,200,70.07,100,KO
2025-12-29,9:31:56.583835684,T,70.06,200,70.08,100,KO
2025-12-29,9:31:56.583850783,T,70.04,100,70.08,100,KO
2025-12-29,9:31:56.583855704,T,70.04,200,70.08,100,KO
2025-12-29,9:31:56.583870873,T,70.04,200,70.07,100,KO
2025-12-29,9:31:56.583870873,T,70.04,200,70.07,200,KO
2025-12-29,9:31:56.583875782,T,70.04,200,70.07,300,KO
2025-12-29,9:31:56.583890856,T,70.04,200,70.07,200,KO
2025-12-29,9:31:56.584427085,T,70.04,200,70.07,100,KO
2025-12-29,9:31:56.584993495,T,70.04,200,70.08,100,KO
2025-12-29,9:31:56.865100591,T,70.04,200,70.07,100,KO
2025-12-29,9:31:57.601489456,T,70.04,200,70.08,100,KO
2025-12-29,9:31:59.142554733,T,70.04,200,70.07,100,KO
2025-12-29,9:31:59.168937587,T,70.04,100,70.07,100,KO
2025-12-29,9:32:00.328444093,T,70.03,300,70.07,100,KO
2025-12-29,9:32:00.328689626,T,70.03,300,70.07,200,KO
2025-12-29,9:32:00.328724783,T,70.03,300,70.07,300,KO
2025-12-29,9:32:00.328739812,T,70.03,300,70.07,200,KO
2025-12-29,9:32:00.330564147,T,70.03,300,70.07,300,KO
2025-12-29,9:32:00.350371373,T,70.03,300,70.07,400,KO
2025-12-29,9:32:00.350912572,T,70.03,200,70.07,400,KO
2025-12-29,9:32:00.350937706,T,70.03,100,70.07,400,KO
2025-12-29,9:32:00.351238431,T,70.03,100,70.07,300,KO
2025-12-29,9:32:00.351248400,T,70.03,200,70.07,300,KO
2025-12-29,9:32:00.351288531,T,70.03,200,70.07,400,KO
2025-12-29,9:32:00.351298580,T,70.03,300,70.07,400,KO
2025-12-29,9:32:00.351318557,T,70.03,300,70.07,300,KO
2025-12-29,9:32:00.351348703,T,70.03,300,70.07,200,KO
2025-12-29,9:32:00.351358695,T,70.04,100,70.07,200,KO
2025-12-29,9:32:00.351358695,T,70.04,100,70.07,300,KO
2025-12-29,9:32:00.351408772,T,70.04,100,70.07,200,KO
2025-12-29,9:32:00.351519088,T,70.03,300,70.07,200,KO
2025-12-29,9:32:00.351539060,T,70.03,300,70.06,100,KO
2025-12-29,9:32:00.351554191,T,70.04,100,70.06,100,KO
2025-12-29,9:32:00.351569221,T,70.04,100,70.06,200,KO
2025-12-29,9:32:00.351579264,T,70.04,100,70.06,100,KO
2025-12-29,9:32:00.351589186,T,70.03,200,70.06,100,KO
2025-12-29,9:32:00.352736940,T,70.03,200,70.07,300,KO
2025-12-29,9:32:00.358866610,T,70.03,300,70.07,300,KO
2025-12-29,9:32:00.363652922,T,70.03,200,70.07,300,KO
2025-12-29,9:32:00.363663012,T,70.04,100,70.07,300,KO
2025-12-29,9:32:00.363688083,T,70.03,200,70.07,300,KO
2025-12-29,9:32:00.422442982,T,70.03,300,70.07,300,KO
2025-12-29,9:32:00.422473050,T,70.04,100,70.07,300,KO
2025-12-29,9:32:00.472156376,T,70.04,100,70.07,200,KO
2025-12-29,9:32:00.553429946,T,70.04,100,70.07,300,KO
2025-12-29,9:32:00.621898028,T,70.04,100,70.07,200,KO
2025-12-29,9:32:00.960028327,T,70.05,100,70.07,200,KO
2025-12-29,9:32:00.960589621,T,70.05,100,70.07,100,KO
2025-12-29,9:32:01.252590105,T,70.04,100,70.07,100,KO
2025-12-29,9:32:01.990412257,T,70.04,200,70.07,100,KO
2025-12-29,9:32:02.101461826,T,70.04,100,70.07,100,KO
2025-12-29,9:32:02.552325571,T,70.03,100,70.07,100,KO
2025-12-29,9:32:02.552335616,T,70.06,100,70.07,100,KO
2025-12-29,9:32:02.552526067,T,70.04,300,70.07,100,KO
2025-12-29,9:32:02.574929432,T,70.04,200,70.07,100,KO
2025-12-29,9:32:02.724731164,T,70.04,100,70.07,100,KO
2025-12-29,9:32:04.470489141,T,70.05,100,70.07,100,KO
2025-12-29,9:32:05.468831840,T,70.04,100,70.07,100,KO
2025-12-29,9:32:06.083986850,T,70.04,100,70.06,100,KO
2025-12-29,9:32:06.083991894,T,70.04,100,70.06,200,KO
2025-12-29,9:32:06.084027000,T,70.04,100,70.06,300,KO
2025-12-29,9:32:06.086202272,T,70.04,100,70.06,200,KO
2025-12-29,9:32:06.091033605,T,70.04,100,70.06,100,KO
2025-12-29,9:32:06.117140789,T,70.05,100,70.06,100,KO
2025-12-29,9:32:06.264391478,T,70.05,100,70.07,200,KO
2025-12-29,9:32:06.284098409,T,70.05,100,70.07,100,KO
2025-12-29,9:32:06.601088360,T,70.05,100,70.07,200,KO
2025-12-29,9:32:06.937379323,T,70.05,100,70.07,100,KO
2025-12-29,9:32:07.695524856,T,70.05,100,70.08,100,KO
2025-12-29,9:32:07.897556122,T,70.05,100,70.07,100,KO
2025-12-29,9:32:09.768406829,T,70.05,100,70.06,100,KO
2025-12-29,9:32:09.768411906,T,70.04,200,70.06,100,KO
2025-12-29,9:32:09.768416825,T,70.04,100,70.06,100,KO
2025-12-29,9:32:09.768436974,T,70.04,100,70.06,200,KO
2025-12-29,9:32:09.768436974,T,70.04,100,70.06,300,KO
2025-12-29,9:32:09.768667511,T,70.04,100,70.06,400,KO
2025-12-29,9:32:09.768993266,T,70.04,100,70.06,300,KO
2025-12-29,9:32:09.769158663,T,70.04,100,70.06,200,KO
2025-12-29,9:32:09.769339129,T,70.04,200,70.06,200,KO
2025-12-29,9:32:09.769394174,T,70.04,200,70.06,300,KO
