DATE,TIME_M,EX,BID,BIDSIZ,ASK,ASKSIZ,SYM_ROOT
2025-10-06,9:30:00.416431276,T,66.31,100,66.8,100,KO
2025-10-06,9:30:00.416436350,T,66.31,100,66.56,100,KO
2025-10-06,9:30:00.416436350,T,66.31,100,66.52,100,KO
2025-10-06,9:30:00.416451390,T,66.31,100,66.56,100,KO
2025-10-06,9:30:00.416456343,T,66.31,100,66.56,200,KO
2025-10-06,9:30:00.423483041,T,66.31,100,66.56,100,KO
2025-10-06,9:30:00.545022531,T,66.31,100,66.8,100,KO
2025-10-06,9:30:00.545804413,T,66.31,100,66.9,100,KO
2025-10-06,9:30:01.560536416,T,66.4,100,66.9,100,KO
2025-10-06,9:30:01.583591391,T,66.31,100,66.9,100,KO
2025-10-06,9:30:01.584167688,T,66.31,100,66.8,100,KO
2025-10-06,9:30:01.584167688,T,66.31,100,66.53,200,KO
2025-10-06,9:30:01.584172866,T,66.31,100,66.49,100,KO
2025-10-06,9:30:01.584192765,T,66.31,100,66.53,200,KO
2025-10-06,9:30:01.584212798,T,66.31,100,66.53,300,KO
2025-10-06,9:30:01.588789120,T,66.31,100,66.42,400,KO
2025-10-06,9:30:01.588924501,T,66.31,100,66.48,400,KO
2025-10-06,9:30:01.589219691,T,66.31,100,66.49,400,KO
2025-10-06,9:30:01.590437701,T,66.38,300,66.49,400,KO
2025-10-06,9:30:01.595925747,T,66.38,300,66.44,400,KO
2025-10-06,9:30:01.666193148,T,66.38,300,66.44,500,KO
2025-10-06,9:30:01.707867762,T,66.41,200,66.44,500,KO
2025-10-06,9:30:01.707877416,T,66.41,600,66.44,500,KO
2025-10-06,9:30:01.708483898,T,66.41,700,66.44,500,KO
2025-10-06,9:30:01.724772627,T,66.41,700,66.44,300,KO
2025-10-06,9:30:01.724772627,T,66.41,700,66.44,100,KO
2025-10-06,9:30:01.724822770,T,66.41,700,66.47,400,KO
2025-10-06,9:30:01.724862900,T,66.43,200,66.47,400,KO
2025-10-06,9:30:01.758523117,T,66.41,600,66.47,400,KO
2025-10-06,9:30:01.758548097,T,66.41,600,66.44,100,KO
2025-10-06,9:30:01.758573141,T,66.41,600,66.44,500,KO
2025-10-06,9:30:01.758658386,T,66.41,600,66.44,700,KO
2025-10-06,9:30:01.759209691,T,66.41,200,66.44,700,KO
2025-10-06,9:30:01.760161975,T,66.41,300,66.44,700,KO
2025-10-06,9:30:01.760337387,T,66.41,300,66.44,600,KO
2025-10-06,9:30:01.794699247,T,66.41,100,66.44,600,KO
2025-10-06,9:30:01.794704214,T,66.38,900,66.44,600,KO
2025-10-06,9:30:01.794709250,T,66.38,900,66.43,400,KO
2025-10-06,9:30:01.794724244,T,66.38,900,66.43,600,KO
2025-10-06,9:30:01.794724244,T,66.38,900,66.42,100,KO
2025-10-06,9:30:01.794759435,T,66.38,900,66.42,500,KO
2025-10-06,9:30:01.795085141,T,66.38,1100,66.42,500,KO
2025-10-06,9:30:01.796558701,T,66.38,1100,66.42,400,KO
2025-10-06,9:30:01.855744641,T,66.38,1100,66.43,600,KO
2025-10-06,9:30:01.900205542,T,66.38,1100,66.42,400,KO
2025-10-06,9:30:02.198651344,T,66.38,1100,66.43,600,KO
2025-10-06,9:30:02.232441863,T,66.39,200,66.43,600,KO
2025-10-06,9:30:02.232441863,T,66.4,100,66.43,600,KO
2025-10-06,9:30:02.232456854,T,66.4,300,66.43,600,KO
2025-10-06,9:30:02.232456854,T,66.4,700,66.43,600,KO
2025-10-06,9:30:02.232477042,T,66.4,600,66.43,600,KO
2025-10-06,9:30:02.232477042,T,66.42,200,66.43,600,KO
2025-10-06,9:30:02.232477042,T,66.42,200,66.43,400,KO
2025-10-06,9:30:02.232511992,T,66.4,600,66.43,400,KO
2025-10-06,9:30:02.232532164,T,66.4,600,66.42,100,KO
2025-10-06,9:30:02.232867825,T,66.4,700,66.42,100,KO
2025-10-06,9:30:02.235108161,T,66.4,300,66.42,100,KO
2025-10-06,9:30:02.237659219,T,66.4,300,66.43,400,KO
2025-10-06,9:30:02.243102220,T,66.4,200,66.43,400,KO
2025-10-06,9:30:02.243573391,T,66.4,300,66.43,400,KO
2025-10-06,9:30:02.588745473,T,66.4,200,66.43,400,KO
2025-10-06,9:30:02.619914708,T,66.39,600,66.43,400,KO
2025-10-06,9:30:02.766183010,T,66.39,600,66.44,600,KO
2025-10-06,9:30:02.830576405,T,66.4,100,66.44,600,KO
2025-10-06,9:30:02.830601373,T,66.41,200,66.44,600,KO
2025-10-06,9:30:02.830666553,T,66.41,200,66.44,400,KO
2025-10-06,9:30:02.830696652,T,66.41,600,66.44,400,KO
2025-10-06,9:30:02.831022419,T,66.41,700,66.44,400,KO
2025-10-06,9:30:03.159740280,T,66.41,700,66.45,600,KO
2025-10-06,9:30:03.159865796,T,66.43,400,66.45,600,KO
2025-10-06,9:30:03.159870642,T,66.43,400,66.45,400,KO
2025-10-06,9:30:03.159870642,T,66.43,600,66.45,400,KO
2025-10-06,9:30:03.160086099,T,66.43,200,66.45,400,KO
2025-10-06,9:30:03.185912670,T,66.41,600,66.45,400,KO
2025-10-06,9:30:03.198437495,T,66.42,200,66.45,400,KO
2025-10-06,9:30:03.198437495,T,66.42,600,66.45,400,KO
2025-10-06,9:30:03.198622940,T,66.43,200,66.45,400,KO
2025-10-06,9:30:03.380851998,T,66.42,600,66.45,400,KO
2025-10-06,9:30:03.380871918,T,66.42,600,66.44,100,KO
2025-10-06,9:30:03.380871918,T,66.42,600,66.44,300,KO
2025-10-06,9:30:03.380881927,T,66.42,200,66.44,300,KO
2025-10-06,9:30:03.380907118,T,66.42,200,66.44,700,KO
2025-10-06,9:30:03.381112589,T,66.42,200,66.44,900,KO
2025-10-06,9:30:03.381117592,T,66.41,600,66.44,900,KO
2025-10-06,9:30:03.381227921,T,66.41,200,66.44,900,KO
2025-10-06,9:30:03.381373208,T,66.41,200,66.44,800,KO
2025-10-06,9:30:03.381378133,T,66.41,200,66.44,600,KO
2025-10-06,9:30:03.381378133,T,66.41,200,66.44,200,KO
2025-10-06,9:30:03.381378133,T,66.41,200,66.45,600,KO
2025-10-06,9:30:03.381398360,T,66.42,200,66.45,600,KO
2025-10-06,9:30:03.381398360,T,66.42,300,66.45,600,KO
2025-10-06,9:30:03.381413192,T,66.42,300,66.44,400,KO
2025-10-06,9:30:03.381418246,T,66.42,400,66.44,400,KO
2025-10-06,9:30:03.381423398,T,66.42,400,66.44,300,KO
2025-10-06,9:30:03.381428276,T,66.42,300,66.44,300,KO
2025-10-06,9:30:03.381433293,T,66.43,100,66.44,300,KO
2025-10-06,9:30:03.381443307,T,66.43,100,66.45,600,KO
2025-10-06,9:30:03.381468431,T,66.44,100,66.45,600,KO
2025-10-06,9:30:03.381764138,T,66.44,100,66.45,400,KO
2025-10-06,9:30:03.381804221,T,66.44,300,66.45,400,KO
2025-10-06,9:30:03.381869323,T,66.44,300,66.46,600,KO
2025-10-06,9:30:03.382265446,T,66.44,300,66.46,400,KO
2025-10-06,9:30:03.382270254,T,66.44,500,66.46,400,KO
2025-10-06,9:30:03.388429938,T,66.44,500,66.47,600,KO
2025-10-06,9:30:03.388450511,T,66.45,200,66.47,600,KO
2025-10-06,9:30:03.388455007,T,66.45,400,66.47,600,KO
2025-10-06,9:30:03.388485153,T,66.45,500,66.47,600,KO
2025-10-06,9:30:03.388490099,T,66.45,500,66.47,400,KO
2025-10-06,9:30:03.388495058,T,66.45,700,66.47,400,KO
2025-10-06,9:30:03.388815885,T,66.46,100,66.47,400,KO
2025-10-06,9:30:03.443220445,T,66.44,800,66.47,400,KO
2025-10-06,9:30:03.443290574,T,66.44,800,66.46,100,KO
2025-10-06,9:30:03.443310625,T,66.45,200,66.46,100,KO
2025-10-06,9:30:03.443355801,T,66.45,200,66.47,400,KO
2025-10-06,9:30:03.443711600,T,66.45,200,66.46,100,KO
2025-10-06,9:30:03.517517452,T,66.45,200,66.47,400,KO
2025-10-06,9:30:03.517552451,T,66.45,400,66.47,400,KO
2025-10-06,9:30:03.517557639,T,66.45,800,66.47,400,KO
2025-10-06,9:30:03.519181383,T,66.45,400,66.47,400,KO
2025-10-06,9:30:03.581529838,T,66.45,200,66.47,400,KO
2025-10-06,9:30:03.585569455,T,66.45,200,66.49,600,KO
2025-10-06,9:30:03.585569455,T,66.45,600,66.49,600,KO
2025-10-06,9:30:03.585604560,T,66.45,800,66.49,600,KO
2025-10-06,9:30:03.779977536,T,66.45,400,66.49,600,KO
2025-10-06,9:30:03.924206535,T,66.46,200,66.49,600,KO
2025-10-06,9:30:03.924226060,T,66.46,200,66.48,400,KO
2025-10-06,9:30:03.924236107,T,66.46,400,66.48,400,KO
2025-10-06,9:30:03.924246556,T,66.46,800,66.48,400,KO
2025-10-06,9:30:03.924251297,T,66.46,1000,66.48,400,KO
2025-10-06,9:30:03.924251297,T,66.46,1000,66.49,600,KO
2025-10-06,9:30:03.924276248,T,66.47,200,66.49,600,KO
2025-10-06,9:30:03.924301296,T,66.47,400,66.49,600,KO
2025-10-06,9:30:03.924316310,T,66.47,600,66.49,600,KO
2025-10-06,9:30:03.924321562,T,66.47,600,66.49,400,KO
2025-10-06,9:30:03.924321562,T,66.47,800,66.49,400,KO
2025-10-06,9:30:03.924336335,T,66.47,600,66.49,400,KO
2025-10-06,9:30:03.924556851,T,66.47,600,66.52,600,KO
2025-10-06,9:30:03.924571873,T,66.47,1000,66.52,600,KO
2025-10-06,9:30:03.924581887,T,66.48,200,66.52,600,KO
2025-10-06,9:30:03.924581887,T,66.48,400,66.52,600,KO
2025-10-06,9:30:03.924607052,T,66.48,600,66.52,600,KO
2025-10-06,9:30:03.924617650,T,66.48,1000,66.52,600,KO
2025-10-06,9:30:03.924621998,T,66.48,1200,66.52,600,KO
2025-10-06,9:30:03.924657089,T,66.48,800,66.52,600,KO
2025-10-06,9:30:03.924827465,T,66.48,1200,66.52,600,KO
2025-10-06,9:30:03.924952847,T,66.48,800,66.52,600,KO
2025-10-06,9:30:03.926346161,T,66.48,600,66.52,600,KO
2025-10-06,9:30:03.944243707,T,66.48,400,66.52,600,KO
2025-10-06,9:30:03.944579498,T,66.48,200,66.52,600,KO
2025-10-06,9:30:04.048081073,T,66.47,600,66.52,600,KO
2025-10-06,9:30:04.048096117,T,66.47,600,66.49,200,KO
2025-10-06,9:30:04.048111100,T,66.47,200,66.49,200,KO
2025-10-06,9:30:04.048116104,T,66.47,200,66.49,600,KO
2025-10-06,9:30:04.048136264,T,66.46,600,66.49,600,KO
2025-10-06,9:30:04.048557200,T,66.46,200,66.49,600,KO
2025-10-06,9:30:04.049419286,T,66.45,600,66.49,600,KO
2025-10-06,9:30:04.049965566,T,66.45,600,66.49,400,KO
2025-10-06,9:30:04.397688808,T,66.45,600,66.5,400,KO
2025-10-06,9:30:04.627696535,T,66.45,600,66.48,400,KO
2025-10-06,9:30:04.627726714,T,66.45,200,66.48,400,KO
2025-10-06,9:30:04.627761760,T,66.44,600,66.48,400,KO
2025-10-06,9:30:04.913933331,T,66.44,500,66.48,400,KO
2025-10-06,9:30:04.913953404,T,66.44,500,66.48,500,KO
2025-10-06,9:30:04.913978478,T,66.44,500,66.48,400,KO
2025-10-06,9:30:04.913978478,T,66.44,500,66.46,100,KO
2025-10-06,9:30:04.913988553,T,66.44,100,66.46,100,KO
2025-10-06,9:30:04.914665072,T,66.43,600,66.46,100,KO
2025-10-06,9:30:04.915086141,T,66.43,600,66.46,200,KO
2025-10-06,9:30:04.920985146,T,66.43,600,66.46,100,KO
2025-10-06,9:30:05.148091209,T,66.43,600,66.46,500,KO
2025-10-06,9:30:05.151649623,T,66.43,600,66.46,400,KO
2025-10-06,9:30:05.536100339,T,66.43,600,66.46,500,KO
2025-10-06,9:30:05.540966946,T,66.43,600,66.46,100,KO
2025-10-06,9:30:05.540992005,T,66.43,600,66.48,100,KO
2025-10-06,9:30:05.541272639,T,66.43,600,66.46,100,KO
2025-10-06,9:30:05.541738770,T,66.43,600,66.47,100,KO
2025-10-06,9:30:05.541768754,T,66.43,600,66.49,100,KO
2025-10-06,9:30:05.541803898,T,66.43,600,66.48,100,KO
2025-10-06,9:30:05.541828970,T,66.43,600,66.48,200,KO
2025-10-06,9:30:05.542089610,T,66.43,600,66.47,100,KO
2025-10-06,9:30:05.542280065,T,66.43,600,66.48,100,KO
2025-10-06,9:30:05.542485504,T,66.43,600,66.49,100,KO
2025-10-06,9:30:05.542635835,T,66.43,600,66.48,100,KO
2025-10-06,9:30:05.542886398,T,66.43,600,66.49,100,KO
2025-10-06,9:30:05.542896449,T,66.43,600,66.48,100,KO
2025-10-06,9:30:05.542926617,T,66.43,600,66.48,200,KO
2025-10-06,9:30:05.543057175,T,66.43,600,66.48,100,KO
2025-10-06,9:30:05.543091955,T,66.43,600,66.48,200,KO
2025-10-06,9:30:05.543142028,T,66.43,600,66.48,100,KO
2025-10-06,9:30:05.543633289,T,66.43,600,66.49,100,KO
2025-10-06,9:30:05.585357627,T,66.43,600,66.5,500,KO
2025-10-06,9:30:05.585382637,T,66.45,200,66.5,500,KO
2025-10-06,9:30:05.585392904,T,66.45,200,66.49,200,KO
2025-10-06,9:30:05.585412726,T,66.45,200,66.48,400,KO
2025-10-06,9:30:05.605380323,T,66.44,400,66.48,400,KO
2025-10-06,9:30:06.214957102,T,66.43,600,66.48,400,KO
2025-10-06,9:30:07.402851283,T,66.44,400,66.48,400,KO
2025-10-06,9:30:07.402881263,T,66.44,400,66.48,500,KO
2025-10-06,9:30:07.932653112,T,66.44,400,66.47,100,KO
2025-10-06,9:30:07.933159368,T,66.44,400,66.47,500,KO
2025-10-06,9:30:07.933179348,T,66.43,600,66.47,500,KO
2025-10-06,9:30:07.934076542,T,66.43,600,66.47,700,KO
2025-10-06,9:30:07.934191773,T,66.43,600,66.46,100,KO
2025-10-06,9:30:07.934201808,T,66.43,400,66.46,100,KO
2025-10-06,9:30:07.934201808,T,66.42,600,66.46,100,KO
2025-10-06,9:30:07.934212163,T,66.42,600,66.47,700,KO
2025-10-06,9:30:07.934216838,T,66.42,600,66.47,600,KO
2025-10-06,9:30:07.934216838,T,66.42,600,66.45,100,KO
2025-10-06,9:30:07.934226903,T,66.42,600,66.45,500,KO
2025-10-06,9:30:07.934492447,T,66.42,600,66.44,100,KO
2025-10-06,9:30:07.972422793,T,66.42,600,66.45,700,KO
2025-10-06,9:30:07.972447832,T,66.42,600,66.45,600,KO
2025-10-06,9:30:08.461993785,T,66.42,600,66.45,500,KO
2025-10-06,9:30:08.462013936,T,66.42,800,66.45,500,KO
2025-10-06,9:30:08.462043981,T,66.42,800,66.45,300,KO
2025-10-06,9:30:08.482011470,T,66.42,600,66.45,300,KO
2025-10-06,9:30:08.754440327,T,66.42,600,66.46,600,KO
2025-10-06,9:30:08.754460362,T,66.42,800,66.46,600,KO
2025-10-06,9:30:08.754460362,T,66.44,100,66.46,600,KO
2025-10-06,9:30:08.754510497,T,66.44,500,66.46,600,KO
2025-10-06,9:30:08.754510497,T,66.44,700,66.46,600,KO
2025-10-06,9:30:08.754540583,T,66.44,700,66.46,400,KO
2025-10-06,9:30:08.754575686,T,66.44,700,66.47,600,KO
2025-10-06,9:30:08.754751057,T,66.44,700,66.47,400,KO
2025-10-06,9:30:08.755267311,T,66.44,700,66.48,600,KO
2025-10-06,9:30:08.755292571,T,66.45,200,66.48,600,KO
2025-10-06,9:30:08.755322500,T,66.45,600,66.48,600,KO
2025-10-06,9:30:08.755322500,T,66.45,600,66.48,400,KO
2025-10-06,9:30:08.755327437,T,66.45,800,66.48,400,KO
2025-10-06,9:30:08.755402641,T,66.45,800,66.49,600,KO
2025-10-06,9:30:08.755447715,T,66.46,400,66.49,600,KO
2025-10-06,9:30:08.755452734,T,66.46,600,66.49,600,KO
2025-10-06,9:30:08.755628164,T,66.46,600,66.49,400,KO
2025-10-06,9:30:08.755889047,T,66.46,600,66.49,500,KO
2025-10-06,9:30:08.755893786,T,66.46,500,66.49,500,KO
2025-10-06,9:30:08.755928913,T,66.46,200,66.49,500,KO
2025-10-06,9:30:08.755928913,T,66.45,800,66.49,500,KO
2025-10-06,9:30:08.755959030,T,66.45,800,66.49,400,KO
2025-10-06,9:30:08.755959030,T,66.45,800,66.48,100,KO
2025-10-06,9:30:08.755974165,T,66.45,800,66.48,300,KO
2025-10-06,9:30:08.755984388,T,66.45,800,66.47,100,KO
2025-10-06,9:30:08.755994021,T,66.46,200,66.47,100,KO
2025-10-06,9:30:08.756114395,T,66.46,200,66.49,700,KO
2025-10-06,9:30:08.756139369,T,66.46,200,66.47,100,KO
2025-10-06,9:30:08.756389971,T,66.45,800,66.47,100,KO
2025-10-06,9:30:08.756445152,T,66.45,400,66.47,100,KO
2025-10-06,9:30:08.775290063,T,66.45,200,66.47,100,KO
2025-10-06,9:30:08.846183879,T,66.45,600,66.47,100,KO
2025-10-06,9:30:09.091052097,T,66.45,200,66.47,100,KO
2025-10-06,9:30:09.091082196,T,66.44,600,66.47,100,KO
2025-10-06,9:30:09.359115467,T,66.44,600,66.47,200,KO
2025-10-06,9:30:09.833675903,T,66.44,900,66.47,200,KO
2025-10-06,9:30:09.834091912,T,66.44,900,66.47,100,KO
2025-10-06,9:30:10.727058761,T,66.45,100,66.47,100,KO
2025-10-06,9:30:10.727088807,T,66.45,300,66.47,100,KO
2025-10-06,9:30:10.727093886,T,66.45,700,66.47,100,KO
2025-10-06,9:30:10.730897876,T,66.45,300,66.47,100,KO
2025-10-06,9:30:10.800819393,T,66.45,100,66.47,100,KO
2025-10-06,9:30:10.948892093,T,66.45,500,66.47,100,KO
2025-10-06,9:30:10.948892093,T,66.45,700,66.47,100,KO
2025-10-06,9:30:10.983018387,T,66.45,700,66.49,600,KO
2025-10-06,9:30:10.983038435,T,66.46,200,66.49,600,KO
2025-10-06,9:30:10.983043449,T,66.46,300,66.49,600,KO
2025-10-06,9:30:10.983053502,T,66.46,700,66.49,600,KO
2025-10-06,9:30:10.983073481,T,66.46,900,66.49,600,KO
2025-10-06,9:30:10.983544649,T,66.47,100,66.49,600,KO
2025-10-06,9:30:11.079378026,T,66.47,500,66.49,600,KO
2025-10-06,9:30:11.079378026,T,66.47,500,66.49,400,KO
2025-10-06,9:30:11.079382870,T,66.47,700,66.49,400,KO
2025-10-06,9:30:11.079463118,T,66.47,700,66.5,400,KO
2025-10-06,9:30:11.080896519,T,66.48,200,66.5,400,KO
2025-10-06,9:30:11.080926555,T,66.49,100,66.5,400,KO
2025-10-06,9:30:11.281649642,T,66.49,100,66.52,600,KO
2025-10-06,9:30:11.484557944,T,66.48,600,66.52,600,KO
2025-10-06,9:30:11.487189196,T,66.49,100,66.52,600,KO
2025-10-06,9:30:11.487565125,T,66.48,600,66.52,600,KO
2025-10-06,9:30:11.487590170,T,66.48,700,66.52,600,KO
2025-10-06,9:30:11.499709019,T,66.49,100,66.52,600,KO
2025-10-06,9:30:11.500305382,T,66.48,600,66.52,600,KO
2025-10-06,9:30:11.500330442,T,66.48,700,66.52,600,KO
2025-10-06,9:30:11.500671332,T,66.49,100,66.52,600,KO
2025-10-06,9:30:11.577970391,T,66.48,600,66.52,600,KO
2025-10-06,9:30:11.577995465,T,66.48,700,66.52,600,KO
2025-10-06,9:30:11.578050597,T,66.49,100,66.52,600,KO
2025-10-06,9:30:12.099126577,T,66.48,300,66.52,600,KO
2025-10-06,9:30:12.099146716,T,66.48,300,66.51,100,KO
2025-10-06,9:30:12.099151681,T,66.48,300,66.51,200,KO
2025-10-06,9:30:12.099161687,T,66.48,300,66.51,300,KO
2025-10-06,9:30:12.099176666,T,66.48,300,66.51,200,KO
2025-10-06,9:30:12.099372125,T,66.48,100,66.51,200,KO
2025-10-06,9:30:12.099652890,T,66.47,600,66.51,200,KO
2025-10-06,9:30:12.099662846,T,66.47,200,66.51,200,KO
2025-10-06,9:30:12.099677853,T,66.47,300,66.51,200,KO
2025-10-06,9:30:12.099687909,T,66.47,100,66.51,200,KO
2025-10-06,9:30:12.100118992,T,66.46,600,66.51,200,KO
2025-10-06,9:30:12.100139047,T,66.46,600,66.49,200,KO
2025-10-06,9:30:12.100144048,T,66.46,700,66.49,200,KO
2025-10-06,9:30:12.100149075,T,66.46,300,66.49,200,KO
2025-10-06,9:30:12.100174098,T,66.46,100,66.49,200,KO
2025-10-06,9:30:12.100565066,T,66.46,100,66.49,300,KO
2025-10-06,9:30:12.305703643,T,66.46,100,66.49,100,KO
2025-10-06,9:30:12.802622170,T,66.46,100,66.5,200,KO
2025-10-06,9:30:12.806275847,T,66.46,100,66.52,600,KO
2025-10-06,9:30:12.806280825,T,66.46,500,66.52,600,KO
2025-10-06,9:30:12.806280825,T,66.46,700,66.52,600,KO
2025-10-06,9:30:12.806315868,T,66.47,200,66.52,600,KO
2025-10-06,9:30:12.806321177,T,66.47,600,66.52,600,KO
2025-10-06,9:30:12.806325987,T,66.48,100,66.52,600,KO
2025-10-06,9:30:13.422744220,T,66.48,300,66.52,600,KO
2025-10-06,9:30:13.422744220,T,66.48,700,66.52,600,KO
2025-10-06,9:30:13.423039900,T,66.49,400,66.52,600,KO
2025-10-06,9:30:13.423039900,T,66.49,600,66.52,600,KO
2025-10-06,9:30:13.439228495,T,66.49,200,66.52,600,KO
2025-10-06,9:30:13.665151577,T,66.48,700,66.52,600,KO
2025-10-06,9:30:13.665171596,T,66.48,700,66.5,100,KO
2025-10-06,9:30:13.665447285,T,66.48,300,66.5,100,KO
2025-10-06,9:30:13.665452660,T,66.48,200,66.5,100,KO
2025-10-06,9:30:13.665452660,T,66.47,600,66.5,100,KO
2025-10-06,9:30:13.665482671,T,66.47,700,66.5,100,KO
2025-10-06,9:30:13.665492328,T,66.47,700,66.5,300,KO
2025-10-06,9:30:13.665542413,T,66.47,300,66.5,300,KO
2025-10-06,9:30:13.665833125,T,66.47,300,66.5,400,KO
2025-10-06,9:30:13.665848190,T,66.47,300,66.49,200,KO
2025-10-06,9:30:13.665848190,T,66.47,100,66.49,200,KO
2025-10-06,9:30:13.666033611,T,66.46,600,66.49,200,KO
2025-10-06,9:30:13.666093763,T,66.46,700,66.49,200,KO
2025-10-06,9:30:13.666113775,T,66.46,300,66.49,200,KO
2025-10-06,9:30:13.666113775,T,66.46,100,66.49,200,KO
2025-10-06,9:30:13.666138904,T,66.45,600,66.49,200,KO
2025-10-06,9:30:13.666148881,T,66.45,600,66.48,200,KO
2025-10-06,9:30:13.666148881,T,66.45,600,66.48,300,KO
2025-10-06,9:30:13.666620066,T,66.45,600,66.47,100,KO
2025-10-06,9:30:13.666650049,T,66.45,200,66.47,100,KO
2025-10-06,9:30:14.657459927,T,66.45,200,66.48,300,KO
2025-10-06,9:30:14.657525027,T,66.45,300,66.48,300,KO
2025-10-06,9:30:14.657795749,T,66.46,100,66.48,300,KO
2025-10-06,9:30:14.658281848,T,66.46,100,66.48,100,KO
2025-10-06,9:30:14.798480793,T,66.46,100,66.48,200,KO
2025-10-06,9:30:15.122583015,T,66.44,900,66.48,200,KO
2025-10-06,9:30:15.122612823,T,66.44,1000,66.48,200,KO
2025-10-06,9:30:15.122622836,T,66.44,1000,66.48,400,KO
2025-10-06,9:30:15.122647801,T,66.44,1000,66.47,100,KO
2025-10-06,9:30:15.122657853,T,66.45,100,66.47,100,KO
2025-10-06,9:30:16.585587298,T,66.45,100,66.48,400,KO
2025-10-06,9:30:16.585602386,T,66.46,200,66.48,400,KO
2025-10-06,9:30:16.585607315,T,66.46,300,66.48,400,KO
2025-10-06,9:30:16.586063579,T,66.46,300,66.48,200,KO
2025-10-06,9:30:16.586063579,T,66.47,100,66.48,200,KO
2025-10-06,9:30:16.586148653,T,66.47,100,66.48,100,KO
2025-10-06,9:30:16.765124910,T,66.47,100,66.49,400,KO
2025-10-06,9:30:16.765160018,T,66.47,300,66.49,400,KO
2025-10-06,9:30:16.765160018,T,66.47,700,66.49,400,KO
2025-10-06,9:30:16.765184993,T,66.47,700,66.5,600,KO
2025-10-06,9:30:16.765195114,T,66.47,800,66.5,600,KO
2025-10-06,9:30:16.765220178,T,66.47,800,66.5,400,KO
2025-10-06,9:30:16.765350481,T,66.48,100,66.5,400,KO
2025-10-06,9:30:16.765375517,T,66.48,200,66.5,400,KO
2025-10-06,9:30:16.771565238,T,66.48,100,66.5,400,KO
2025-10-06,9:30:17.067675456,T,66.48,200,66.5,400,KO
2025-10-06,9:30:17.067675456,T,66.48,400,66.5,400,KO
2025-10-06,9:30:17.067785720,T,66.49,100,66.5,400,KO
2025-10-06,9:30:17.067810741,T,66.49,200,66.5,400,KO
2025-10-06,9:30:17.067996256,T,66.49,100,66.5,400,KO
2025-10-06,9:30:17.067996256,T,66.48,200,66.5,400,KO
2025-10-06,9:30:17.068021271,T,66.48,300,66.5,400,KO
2025-10-06,9:30:17.068602650,T,66.49,100,66.5,400,KO
2025-10-06,9:30:17.068627769,T,66.48,300,66.5,400,KO
2025-10-06,9:30:17.242717340,T,66.48,500,66.5,400,KO
2025-10-06,9:30:17.972415233,T,66.48,300,66.5,400,KO
2025-10-06,9:30:18.471814776,T,66.48,400,66.5,400,KO
2025-10-06,9:30:20.118481689,T,66.48,300,66.5,400,KO
2025-10-06,9:30:20.118481689,T,66.48,200,66.5,400,KO
2025-10-06,9:30:20.118501598,T,66.48,100,66.5,400,KO
2025-10-06,9:30:20.118501598,T,66.47,600,66.5,400,KO
2025-10-06,9:30:20.118521665,T,66.47,600,66.49,100,KO
2025-10-06,9:30:20.118521665,T,66.47,600,66.49,200,KO
2025-10-06,9:30:20.118541698,T,66.47,700,66.49,200,KO
2025-10-06,9:30:20.118551754,T,66.47,300,66.49,200,KO
2025-10-06,9:30:20.118757190,T,66.47,300,66.49,400,KO
2025-10-06,9:30:20.118947688,T,66.47,300,66.49,500,KO
2025-10-06,9:30:20.118972756,T,66.47,100,66.49,500,KO
2025-10-06,9:30:20.118972756,T,66.46,600,66.49,500,KO
2025-10-06,9:30:20.118997858,T,66.46,700,66.49,500,KO
2025-10-06,9:30:20.119027874,T,66.47,100,66.49,500,KO
2025-10-06,9:30:20.119143301,T,66.46,600,66.49,500,KO
2025-10-06,9:30:20.119188921,T,66.47,100,66.49,500,KO
2025-10-06,9:30:20.119243351,T,66.46,600,66.49,500,KO
2025-10-06,9:30:20.119358682,T,66.46,700,66.49,500,KO
2025-10-06,9:30:20.119373669,T,66.46,300,66.49,500,KO
2025-10-06,9:30:20.119413776,T,66.46,100,66.49,500,KO
2025-10-06,9:30:20.119579250,T,66.46,100,66.49,400,KO
2025-10-06,9:30:20.120366038,T,66.46,100,66.49,300,KO
2025-10-06,9:30:20.130735794,T,66.46,100,66.49,200,KO
2025-10-06,9:30:20.343913546,T,66.45,700,66.49,200,KO
2025-10-06,9:30:20.343933871,T,66.45,700,66.48,100,KO
2025-10-06,9:30:20.343938598,T,66.45,700,66.48,200,KO
2025-10-06,9:30:20.343938598,T,66.45,800,66.48,200,KO
2025-10-06,9:30:20.343963600,T,66.45,800,66.48,100,KO
2025-10-06,9:30:20.344429759,T,66.45,400,66.48,100,KO
2025-10-06,9:30:20.344429759,T,66.45,200,66.48,100,KO
2025-10-06,9:30:20.345011109,T,66.45,100,66.48,100,KO
2025-10-06,9:30:20.345016079,T,66.44,600,66.48,100,KO
2025-10-06,9:30:20.345036211,T,66.44,600,66.46,200,KO
2025-10-06,9:30:20.346895611,T,66.44,600,66.49,200,KO
2025-10-06,9:30:20.346915668,T,66.44,600,66.49,100,KO
2025-10-06,9:30:20.346920683,T,66.44,600,66.5,600,KO
2025-10-06,9:30:20.501072756,T,66.45,100,66.5,600,KO
2025-10-06,9:30:20.517441780,T,66.44,600,66.5,600,KO
2025-10-06,9:30:20.593573096,T,66.45,400,66.5,600,KO
2025-10-06,9:30:20.665529497,T,66.44,600,66.5,600,KO
2025-10-06,9:30:21.195832533,T,66.45,400,66.5,600,KO
2025-10-06,9:30:21.195867642,T,66.45,500,66.5,600,KO
2025-10-06,9:30:21.195912846,T,66.45,400,66.5,600,KO
2025-10-06,9:30:21.320469404,T,66.45,600,66.5,600,KO
2025-10-06,9:30:21.320509449,T,66.46,400,66.5,600,KO
2025-10-06,9:30:21.648886613,T,66.46,600,66.5,600,KO
2025-10-06,9:30:21.652269673,T,66.47,100,66.5,600,KO
2025-10-06,9:30:21.652304725,T,66.47,500,66.5,600,KO
2025-10-06,9:30:21.652364953,T,66.47,700,66.5,600,KO
2025-10-06,9:30:21.652425122,T,66.47,700,66.5,400,KO
2025-10-06,9:30:21.860756207,T,66.47,500,66.5,400,KO
2025-10-06,9:30:21.860836407,T,66.47,100,66.5,400,KO
2025-10-06,9:30:21.860866515,T,66.46,600,66.5,400,KO
2025-10-06,9:30:24.237026131,T,66.46,200,66.5,400,KO
2025-10-06,9:30:24.237357035,T,66.45,600,66.5,400,KO
2025-10-06,9:30:24.861082479,T,66.45,600,66.5,500,KO
2025-10-06,9:30:25.121046663,T,66.45,700,66.5,500,KO
2025-10-06,9:30:27.419125011,T,66.45,500,66.5,500,KO
2025-10-06,9:30:27.419130046,T,66.45,100,66.5,500,KO
2025-10-06,9:30:28.321153504,T,66.44,600,66.5,500,KO
2025-10-06,9:30:28.321855058,T,66.44,600,66.5,400,KO
2025-10-06,9:30:28.324461227,T,66.44,600,66.5,300,KO
2025-10-06,9:30:28.324486343,T,66.47,100,66.5,300,KO
2025-10-06,9:30:28.325057712,T,66.47,100,66.5,200,KO
2025-10-06,9:30:28.325087734,T,66.47,500,66.5,200,KO
2025-10-06,9:30:28.325092789,T,66.47,500,66.52,600,KO
2025-10-06,9:30:28.325132839,T,66.47,700,66.52,600,KO
2025-10-06,9:30:28.325598965,T,66.47,300,66.52,600,KO
2025-10-06,9:30:28.325598965,T,66.47,300,66.5,200,KO
2025-10-06,9:30:28.325619418,T,66.47,200,66.5,200,KO
2025-10-06,9:30:28.325619418,T,66.47,200,66.5,300,KO
2025-10-06,9:30:28.325629014,T,66.45,700,66.5,300,KO
2025-10-06,9:30:28.326009921,T,66.45,600,66.5,300,KO
2025-10-06,9:30:28.708375716,T,66.46,400,66.5,300,KO
2025-10-06,9:30:28.708405720,T,66.46,500,66.5,300,KO
2025-10-06,9:30:28.708626309,T,66.46,400,66.5,300,KO
2025-10-06,9:30:28.866462189,T,66.46,600,66.5,300,KO
2025-10-06,9:30:28.866462189,T,66.48,100,66.5,300,KO
2025-10-06,9:30:28.866487276,T,66.46,600,66.5,300,KO
2025-10-06,9:30:28.866487276,T,66.46,700,66.5,300,KO
2025-10-06,9:30:28.866507247,T,66.46,700,66.49,100,KO
2025-10-06,9:30:28.866507247,T,66.46,700,66.49,200,KO
2025-10-06,9:30:28.866567413,T,66.46,700,66.49,300,KO
2025-10-06,9:30:28.867820483,T,66.46,600,66.49,300,KO
2025-10-06,9:30:28.873544064,T,66.46,600,66.49,200,KO
2025-10-06,9:30:28.943866531,T,66.46,600,66.49,100,KO
2025-10-06,9:30:28.945214784,T,66.46,600,66.49,200,KO
2025-10-06,9:30:29.617606354,T,66.46,400,66.49,200,KO
2025-10-06,9:30:29.617826856,T,66.46,400,66.49,100,KO
2025-10-06,9:30:30.330950378,T,66.45,600,66.49,100,KO
2025-10-06,9:30:30.330960312,T,66.45,600,66.49,300,KO
2025-10-06,9:30:30.330965759,T,66.45,600,66.47,200,KO
2025-10-06,9:30:30.330965759,T,66.45,600,66.47,300,KO
2025-10-06,9:30:30.331015485,T,66.45,600,66.47,400,KO
2025-10-06,9:30:30.331015485,T,66.45,600,66.47,600,KO
2025-10-06,9:30:30.331020520,T,66.45,600,66.47,700,KO
2025-10-06,9:30:30.331256048,T,66.45,200,66.47,700,KO
2025-10-06,9:30:30.331256048,T,66.44,600,66.47,700,KO
2025-10-06,9:30:30.331356254,T,66.44,600,66.47,1100,KO
2025-10-06,9:30:30.331411414,T,66.44,600,66.47,1000,KO
2025-10-06,9:30:30.331426497,T,66.44,600,66.46,400,KO
2025-10-06,9:30:30.331431523,T,66.44,600,66.46,500,KO
2025-10-06,9:30:30.331471589,T,66.44,600,66.46,700,KO
2025-10-06,9:30:30.331867483,T,66.44,400,66.46,700,KO
2025-10-06,9:30:30.332624343,T,66.43,600,66.46,700,KO
2025-10-06,9:30:30.742084557,T,66.43,600,66.46,300,KO
2025-10-06,9:30:30.942045818,T,66.44,400,66.46,300,KO
2025-10-06,9:30:30.942075966,T,66.43,600,66.46,300,KO
2025-10-06,9:30:30.942095962,T,66.43,600,66.45,100,KO
2025-10-06,9:30:30.942101049,T,66.43,600,66.45,200,KO
2025-10-06,9:30:30.942141068,T,66.43,400,66.45,200,KO
2025-10-06,9:30:30.942166202,T,66.43,400,66.45,300,KO
2025-10-06,9:30:30.942206233,T,66.43,400,66.45,700,KO
2025-10-06,9:30:30.942211376,T,66.43,400,66.45,900,KO
2025-10-06,9:30:30.942251400,T,66.42,600,66.45,900,KO
2025-10-06,9:30:30.942336496,T,66.42,600,66.45,1000,KO
2025-10-06,9:30:30.942547346,T,66.42,600,66.44,400,KO
2025-10-06,9:30:30.942592199,T,66.42,600,66.45,900,KO
2025-10-06,9:30:30.942597610,T,66.42,600,66.44,100,KO
2025-10-06,9:30:30.942807618,T,66.42,600,66.44,300,KO
2025-10-06,9:30:30.942812720,T,66.42,600,66.44,700,KO
2025-10-06,9:30:30.942888114,T,66.42,400,66.44,700,KO
2025-10-06,9:30:30.942923013,T,66.41,600,66.44,700,KO
2025-10-06,9:30:30.943298810,T,66.42,100,66.44,700,KO
2025-10-06,9:30:30.943309162,T,66.42,200,66.44,700,KO
2025-10-06,9:30:30.943313875,T,66.42,600,66.44,700,KO
2025-10-06,9:30:30.943484616,T,66.42,600,66.44,600,KO
2025-10-06,9:30:30.943494295,T,66.42,700,66.44,600,KO
2025-10-06,9:30:30.943514351,T,66.42,700,66.43,100,KO
2025-10-06,9:30:30.943514351,T,66.42,300,66.43,100,KO
2025-10-06,9:30:30.944286270,T,66.42,200,66.43,100,KO
2025-10-06,9:30:30.944291259,T,66.42,100,66.43,100,KO
2025-10-06,9:30:30.944291259,T,66.41,800,66.43,100,KO
2025-10-06,9:30:30.944311609,T,66.41,800,66.43,200,KO
2025-10-06,9:30:30.944326276,T,66.41,800,66.43,600,KO
2025-10-06,9:30:30.944376418,T,66.41,600,66.43,600,KO
2025-10-06,9:30:30.944762326,T,66.41,200,66.43,600,KO
2025-10-06,9:30:30.944867631,T,66.41,200,66.43,500,KO
2025-10-06,9:30:30.945905093,T,66.41,100,66.43,500,KO
2025-10-06,9:30:30.945905093,T,66.4,600,66.43,500,KO
2025-10-06,9:30:30.945925053,T,66.4,600,66.42,100,KO
2025-10-06,9:30:30.945940170,T,66.4,600,66.42,300,KO
2025-10-06,9:30:30.945940170,T,66.4,600,66.42,700,KO
2025-10-06,9:30:30.945975257,T,66.4,600,66.42,800,KO
2025-10-06,9:30:30.946155755,T,66.4,400,66.42,800,KO
2025-10-06,9:30:30.946476453,T,66.39,600,66.42,800,KO
2025-10-06,9:30:30.946486455,T,66.39,600,66.42,700,KO
2025-10-06,9:30:30.946691987,T,66.39,600,66.42,600,KO
2025-10-06,9:30:30.946722054,T,66.39,600,66.41,100,KO
2025-10-06,9:30:30.946997690,T,66.39,600,66.41,500,KO
2025-10-06,9:30:30.947127925,T,66.4,100,66.41,500,KO
2025-10-06,9:30:30.947132933,T,66.4,100,66.41,100,KO
2025-10-06,9:30:30.947153054,T,66.4,100,66.42,600,KO
2025-10-06,9:30:30.947168091,T,66.4,200,66.42,600,KO
2025-10-06,9:30:30.947173049,T,66.4,400,66.42,600,KO
2025-10-06,9:30:30.947173049,T,66.4,800,66.42,600,KO
2025-10-06,9:30:30.947243188,T,66.4,800,66.42,400,KO
2025-10-06,9:30:30.947403570,T,66.4,800,66.43,700,KO
2025-10-06,9:30:30.947428678,T,66.4,800,66.43,600,KO
2025-10-06,9:30:30.947488818,T,66.41,100,66.43,600,KO
2025-10-06,9:30:30.947959963,T,66.4,700,66.43,600,KO
2025-10-06,9:30:30.947979953,T,66.4,700,66.42,100,KO
2025-10-06,9:30:30.947979953,T,66.4,700,66.42,200,KO
2025-10-06,9:30:30.948536665,T,66.4,700,66.42,100,KO
2025-10-06,9:30:30.955041872,T,66.4,700,66.43,600,KO
2025-10-06,9:30:30.960620145,T,66.4,600,66.43,600,KO
2025-10-06,9:30:30.972949418,T,66.4,600,66.43,400,KO
2025-10-06,9:30:31.204691406,T,66.4,600,66.44,600,KO
2025-10-06,9:30:31.205237739,T,66.4,600,66.44,400,KO
2025-10-06,9:30:31.205578454,T,66.41,100,66.44,400,KO
2025-10-06,9:30:31.667669029,T,66.4,600,66.44,400,KO
2025-10-06,9:30:31.745454339,T,66.41,100,66.44,400,KO
2025-10-06,9:30:31.745484399,T,66.41,200,66.44,400,KO
2025-10-06,9:30:32.166326745,T,66.41,100,66.44,400,KO
2025-10-06,9:30:32.166416983,T,66.4,600,66.44,400,KO
2025-10-06,9:30:32.166427608,T,66.42,100,66.44,400,KO
2025-10-06,9:30:32.166427608,T,66.42,200,66.44,400,KO
2025-10-06,9:30:32.166913118,T,66.42,200,66.45,600,KO
2025-10-06,9:30:32.170406480,T,66.42,100,66.45,600,KO
2025-10-06,9:30:32.173684241,T,66.41,400,66.45,600,KO
2025-10-06,9:30:34.631748873,T,66.41,400,66.45,400,KO
2025-10-06,9:30:35.481307275,T,66.41,400,66.45,500,KO
2025-10-06,9:30:38.038678482,T,66.41,400,66.44,100,KO
2025-10-06,9:30:38.038678482,T,66.41,400,66.44,200,KO
2025-10-06,9:30:38.038683520,T,66.41,500,66.44,200,KO
2025-10-06,9:30:38.038688572,T,66.41,200,66.44,200,KO
2025-10-06,9:30:38.038693763,T,66.41,100,66.44,200,KO
2025-10-06,9:30:38.038698513,T,66.4,600,66.44,200,KO
2025-10-06,9:30:38.038708576,T,66.4,600,66.44,100,KO
2025-10-06,9:30:38.038713659,T,66.4,600,66.44,200,KO
2025-10-06,9:30:38.038718668,T,66.4,600,66.42,100,KO
2025-10-06,9:30:38.038723666,T,66.4,600,66.42,200,KO
2025-10-06,9:30:38.038723666,T,66.4,600,66.42,300,KO
2025-10-06,9:30:38.038728638,T,66.4,400,66.42,300,KO
2025-10-06,9:30:38.038738643,T,66.39,600,66.42,300,KO
2025-10-06,9:30:38.038758722,T,66.39,600,66.42,700,KO
2025-10-06,9:30:38.038773802,T,66.4,100,66.42,700,KO
2025-10-06,9:30:38.039124558,T,66.4,100,66.42,300,KO
2025-10-06,9:30:38.039194741,T,66.4,100,66.42,700,KO
2025-10-06,9:30:38.039244867,T,66.4,100,66.42,600,KO
2025-10-06,9:30:38.039355087,T,66.4,100,66.42,700,KO
2025-10-06,9:30:38.039706293,T,66.39,600,66.42,700,KO
2025-10-06,9:30:38.039726411,T,66.39,600,66.41,100,KO
2025-10-06,9:30:38.039731043,T,66.39,600,66.41,200,KO
2025-10-06,9:30:38.039731043,T,66.39,600,66.41,300,KO
2025-10-06,9:30:38.039741003,T,66.39,400,66.41,300,KO
2025-10-06,9:30:38.039966558,T,66.39,400,66.41,700,KO
2025-10-06,9:30:38.040177050,T,66.38,600,66.41,700,KO
2025-10-06,9:30:38.040287407,T,66.38,600,66.41,600,KO
2025-10-06,9:30:38.040948957,T,66.38,600,66.41,500,KO
2025-10-06,9:30:38.237321566,T,66.38,600,66.41,100,KO
2025-10-06,9:30:38.237336648,T,66.38,600,66.42,800,KO
2025-10-06,9:30:38.298757883,T,66.38,600,66.42,700,KO
2025-10-06,9:30:38.299304534,T,66.38,600,66.41,100,KO
2025-10-06,9:30:38.299304534,T,66.38,600,66.41,500,KO
2025-10-06,9:30:38.299419501,T,66.38,600,66.41,700,KO
2025-10-06,9:30:38.299860476,T,66.38,600,66.41,600,KO
2025-10-06,9:30:38.299875530,T,66.38,400,66.41,600,KO
2025-10-06,9:30:38.607959275,T,66.37,600,66.41,600,KO
2025-10-06,9:30:38.607979301,T,66.37,600,66.41,700,KO
2025-10-06,9:30:39.039116139,T,66.38,300,66.41,700,KO
2025-10-06,9:30:39.050287754,T,66.38,300,66.41,500,KO
2025-10-06,9:30:39.128183283,T,66.38,300,66.41,100,KO
2025-10-06,9:30:39.128213409,T,66.38,700,66.41,100,KO
2025-10-06,9:30:39.674109016,T,66.38,400,66.41,100,KO
2025-10-06,9:30:39.674113954,T,66.37,600,66.41,100,KO
2025-10-06,9:30:39.674133661,T,66.37,600,66.4,100,KO
2025-10-06,9:30:39.674133661,T,66.37,600,66.39,100,KO
2025-10-06,9:30:39.674138705,T,66.37,600,66.39,200,KO
2025-10-06,9:30:39.674173675,T,66.37,400,66.39,200,KO
2025-10-06,9:30:39.674364175,T,66.37,400,66.39,600,KO
2025-10-06,9:30:39.674659876,T,66.35,600,66.39,600,KO
2025-10-06,9:30:39.674965575,T,66.35,600,66.39,700,KO
2025-10-06,9:30:39.675672338,T,66.37,100,66.39,700,KO
2025-10-06,9:30:39.675727457,T,66.37,100,66.39,300,KO
2025-10-06,9:30:39.675767583,T,66.37,500,66.39,300,KO
2025-10-06,9:30:39.675782887,T,66.38,100,66.39,300,KO
2025-10-06,9:30:39.675782887,T,66.38,500,66.39,300,KO
2025-10-06,9:30:39.675807608,T,66.38,500,66.39,200,KO
2025-10-06,9:30:39.675907866,T,66.38,500,66.39,100,KO
2025-10-06,9:30:39.676003111,T,66.38,600,66.39,100,KO
2025-10-06,9:30:39.676023181,T,66.38,800,66.39,100,KO
2025-10-06,9:30:39.676058255,T,66.38,700,66.39,100,KO
2025-10-06,9:30:39.676484544,T,66.38,700,66.4,500,KO
2025-10-06,9:30:39.676509406,T,66.39,100,66.4,500,KO
2025-10-06,9:30:39.676509406,T,66.39,200,66.4,500,KO
2025-10-06,9:30:39.676519264,T,66.39,200,66.4,400,KO
2025-10-06,9:30:39.676524325,T,66.39,200,66.4,200,KO
2025-10-06,9:30:39.676539327,T,66.39,200,66.41,700,KO
2025-10-06,9:30:39.676554451,T,66.39,200,66.41,600,KO
2025-10-06,9:30:39.677065624,T,66.39,100,66.41,600,KO
2025-10-06,9:30:39.679867247,T,66.38,700,66.41,600,KO
2025-10-06,9:30:39.684829082,T,66.38,600,66.41,600,KO
2025-10-06,9:30:39.694817942,T,66.38,600,66.41,400,KO
2025-10-06,9:30:39.912726950,T,66.38,600,66.42,600,KO
2025-10-06,9:30:40.020438416,T,66.38,600,66.42,400,KO
2025-10-06,9:30:40.599617861,T,66.38,400,66.42,400,KO
2025-10-06,9:30:40.674561312,T,66.38,700,66.42,400,KO
2025-10-06,9:30:42.028887112,T,66.38,600,66.42,400,KO
2025-10-06,9:30:42.029363222,T,66.38,200,66.42,400,KO
2025-10-06,9:30:42.088985132,T,66.37,600,66.42,400,KO
2025-10-06,9:30:42.089005243,T,66.37,600,66.39,200,KO
2025-10-06,9:30:42.089055309,T,66.37,400,66.39,200,KO
2025-10-06,9:30:42.089285868,T,66.37,400,66.39,600,KO
2025-10-06,9:30:42.089315966,T,66.35,600,66.39,600,KO
2025-10-06,9:30:42.090769461,T,66.35,600,66.39,400,KO
2025-10-06,9:30:42.189053543,T,66.35,600,66.4,400,KO
2025-10-06,9:30:42.289081768,T,66.35,600,66.41,400,KO
2025-10-06,9:30:42.289086705,T,66.35,600,66.42,400,KO
2025-10-06,9:30:43.013582236,T,66.35,600,66.41,100,KO
2025-10-06,9:30:43.013592272,T,66.35,600,66.39,200,KO
2025-10-06,9:30:43.013617400,T,66.35,600,66.39,600,KO
2025-10-06,9:30:43.190042561,T,66.35,600,66.39,200,KO
2025-10-06,9:30:43.190067739,T,66.35,600,66.41,700,KO
2025-10-06,9:30:44.199592431,T,66.35,600,66.4,100,KO
2025-10-06,9:30:44.199607472,T,66.35,600,66.4,200,KO
2025-10-06,9:30:44.199612293,T,66.35,600,66.4,300,KO
2025-10-06,9:30:44.199612293,T,66.35,600,66.38,100,KO
2025-10-06,9:30:44.199772668,T,66.35,600,66.38,500,KO
2025-10-06,9:30:44.200083389,T,66.35,600,66.38,700,KO
2025-10-06,9:30:44.200278810,T,66.35,700,66.38,700,KO
2025-10-06,9:30:44.209951860,T,66.35,700,66.37,400,KO
2025-10-06,9:30:44.214287159,T,66.35,700,66.38,700,KO
2025-10-06,9:30:44.214397506,T,66.35,700,66.37,400,KO
2025-10-06,9:30:44.214437589,T,66.35,500,66.37,400,KO
2025-10-06,9:30:44.214482700,T,66.35,100,66.37,400,KO
2025-10-06,9:30:44.818576384,T,66.35,100,66.38,700,KO
2025-10-06,9:30:44.818581427,T,66.35,500,66.38,700,KO
2025-10-06,9:30:44.818596398,T,66.35,500,66.38,600,KO
2025-10-06,9:30:45.172168580,T,66.35,100,66.38,600,KO
2025-10-06,9:30:45.240481222,T,66.35,100,66.36,100,KO
2025-10-06,9:30:45.240511370,T,66.34,600,66.36,100,KO
2025-10-06,9:30:45.240546360,T,66.34,600,66.36,500,KO
2025-10-06,9:30:45.240576435,T,66.34,400,66.36,500,KO
2025-10-06,9:30:45.240902217,T,66.34,400,66.36,700,KO
2025-10-06,9:30:45.242024878,T,66.32,700,66.36,700,KO
2025-10-06,9:30:45.303957448,T,66.34,400,66.36,700,KO
2025-10-06,9:30:45.303962475,T,66.34,400,66.36,600,KO
2025-10-06,9:30:45.303987687,T,66.34,400,66.36,200,KO
2025-10-06,9:30:45.303992803,T,66.34,400,66.37,700,KO
2025-10-06,9:30:45.304002539,T,66.34,500,66.37,700,KO
2025-10-06,9:30:45.304002539,T,66.34,700,66.37,700,KO
2025-10-06,9:30:45.304002539,T,66.34,800,66.37,700,KO
2025-10-06,9:30:45.304007570,T,66.34,900,66.37,700,KO
2025-10-06,9:30:45.304017527,T,66.34,900,66.37,600,KO
2025-10-06,9:30:45.304017527,T,66.34,1100,66.37,600,KO
2025-10-06,9:30:45.304298206,T,66.34,1500,66.37,600,KO
2025-10-06,9:30:45.304403466,T,66.35,200,66.37,600,KO
2025-10-06,9:30:45.304403466,T,66.35,300,66.37,600,KO
2025-10-06,9:30:45.304408509,T,66.35,400,66.37,600,KO
2025-10-06,9:30:45.304408509,T,66.35,800,66.37,600,KO
2025-10-06,9:30:45.304438580,T,66.35,800,66.37,400,KO
2025-10-06,9:30:45.305060066,T,66.35,700,66.37,400,KO
2025-10-06,9:30:45.305766784,T,66.35,500,66.37,400,KO
2025-10-06,9:30:45.307170011,T,66.35,500,66.38,600,KO
2025-10-06,9:30:45.311039298,T,66.35,400,66.38,600,KO
2025-10-06,9:30:45.554108149,T,66.34,600,66.38,600,KO
2025-10-06,9:30:45.587382486,T,66.34,600,66.38,400,KO
2025-10-06,9:30:48.804018726,T,66.34,600,66.39,600,KO
2025-10-06,9:30:48.804018726,T,66.34,700,66.39,600,KO
2025-10-06,9:30:48.804018726,T,66.35,100,66.39,600,KO
2025-10-06,9:30:48.804018726,T,66.35,100,66.39,400,KO
2025-10-06,9:30:48.804034580,T,66.36,200,66.39,400,KO
2025-10-06,9:30:48.804068837,T,66.36,200,66.4,600,KO
2025-10-06,9:30:48.804093911,T,66.36,600,66.4,600,KO
2025-10-06,9:30:48.804098922,T,66.36,800,66.4,600,KO
2025-10-06,9:30:48.804489960,T,66.36,800,66.4,400,KO
2025-10-06,9:30:48.811065519,T,66.36,600,66.4,400,KO
2025-10-06,9:30:54.394774425,T,66.36,400,66.4,400,KO
2025-10-06,9:30:54.394949841,T,66.35,700,66.4,400,KO
2025-10-06,9:30:54.395155296,T,66.35,600,66.4,400,KO
2025-10-06,9:30:58.048642134,T,66.35,400,66.4,400,KO
2025-10-06,9:30:58.048642134,T,66.35,200,66.4,400,KO
2025-10-06,9:30:58.048647054,T,66.34,600,66.4,400,KO
2025-10-06,9:30:58.048662069,T,66.34,600,66.37,200,KO
2025-10-06,9:30:58.048717772,T,66.34,600,66.37,600,KO
2025-10-06,9:30:58.049037953,T,66.34,400,66.37,600,KO
2025-10-06,9:30:58.049173370,T,66.33,600,66.37,600,KO
2025-10-06,9:30:58.049709586,T,66.33,600,66.37,800,KO
2025-10-06,9:30:58.049734636,T,66.33,600,66.36,100,KO
2025-10-06,9:30:58.049754734,T,66.33,600,66.36,500,KO
2025-10-06,9:30:58.050290959,T,66.33,600,66.36,400,KO
2025-10-06,9:30:58.076132553,T,66.33,600,66.36,600,KO
2025-10-06,9:30:58.241837456,T,66.33,600,66.36,200,KO
2025-10-06,9:30:58.241842273,T,66.33,600,66.37,600,KO
2025-10-06,9:30:58.241852356,T,66.34,400,66.37,600,KO
2025-10-06,9:30:58.241862501,T,66.34,500,66.37,600,KO
2025-10-06,9:30:58.241862501,T,66.35,300,66.37,600,KO
2025-10-06,9:30:58.241862501,T,66.35,400,66.37,600,KO
2025-10-06,9:30:58.241877468,T,66.35,400,66.37,400,KO
2025-10-06,9:30:58.241877468,T,66.35,400,66.38,600,KO
2025-10-06,9:30:58.241882699,T,66.35,800,66.38,600,KO
2025-10-06,9:30:58.241907875,T,66.35,1000,66.38,600,KO
2025-10-06,9:30:58.242178033,T,66.35,1000,66.38,400,KO
2025-10-06,9:30:58.243706666,T,66.35,700,66.38,400,KO
2025-10-06,9:31:00.020538590,T,66.35,300,66.38,400,KO
2025-10-06,9:31:00.020558641,T,66.35,200,66.38,400,KO
2025-10-06,9:31:00.020603743,T,66.34,700,66.38,400,KO
2025-10-06,9:31:00.020824278,T,66.34,600,66.38,400,KO
2025-10-06,9:31:00.233145036,T,66.34,600,66.38,500,KO
2025-10-06,9:31:00.811201770,T,66.34,600,66.37,400,KO
2025-10-06,9:31:00.811327086,T,66.34,400,66.37,400,KO
2025-10-06,9:31:00.811332089,T,66.33,600,66.37,400,KO
2025-10-06,9:31:00.811452359,T,66.33,600,66.36,100,KO
2025-10-06,9:31:00.811487519,T,66.33,600,66.36,500,KO
2025-10-06,9:31:00.811758145,T,66.33,600,66.36,700,KO
2025-10-06,9:31:00.811908466,T,66.33,600,66.35,400,KO
2025-10-06,9:31:00.811943528,T,66.33,600,66.35,100,KO
2025-10-06,9:31:00.811978639,T,66.33,600,66.36,700,KO
2025-10-06,9:31:00.812008679,T,66.33,600,66.36,600,KO
2025-10-06,9:31:00.812083868,T,66.34,400,66.36,600,KO
2025-10-06,9:31:00.812785526,T,66.34,400,66.35,100,KO
2025-10-06,9:31:00.815747576,T,66.34,400,66.36,600,KO
2025-10-06,9:31:00.815782715,T,66.35,100,66.36,600,KO
2025-10-06,9:31:00.818534272,T,66.34,400,66.36,600,KO
2025-10-06,9:31:00.818554329,T,66.34,400,66.36,700,KO
2025-10-06,9:31:00.818614487,T,66.34,400,66.36,600,KO
2025-10-06,9:31:00.851046672,T,66.34,200,66.36,600,KO
2025-10-06,9:31:00.851071798,T,66.34,200,66.35,100,KO
2025-10-06,9:31:00.851106781,T,66.34,200,66.35,500,KO
2025-10-06,9:31:00.851377490,T,66.33,600,66.35,500,KO
2025-10-06,9:31:00.851447601,T,66.33,400,66.35,500,KO
2025-10-06,9:31:00.852620501,T,66.33,400,66.35,400,KO
2025-10-06,9:31:00.852620501,T,66.33,400,66.36,600,KO
2025-10-06,9:31:00.852630439,T,66.33,600,66.36,600,KO
2025-10-06,9:31:00.852645784,T,66.34,100,66.36,600,KO
2025-10-06,9:31:00.852645784,T,66.34,200,66.36,600,KO
2025-10-06,9:31:00.852645784,T,66.34,300,66.36,600,KO
2025-10-06,9:31:00.852655492,T,66.34,700,66.36,600,KO
2025-10-06,9:31:00.852665571,T,66.34,900,66.36,600,KO
2025-10-06,9:31:00.852936188,T,66.34,900,66.36,200,KO
2025-10-06,9:31:00.852946196,T,66.34,900,66.37,700,KO
2025-10-06,9:31:00.852966232,T,66.34,900,66.37,600,KO
2025-10-06,9:31:00.852971328,T,66.34,900,66.36,400,KO
2025-10-06,9:31:00.852976277,T,66.34,900,66.36,600,KO
2025-10-06,9:31:00.853201828,T,66.34,800,66.36,600,KO
2025-10-06,9:31:00.868633518,T,66.34,800,66.36,400,KO
2025-10-06,9:31:00.868663650,T,66.34,800,66.37,600,KO
2025-10-06,9:31:00.982790441,T,66.34,700,66.37,600,KO
2025-10-06,9:31:01.021377332,T,66.34,500,66.37,600,KO
2025-10-06,9:31:01.834995236,T,66.34,500,66.37,400,KO
2025-10-06,9:31:02.164615233,T,66.34,100,66.37,400,KO
2025-10-06,9:31:02.821093846,T,66.33,600,66.37,400,KO
2025-10-06,9:31:02.821113880,T,66.33,600,66.35,100,KO
2025-10-06,9:31:02.821344512,T,66.33,600,66.35,200,KO
2025-10-06,9:31:02.821670282,T,66.33,600,66.35,100,KO
2025-10-06,9:31:02.826922782,T,66.33,500,66.35,100,KO
2025-10-06,9:31:02.826952852,T,66.33,300,66.35,100,KO
2025-10-06,9:31:02.826957904,T,66.33,300,66.35,300,KO
2025-10-06,9:31:02.826957904,T,66.32,600,66.35,300,KO
2025-10-06,9:31:02.826962882,T,66.32,600,66.35,700,KO
2025-10-06,9:31:02.827243873,T,66.32,600,66.34,400,KO
2025-10-06,9:31:02.827278576,T,66.32,600,66.34,600,KO
2025-10-06,9:31:02.827760336,T,66.32,400,66.34,600,KO
2025-10-06,9:31:02.827774808,T,66.33,100,66.34,600,KO
2025-10-06,9:31:02.827774808,T,66.33,200,66.34,600,KO
2025-10-06,9:31:02.827779759,T,66.33,200,66.34,200,KO
2025-10-06,9:31:02.827800123,T,66.33,200,66.35,700,KO
2025-10-06,9:31:02.827809881,T,66.33,600,66.35,700,KO
2025-10-06,9:31:02.827925114,T,66.33,500,66.35,700,KO
2025-10-06,9:31:02.827925114,T,66.33,400,66.35,700,KO
2025-10-06,9:31:02.827925114,T,66.33,300,66.35,700,KO
2025-10-06,9:31:02.827945192,T,66.33,300,66.34,100,KO
2025-10-06,9:31:02.827955601,T,66.32,600,66.34,100,KO
2025-10-06,9:31:02.828010377,T,66.32,700,66.34,100,KO
2025-10-06,9:31:02.828010377,T,66.32,700,66.34,200,KO
2025-10-06,9:31:02.828020408,T,66.32,1100,66.34,200,KO
2025-10-06,9:31:02.828025380,T,66.32,1100,66.34,600,KO
2025-10-06,9:31:02.828040359,T,66.32,700,66.34,600,KO
2025-10-06,9:31:02.828055616,T,66.32,700,66.34,700,KO
2025-10-06,9:31:02.828060395,T,66.32,700,66.34,900,KO
2025-10-06,9:31:02.828190711,T,66.33,100,66.34,900,KO
2025-10-06,9:31:02.828210802,T,66.33,100,66.34,800,KO
2025-10-06,9:31:02.828606906,T,66.33,100,66.34,700,KO
2025-10-06,9:31:02.835538318,T,66.32,600,66.34,700,KO
2025-10-06,9:31:02.853982241,T,66.32,600,66.34,500,KO
2025-10-06,9:31:02.878059507,T,66.32,600,66.34,100,KO
2025-10-06,9:31:02.878069554,T,66.33,100,66.34,100,KO
2025-10-06,9:31:02.885582459,T,66.32,600,66.34,100,KO
2025-10-06,9:31:03.058724858,T,66.32,200,66.34,100,KO
2025-10-06,9:31:03.486744334,T,66.32,200,66.34,200,KO
2025-10-06,9:31:03.486779392,T,66.32,200,66.34,100,KO
2025-10-06,9:31:03.486779392,T,66.32,200,66.35,700,KO
2025-10-06,9:31:03.486799403,T,66.33,300,66.35,700,KO
2025-10-06,9:31:03.486799403,T,66.33,400,66.35,700,KO
2025-10-06,9:31:03.486804385,T,66.33,500,66.35,700,KO
2025-10-06,9:31:03.486839538,T,66.33,700,66.35,700,KO
2025-10-06,9:31:03.486849585,T,66.33,1100,66.35,700,KO
2025-10-06,9:31:03.487180265,T,66.33,1100,66.35,500,KO
2025-10-06,9:31:03.487215432,T,66.33,1100,66.35,100,KO
2025-10-06,9:31:03.488583656,T,66.33,800,66.35,100,KO
2025-10-06,9:31:03.623409771,T,66.33,800,66.37,700,KO
2025-10-06,9:31:03.623429995,T,66.33,800,66.37,600,KO
2025-10-06,9:31:03.623444941,T,66.33,800,66.36,400,KO
2025-10-06,9:31:03.623464953,T,66.33,700,66.36,400,KO
2025-10-06,9:31:03.623474900,T,66.33,500,66.36,400,KO
2025-10-06,9:31:03.623479992,T,66.33,500,66.36,500,KO
2025-10-06,9:31:03.623495040,T,66.33,400,66.36,500,KO
2025-10-06,9:31:03.623509992,T,66.32,600,66.36,500,KO
2025-10-06,9:31:03.664477670,T,66.32,600,66.36,400,KO
2025-10-06,9:31:04.487317501,T,66.33,100,66.36,400,KO
2025-10-06,9:31:04.487317501,T,66.33,500,66.36,400,KO
2025-10-06,9:31:04.488505244,T,66.33,400,66.36,400,KO
2025-10-06,9:31:05.272567766,T,66.32,600,66.36,400,KO
2025-10-06,9:31:05.830150725,T,66.32,600,66.35,400,KO
2025-10-06,9:31:06.503599706,T,66.32,600,66.35,600,KO
2025-10-06,9:31:06.503604787,T,66.32,200,66.35,600,KO
2025-10-06,9:31:06.516981572,T,66.31,700,66.35,600,KO
2025-10-06,9:31:06.976746684,T,66.31,700,66.35,400,KO
2025-10-06,9:31:07.619116674,T,66.31,700,66.35,500,KO
2025-10-06,9:31:08.123187175,T,66.31,700,66.35,600,KO
2025-10-06,9:31:09.327024402,T,66.31,700,66.34,400,KO
2025-10-06,9:31:09.647883728,T,66.31,700,66.33,100,KO
2025-10-06,9:31:09.647898668,T,66.31,300,66.33,100,KO
2025-10-06,9:31:09.647918766,T,66.31,300,66.33,500,KO
2025-10-06,9:31:09.648114234,T,66.31,300,66.33,700,KO
2025-10-06,9:31:09.648465060,T,66.31,100,66.33,700,KO
2025-10-06,9:31:09.648590982,T,66.3,700,66.33,700,KO
2025-10-06,9:31:09.648600426,T,66.3,700,66.32,400,KO
2025-10-06,9:31:09.648610660,T,66.3,700,66.32,500,KO
2025-10-06,9:31:09.648630499,T,66.3,700,66.32,700,KO
2025-10-06,9:31:09.648941172,T,66.3,300,66.32,700,KO
2025-10-06,9:31:09.649166697,T,66.3,300,66.32,600,KO
2025-10-06,9:31:09.649217074,T,66.3,100,66.32,600,KO
2025-10-06,9:31:09.649382191,T,66.3,100,66.32,700,KO
2025-10-06,9:31:09.649402319,T,66.31,100,66.32,700,KO
2025-10-06,9:31:09.649407290,T,66.31,100,66.32,1100,KO
2025-10-06,9:31:09.649437693,T,66.3,200,66.32,1100,KO
2025-10-06,9:31:09.649442341,T,66.3,200,66.32,700,KO
2025-10-06,9:31:09.649562723,T,66.3,100,66.32,700,KO
2025-10-06,9:31:09.649602786,T,66.3,100,66.32,1100,KO
2025-10-06,9:31:09.649773189,T,66.3,100,66.31,400,KO
2025-10-06,9:31:09.699015692,T,66.3,200,66.31,400,KO
2025-10-06,9:31:09.699015692,T,66.3,200,66.32,700,KO
2025-10-06,9:31:09.699020505,T,66.3,300,66.32,700,KO
2025-10-06,9:31:09.699030521,T,66.3,700,66.32,700,KO
2025-10-06,9:31:09.699040519,T,66.31,100,66.32,700,KO
2025-10-06,9:31:09.699055517,T,66.31,200,66.32,700,KO
2025-10-06,9:31:09.699060579,T,66.31,200,66.32,500,KO
2025-10-06,9:31:09.699110729,T,66.31,100,66.32,500,KO
2025-10-06,9:31:09.699140811,T,66.31,100,66.32,600,KO
2025-10-06,9:31:09.700438860,T,66.3,500,66.32,600,KO
2025-10-06,9:31:09.776073940,T,66.3,500,66.32,200,KO
2025-10-06,9:31:10.093835814,T,66.3,500,66.32,100,KO
2025-10-06,9:31:10.093835814,T,66.3,500,66.33,600,KO
2025-10-06,9:31:10.093870878,T,66.3,500,66.33,400,KO
2025-10-06,9:31:10.096161387,T,66.3,500,66.32,400,KO
2025-10-06,9:31:10.102837218,T,66.3,500,66.33,400,KO
2025-10-06,9:31:11.046244218,T,66.3,100,66.33,400,KO
2025-10-06,9:31:11.046244218,T,66.3,100,66.32,400,KO
2025-10-06,9:31:11.046289374,T,66.3,100,66.31,100,KO
2025-10-06,9:31:11.046319380,T,66.29,600,66.31,100,KO
2025-10-06,9:31:11.046349574,T,66.29,600,66.31,200,KO
2025-10-06,9:31:11.046364520,T,66.29,600,66.31,600,KO
2025-10-06,9:31:11.046680212,T,66.29,600,66.31,700,KO
2025-10-06,9:31:11.046695265,T,66.29,600,66.31,900,KO
2025-10-06,9:31:11.046900790,T,66.29,600,66.31,800,KO
2025-10-06,9:31:11.047346897,T,66.3,100,66.31,800,KO
2025-10-06,9:31:11.047356927,T,66.3,100,66.31,700,KO
2025-10-06,9:31:11.047367082,T,66.3,100,66.31,600,KO
2025-10-06,9:31:11.047386971,T,66.3,100,66.31,700,KO
2025-10-06,9:31:11.047417272,T,66.29,600,66.31,700,KO
2025-10-06,9:31:11.047447038,T,66.29,600,66.31,600,KO
2025-10-06,9:31:11.047732772,T,66.29,200,66.31,600,KO
2025-10-06,9:31:11.047757871,T,66.29,300,66.31,600,KO
2025-10-06,9:31:11.047762851,T,66.29,100,66.31,600,KO
2025-10-06,9:31:11.047797964,T,66.28,700,66.31,600,KO
2025-10-06,9:31:11.047797964,T,66.29,400,66.31,600,KO
2025-10-06,9:31:11.047933240,T,66.29,600,66.31,600,KO
2025-10-06,9:31:11.048168835,T,66.29,600,66.31,400,KO
2025-10-06,9:31:11.048584778,T,66.29,600,66.32,600,KO
2025-10-06,9:31:11.125122093,T,66.29,600,66.32,400,KO
2025-10-06,9:31:11.543107629,T,66.29,600,66.32,500,KO
2025-10-06,9:31:12.361968028,T,66.29,600,66.32,100,KO
2025-10-06,9:31:13.931190368,T,66.29,600,66.32,500,KO
2025-10-06,9:31:14.010945362,T,66.29,700,66.32,500,KO
2025-10-06,9:31:14.150933759,T,66.29,700,66.32,100,KO
2025-10-06,9:31:14.263712431,T,66.29,600,66.32,100,KO
2025-10-06,9:31:14.695280244,T,66.29,600,66.33,600,KO
2025-10-06,9:31:14.695295384,T,66.31,100,66.33,600,KO
2025-10-06,9:31:14.695305331,T,66.31,200,66.33,600,KO
2025-10-06,9:31:14.695320387,T,66.31,200,66.33,400,KO
2025-10-06,9:31:14.695330514,T,66.31,200,66.34,600,KO
2025-10-06,9:31:14.695636160,T,66.31,600,66.34,600,KO
2025-10-06,9:31:14.695842003,T,66.31,600,66.34,400,KO
2025-10-06,9:31:14.695842003,T,66.31,800,66.34,400,KO
2025-10-06,9:31:14.695866643,T,66.31,700,66.34,400,KO
2025-10-06,9:31:14.695916838,T,66.32,400,66.34,400,KO
2025-10-06,9:31:14.696067254,T,66.32,500,66.34,400,KO
2025-10-06,9:31:14.696067254,T,66.32,700,66.34,400,KO
2025-10-06,9:31:14.696077163,T,66.32,700,66.35,600,KO
2025-10-06,9:31:14.696242696,T,66.33,100,66.35,600,KO
2025-10-06,9:31:14.696713766,T,66.33,100,66.35,400,KO
2025-10-06,9:31:14.696728713,T,66.33,100,66.36,600,KO
2025-10-06,9:31:14.696728713,T,66.33,500,66.36,600,KO
2025-10-06,9:31:14.696818960,T,66.33,700,66.36,600,KO
2025-10-06,9:31:14.736082439,T,66.33,300,66.36,600,KO
2025-10-06,9:31:14.898333920,T,66.33,200,66.36,600,KO
2025-10-06,9:31:15.153391694,T,66.34,100,66.36,600,KO
2025-10-06,9:31:15.153401433,T,66.34,100,66.36,400,KO
2025-10-06,9:31:15.153406492,T,66.34,100,66.36,300,KO
2025-10-06,9:31:15.153436510,T,66.34,100,66.37,600,KO
2025-10-06,9:31:15.153446558,T,66.34,300,66.37,600,KO
2025-10-06,9:31:15.153456602,T,66.35,100,66.37,600,KO
2025-10-06,9:31:15.153466612,T,66.35,100,66.37,400,KO
2025-10-06,9:31:15.153712254,T,66.35,300,66.37,400,KO
2025-10-06,9:31:15.153837516,T,66.35,300,66.38,600,KO
2025-10-06,9:31:15.153982803,T,66.35,200,66.38,600,KO
2025-10-06,9:31:15.154664431,T,66.35,200,66.38,400,KO
2025-10-06,9:31:15.224315332,T,66.34,700,66.38,400,KO
2025-10-06,9:31:15.723539480,T,66.34,700,66.39,600,KO
2025-10-06,9:31:15.732084755,T,66.35,400,66.39,600,KO
2025-10-06,9:31:17.714867350,T,66.35,500,66.39,600,KO
2025-10-06,9:31:17.715413621,T,66.35,700,66.39,600,KO
2025-10-06,9:31:17.715423581,T,66.35,700,66.39,400,KO
2025-10-06,9:31:17.715458779,T,66.36,200,66.39,400,KO
2025-10-06,9:31:17.715458779,T,66.36,200,66.4,700,KO
2025-10-06,9:31:17.715463700,T,66.36,200,66.4,600,KO
2025-10-06,9:31:17.715463700,T,66.36,600,66.4,600,KO
2025-10-06,9:31:17.715714324,T,66.36,600,66.4,400,KO
2025-10-06,9:31:18.324860198,T,66.36,600,66.4,600,KO
2025-10-06,9:31:18.712388123,T,66.36,700,66.4,600,KO
2025-10-06,9:31:18.713295345,T,66.36,700,66.4,200,KO
2025-10-06,9:31:20.873440460,T,66.36,700,66.41,400,KO
2025-10-06,9:31:21.059142496,T,66.36,300,66.41,400,KO
2025-10-06,9:31:21.059197709,T,66.36,100,66.41,400,KO
2025-10-06,9:31:21.059363077,T,66.35,600,66.41,400,KO
2025-10-06,9:31:21.059844209,T,66.35,700,66.41,400,KO
2025-10-06,9:31:21.136311295,T,66.35,700,66.4,400,KO
2025-10-06,9:31:21.323707717,T,66.35,600,66.4,400,KO
2025-10-06,9:31:21.379555756,T,66.35,600,66.39,100,KO
2025-10-06,9:31:23.359812083,T,66.35,600,66.39,200,KO
2025-10-06,9:31:23.359817147,T,66.35,400,66.39,200,KO
2025-10-06,9:31:23.359822144,T,66.35,400,66.38,200,KO
2025-10-06,9:31:23.359822144,T,66.34,600,66.38,200,KO
2025-10-06,9:31:23.359847175,T,66.34,600,66.37,100,KO
2025-10-06,9:31:23.359922358,T,66.34,600,66.37,300,KO
2025-10-06,9:31:23.359927396,T,66.34,600,66.36,100,KO
2025-10-06,9:31:23.359947433,T,66.34,600,66.36,200,KO
2025-10-06,9:31:23.359982517,T,66.34,400,66.36,200,KO
2025-10-06,9:31:23.360007590,T,66.33,700,66.36,200,KO
2025-10-06,9:31:23.360483729,T,66.33,700,66.36,100,KO
2025-10-06,9:31:23.360493744,T,66.33,600,66.36,100,KO
2025-10-06,9:31:23.360930151,T,66.33,700,66.36,100,KO
2025-10-06,9:31:23.372331975,T,66.33,600,66.36,100,KO
2025-10-06,9:31:23.396509584,T,66.33,400,66.36,100,KO
2025-10-06,9:31:23.396519599,T,66.32,600,66.36,100,KO
2025-10-06,9:31:24.360811280,T,66.33,100,66.36,100,KO
2025-10-06,9:31:24.360826331,T,66.33,100,66.37,300,KO
2025-10-06,9:31:24.360846374,T,66.34,100,66.37,300,KO
2025-10-06,9:31:24.360846374,T,66.34,200,66.37,300,KO
2025-10-06,9:31:24.360851599,T,66.34,400,66.37,300,KO
2025-10-06,9:31:24.360851599,T,66.34,500,66.37,300,KO
2025-10-06,9:31:24.360856378,T,66.34,900,66.37,300,KO
2025-10-06,9:31:24.361051955,T,66.34,800,66.37,300,KO
2025-10-06,9:31:24.361051955,T,66.34,700,66.37,300,KO
2025-10-06,9:31:24.361051955,T,66.34,500,66.37,300,KO
2025-10-06,9:31:24.361056822,T,66.34,400,66.37,300,KO
2025-10-06,9:31:24.361056822,T,66.34,200,66.37,300,KO
2025-10-06,9:31:24.361066876,T,66.34,200,66.37,100,KO
2025-10-06,9:31:24.361076928,T,66.34,200,66.36,100,KO
2025-10-06,9:31:24.361091924,T,66.34,200,66.36,200,KO
2025-10-06,9:31:24.361102288,T,66.34,200,66.36,500,KO
2025-10-06,9:31:24.361111988,T,66.34,200,66.36,600,KO
2025-10-06,9:31:24.361136992,T,66.34,200,66.36,700,KO
2025-10-06,9:31:24.361262346,T,66.34,200,66.36,400,KO
2025-10-06,9:31:24.361302391,T,66.34,200,66.36,600,KO
2025-10-06,9:31:24.361332527,T,66.34,200,66.36,700,KO
2025-10-06,9:31:24.361337502,T,66.34,200,66.36,800,KO
2025-10-06,9:31:24.361347576,T,66.34,200,66.36,700,KO
2025-10-06,9:31:24.361352500,T,66.34,200,66.36,900,KO
2025-10-06,9:31:24.361377651,T,66.34,200,66.36,1100,KO
2025-10-06,9:31:24.361482812,T,66.33,500,66.36,1100,KO
2025-10-06,9:31:24.361542948,T,66.33,500,66.36,1300,KO
2025-10-06,9:31:24.361588128,T,66.33,500,66.35,200,KO
2025-10-06,9:31:24.361613438,T,66.33,500,66.35,700,KO
2025-10-06,9:31:24.361618322,T,66.33,500,66.35,800,KO
2025-10-06,9:31:24.361633477,T,66.33,700,66.35,800,KO
2025-10-06,9:31:24.361633477,T,66.33,700,66.35,900,KO
2025-10-06,9:31:24.361633477,T,66.33,700,66.35,700,KO
2025-10-06,9:31:24.361638182,T,66.34,400,66.35,700,KO
2025-10-06,9:31:24.362354936,T,66.33,700,66.35,700,KO
2025-10-06,9:31:24.363392366,T,66.33,800,66.35,700,KO
2025-10-06,9:31:24.617206875,T,66.33,700,66.35,700,KO
2025-10-06,9:31:24.677144644,T,66.33,300,66.35,700,KO
2025-10-06,9:31:24.677174710,T,66.33,100,66.35,700,KO
2025-10-06,9:31:24.677204762,T,66.32,600,66.35,700,KO
2025-10-06,9:31:24.677630804,T,66.32,700,66.35,700,KO
2025-10-06,9:31:24.906235327,T,66.32,700,66.35,800,KO
2025-10-06,9:31:26.056545121,T,66.32,600,66.35,800,KO
2025-10-06,9:31:26.056550225,T,66.32,200,66.35,800,KO
2025-10-06,9:31:26.056550225,T,66.31,600,66.35,800,KO
2025-10-06,9:31:26.056555247,T,66.31,600,66.35,1000,KO
2025-10-06,9:31:26.056585259,T,66.31,600,66.35,1200,KO
2025-10-06,9:31:26.058038722,T,66.31,700,66.35,1200,KO
2025-10-06,9:31:27.297661095,T,66.31,700,66.34,100,KO
2025-10-06,9:31:27.297686218,T,66.31,700,66.34,600,KO
2025-10-06,9:31:27.297696229,T,66.31,700,66.34,700,KO
2025-10-06,9:31:27.297716256,T,66.31,700,66.34,800,KO
2025-10-06,9:31:29.168311636,T,66.31,700,66.34,700,KO
2025-10-06,9:31:31.501874665,T,66.31,700,66.34,800,KO
2025-10-06,9:31:33.417161313,T,66.31,500,66.34,800,KO
2025-10-06,9:31:33.453087364,T,66.31,500,66.34,1000,KO
2025-10-06,9:31:33.453172182,T,66.31,500,66.34,1200,KO
2025-10-06,9:31:33.453207715,T,66.31,500,66.34,1100,KO
2025-10-06,9:31:33.453387654,T,66.31,100,66.34,1100,KO
2025-10-06,9:31:33.453573025,T,66.31,100,66.33,100,KO
2025-10-06,9:31:33.453593148,T,66.31,100,66.33,500,KO
2025-10-06,9:31:33.453593148,T,66.31,100,66.33,600,KO
2025-10-06,9:31:33.453608211,T,66.31,100,66.33,700,KO
2025-10-06,9:31:33.453623210,T,66.31,100,66.33,800,KO
2025-10-06,9:31:33.567429230,T,66.31,500,66.33,800,KO
2025-10-06,9:31:33.642568264,T,66.31,500,66.33,700,KO
2025-10-06,9:31:34.053893095,T,66.31,400,66.33,700,KO
2025-10-06,9:31:34.055120947,T,66.3,600,66.33,700,KO
2025-10-06,9:31:34.055541946,T,66.3,700,66.33,700,KO
2025-10-06,9:31:34.289388892,T,66.3,700,66.33,800,KO
2025-10-06,9:31:34.293453637,T,66.3,700,66.33,900,KO
2025-10-06,9:31:34.446001892,T,66.3,700,66.33,1000,KO
2025-10-06,9:31:34.446588288,T,66.3,700,66.33,1200,KO
2025-10-06,9:31:34.446588288,T,66.3,700,66.33,1400,KO
2025-10-06,9:31:34.446668488,T,66.3,500,66.33,1400,KO
2025-10-06,9:31:34.446703868,T,66.3,100,66.33,1400,KO
2025-10-06,9:31:34.446728660,T,66.3,100,66.33,1300,KO
2025-10-06,9:31:34.446763810,T,66.3,100,66.32,100,KO
2025-10-06,9:31:34.446789038,T,66.3,100,66.32,500,KO
2025-10-06,9:31:34.446793770,T,66.3,100,66.32,600,KO
2025-10-06,9:31:34.446798849,T,66.3,100,66.32,700,KO
2025-10-06,9:31:34.446889027,T,66.29,600,66.32,700,KO
2025-10-06,9:31:34.446909136,T,66.29,600,66.31,100,KO
2025-10-06,9:31:34.446909136,T,66.29,600,66.31,300,KO
2025-10-06,9:31:34.446914495,T,66.29,600,66.31,500,KO
2025-10-06,9:31:34.446914495,T,66.29,600,66.31,600,KO
2025-10-06,9:31:34.446929602,T,66.29,600,66.31,700,KO
2025-10-06,9:31:34.446929602,T,66.29,600,66.31,1200,KO
2025-10-06,9:31:34.446964251,T,66.29,600,66.31,1300,KO
2025-10-06,9:31:34.446969241,T,66.29,400,66.31,1300,KO
2025-10-06,9:31:34.446989551,T,66.29,400,66.31,1400,KO
2025-10-06,9:31:34.446994708,T,66.29,400,66.31,1600,KO
2025-10-06,9:31:34.446994708,T,66.29,400,66.31,1800,KO
2025-10-06,9:31:34.447139588,T,66.29,400,66.31,1900,KO
2025-10-06,9:31:34.447465425,T,66.29,400,66.31,1800,KO
2025-10-06,9:31:34.447600729,T,66.28,600,66.31,1800,KO
2025-10-06,9:31:34.447891586,T,66.28,600,66.3,100,KO
2025-10-06,9:31:34.447901463,T,66.28,600,66.3,200,KO
2025-10-06,9:31:34.447911502,T,66.28,600,66.3,600,KO
2025-10-06,9:31:34.447911502,T,66.28,600,66.3,700,KO
2025-10-06,9:31:34.447916536,T,66.28,600,66.3,800,KO
2025-10-06,9:31:34.447921441,T,66.28,600,66.3,1000,KO
2025-10-06,9:31:34.447946604,T,66.28,600,66.3,1100,KO
2025-10-06,9:31:34.447976662,T,66.28,600,66.3,1200,KO
2025-10-06,9:31:34.447976662,T,66.28,400,66.3,1200,KO
2025-10-06,9:31:34.448362524,T,66.29,100,66.3,1200,KO
2025-10-06,9:31:34.448387618,T,66.28,400,66.3,1200,KO
2025-10-06,9:31:34.448407859,T,66.28,400,66.3,900,KO
2025-10-06,9:31:34.448407859,T,66.28,400,66.3,1000,KO
2025-10-06,9:31:34.448412652,T,66.28,400,66.3,1200,KO
2025-10-06,9:31:34.448447836,T,66.28,400,66.29,100,KO
2025-10-06,9:31:34.448452817,T,66.27,600,66.29,100,KO
2025-10-06,9:31:34.448468036,T,66.27,600,66.29,500,KO
2025-10-06,9:31:34.448472922,T,66.27,600,66.29,600,KO
2025-10-06,9:31:34.448472922,T,66.27,600,66.29,700,KO
2025-10-06,9:31:34.448472922,T,66.27,600,66.29,800,KO
2025-10-06,9:31:34.448477841,T,66.27,600,66.29,900,KO
2025-10-06,9:31:34.448492893,T,66.27,600,66.29,1300,KO
2025-10-06,9:31:34.448502909,T,66.27,600,66.29,1400,KO
2025-10-06,9:31:34.448608144,T,66.27,600,66.29,1000,KO
2025-10-06,9:31:34.448743407,T,66.27,600,66.29,1400,KO
2025-10-06,9:31:34.448753434,T,66.27,600,66.29,1600,KO
2025-10-06,9:31:34.449294802,T,66.27,400,66.29,1600,KO
2025-10-06,9:31:34.449906272,T,66.27,400,66.29,1700,KO
2025-10-06,9:31:34.449916232,T,66.26,600,66.29,1700,KO
2025-10-06,9:31:34.449966375,T,66.26,600,66.29,1600,KO
2025-10-06,9:31:34.449991428,T,66.26,600,66.29,1700,KO
2025-10-06,9:31:34.450001501,T,66.26,600,66.29,2100,KO
2025-10-06,9:31:34.450016497,T,66.26,600,66.29,1700,KO
2025-10-06,9:31:34.450016497,T,66.26,600,66.29,1600,KO
2025-10-06,9:31:34.450016497,T,66.26,600,66.28,100,KO
2025-10-06,9:31:34.450021528,T,66.26,600,66.28,500,KO
2025-10-06,9:31:34.450021528,T,66.26,600,66.28,1000,KO
2025-10-06,9:31:34.450026545,T,66.26,600,66.28,1100,KO
2025-10-06,9:31:34.450096730,T,66.26,600,66.28,700,KO
2025-10-06,9:31:34.450282074,T,66.26,600,66.28,1100,KO
2025-10-06,9:31:34.450297201,T,66.26,600,66.28,1300,KO
2025-10-06,9:31:34.450297201,T,66.26,400,66.28,1300,KO
2025-10-06,9:31:34.450527658,T,66.25,600,66.28,1300,KO
2025-10-06,9:31:34.450948736,T,66.25,600,66.28,1200,KO
2025-10-06,9:31:34.451249551,T,66.25,600,66.27,200,KO
2025-10-06,9:31:34.451249551,T,66.25,600,66.27,300,KO
2025-10-06,9:31:34.451254469,T,66.25,600,66.27,400,KO
2025-10-06,9:31:34.451259432,T,66.25,400,66.27,400,KO
2025-10-06,9:31:34.451259432,T,66.25,400,66.27,800,KO
2025-10-06,9:31:34.451269506,T,66.25,400,66.27,1300,KO
2025-10-06,9:31:34.451299549,T,66.25,400,66.27,1400,KO
2025-10-06,9:31:34.451314626,T,66.24,1500,66.27,1400,KO
2025-10-06,9:31:34.451409992,T,66.24,1500,66.27,1000,KO
2025-10-06,9:31:34.458286136,T,66.24,1500,66.27,800,KO
2025-10-06,9:31:34.458541785,T,66.24,700,66.27,800,KO
2025-10-06,9:31:34.464120040,T,66.24,700,66.27,700,KO
2025-10-06,9:31:34.567686769,T,66.24,600,66.27,700,KO
2025-10-06,9:31:35.272982774,T,66.24,600,66.26,100,KO
2025-10-06,9:31:35.272986837,T,66.24,600,66.26,300,KO
2025-10-06,9:31:35.273006771,T,66.24,600,66.26,400,KO
2025-10-06,9:31:35.273006771,T,66.24,600,66.26,500,KO
2025-10-06,9:31:35.273011670,T,66.24,600,66.26,900,KO
2025-10-06,9:31:35.273016559,T,66.24,600,66.26,800,KO
2025-10-06,9:31:35.273032161,T,66.24,200,66.26,800,KO
2025-10-06,9:31:35.273032161,T,66.24,200,66.26,900,KO
2025-10-06,9:31:35.273041761,T,66.24,200,66.26,700,KO
2025-10-06,9:31:35.273041761,T,66.24,200,66.26,200,KO
2025-10-06,9:31:35.273046666,T,66.24,200,66.26,500,KO
2025-10-06,9:31:35.273051929,T,66.23,600,66.26,500,KO
2025-10-06,9:31:35.273051929,T,66.25,100,66.26,500,KO
2025-10-06,9:31:35.273247073,T,66.23,600,66.26,500,KO
2025-10-06,9:31:35.273252092,T,66.23,600,66.26,600,KO
2025-10-06,9:31:35.273272712,T,66.23,600,66.26,700,KO
2025-10-06,9:31:35.273272712,T,66.23,600,66.26,900,KO
2025-10-06,9:31:35.273282292,T,66.23,600,66.26,1300,KO
2025-10-06,9:31:35.273467632,T,66.23,600,66.26,900,KO
2025-10-06,9:31:35.273522813,T,66.23,600,66.26,700,KO
2025-10-06,9:31:35.273522813,T,66.23,600,66.26,400,KO
2025-10-06,9:31:35.273527823,T,66.23,600,66.26,600,KO
2025-10-06,9:31:35.273577896,T,66.23,600,66.26,1000,KO
2025-10-06,9:31:35.273623001,T,66.23,600,66.26,1200,KO
2025-10-06,9:31:35.273658087,T,66.24,100,66.26,1200,KO
2025-10-06,9:31:35.273678424,T,66.24,100,66.26,1100,KO
2025-10-06,9:31:35.273678424,T,66.24,100,66.26,900,KO
2025-10-06,9:31:35.273873591,T,66.24,100,66.26,1100,KO
2025-10-06,9:31:35.273873591,T,66.24,100,66.26,1000,KO
2025-10-06,9:31:35.274891026,T,66.23,600,66.26,1000,KO
2025-10-06,9:31:35.276635516,T,66.24,100,66.26,1000,KO
2025-10-06,9:31:35.276640275,T,66.24,500,66.26,1000,KO
2025-10-06,9:31:35.283336187,T,66.24,500,66.26,600,KO
2025-10-06,9:31:35.283336187,T,66.24,500,66.26,400,KO
2025-10-06,9:31:35.381565169,T,66.24,500,66.26,500,KO
2025-10-06,9:31:35.381600167,T,66.24,400,66.26,500,KO
2025-10-06,9:31:35.382196632,T,66.24,400,66.26,900,KO
2025-10-06,9:31:35.382246721,T,66.23,600,66.26,900,KO
2025-10-06,9:31:35.382336960,T,66.23,600,66.26,800,KO
2025-10-06,9:31:35.609618219,T,66.24,400,66.26,800,KO
2025-10-06,9:31:35.609618219,T,66.24,500,66.26,800,KO
2025-10-06,9:31:35.609623337,T,66.24,500,66.26,400,KO
2025-10-06,9:31:35.609758729,T,66.25,100,66.26,400,KO
2025-10-06,9:31:35.609859085,T,66.25,100,66.26,300,KO
2025-10-06,9:31:35.609859085,T,66.25,100,66.26,200,KO
2025-10-06,9:31:35.609863833,T,66.25,100,66.27,700,KO
2025-10-06,9:31:35.609879525,T,66.26,100,66.27,700,KO
2025-10-06,9:31:35.609893906,T,66.26,100,66.27,500,KO
2025-10-06,9:31:35.609908988,T,66.26,100,66.27,100,KO
2025-10-06,9:31:35.609939046,T,66.26,100,66.28,800,KO
2025-10-06,9:31:35.609949061,T,66.26,100,66.28,700,KO
2025-10-06,9:31:35.610344972,T,66.25,700,66.28,700,KO
2025-10-06,9:31:35.610364998,T,66.25,700,66.27,100,KO
2025-10-06,9:31:35.610364998,T,66.25,700,66.27,200,KO
2025-10-06,9:31:35.610370117,T,66.25,700,66.27,400,KO
2025-10-06,9:31:35.610380048,T,66.25,700,66.27,500,KO
2025-10-06,9:31:35.610455213,T,66.25,700,66.27,900,KO
2025-10-06,9:31:35.610640654,T,66.25,700,66.27,700,KO
2025-10-06,9:31:35.610640654,T,66.25,700,66.27,600,KO
2025-10-06,9:31:35.610730883,T,66.25,700,66.27,700,KO
2025-10-06,9:31:35.610746008,T,66.25,700,66.27,900,KO
2025-10-06,9:31:35.610755951,T,66.25,700,66.27,1000,KO
2025-10-06,9:31:35.610776059,T,66.25,700,66.27,900,KO
2025-10-06,9:31:35.610786040,T,66.25,700,66.27,800,KO
2025-10-06,9:31:35.610926387,T,66.25,700,66.27,700,KO
2025-10-06,9:31:35.611202244,T,66.25,800,66.27,700,KO
2025-10-06,9:31:35.611207112,T,66.25,900,66.27,700,KO
2025-10-06,9:31:35.611217031,T,66.25,1000,66.27,700,KO
2025-10-06,9:31:35.611648132,T,66.25,1000,66.27,300,KO
2025-10-06,9:31:35.611648132,T,66.25,1000,66.27,100,KO
2025-10-06,9:31:35.611678230,T,66.25,1000,66.28,700,KO
2025-10-06,9:31:35.611818572,T,66.26,100,66.28,700,KO
2025-10-06,9:31:35.611818572,T,66.26,200,66.28,700,KO
2025-10-06,9:31:35.612199719,T,66.26,100,66.28,700,KO
2025-10-06,9:31:35.612209406,T,66.25,700,66.28,700,KO
2025-10-06,9:31:35.612229533,T,66.25,700,66.27,100,KO
2025-10-06,9:31:35.612229533,T,66.25,700,66.27,200,KO
2025-10-06,9:31:35.612234453,T,66.25,700,66.27,300,KO
2025-10-06,9:31:35.612239490,T,66.25,700,66.27,700,KO
2025-10-06,9:31:35.612505148,T,66.25,500,66.27,700,KO
2025-10-06,9:31:35.612570358,T,66.25,500,66.27,900,KO
2025-10-06,9:31:35.612785799,T,66.25,500,66.27,800,KO
2025-10-06,9:31:35.612795818,T,66.25,100,66.27,800,KO
2025-10-06,9:31:35.612825907,T,66.24,700,66.27,800,KO
2025-10-06,9:31:35.612846227,T,66.24,600,66.27,800,KO
2025-10-06,9:31:35.613031350,T,66.25,100,66.27,800,KO
2025-10-06,9:31:35.613036416,T,66.25,100,66.27,700,KO
2025-10-06,9:31:35.613036416,T,66.25,500,66.27,700,KO
2025-10-06,9:31:35.613056415,T,66.25,700,66.27,700,KO
2025-10-06,9:31:35.613322125,T,66.25,700,66.27,500,KO
2025-10-06,9:31:35.613362246,T,66.25,600,66.27,500,KO
2025-10-06,9:31:35.613387252,T,66.25,600,66.27,400,KO
2025-10-06,9:31:35.613387252,T,66.25,600,66.28,700,KO
2025-10-06,9:31:35.613387252,T,66.26,100,66.28,700,KO
2025-10-06,9:31:35.613402612,T,66.26,500,66.28,700,KO
2025-10-06,9:31:35.613402612,T,66.26,600,66.28,700,KO
2025-10-06,9:31:35.613407263,T,66.26,700,66.28,700,KO
2025-10-06,9:31:35.613407263,T,66.26,900,66.28,700,KO
2025-10-06,9:31:35.613412260,T,66.26,1100,66.28,700,KO
2025-10-06,9:31:35.613412260,T,66.26,1300,66.28,700,KO
2025-10-06,9:31:35.613422281,T,66.26,1400,66.28,700,KO
2025-10-06,9:31:35.613843491,T,66.26,1400,66.28,300,KO
2025-10-06,9:31:35.613853379,T,66.26,1400,66.28,100,KO
2025-10-06,9:31:35.613888463,T,66.26,1400,66.29,800,KO
2025-10-06,9:31:35.613963661,T,66.26,1300,66.29,800,KO
2025-10-06,9:31:35.614249330,T,66.26,1300,66.28,100,KO
2025-10-06,9:31:35.614254314,T,66.26,1300,66.28,300,KO
2025-10-06,9:31:35.614274359,T,66.26,1100,66.28,300,KO
2025-10-06,9:31:35.614274359,T,66.26,900,66.28,300,KO
2025-10-06,9:31:35.614499947,T,66.26,800,66.28,300,KO
2025-10-06,9:31:35.614805659,T,66.26,800,66.28,200,KO
2025-10-06,9:31:35.615261766,T,66.26,800,66.29,800,KO
2025-10-06,9:31:35.814260709,T,66.26,700,66.29,800,KO
2025-10-06,9:31:36.016667710,T,66.26,500,66.29,800,KO
2025-10-06,9:31:36.039988339,T,66.26,100,66.29,800,KO
2025-10-06,9:31:36.082594797,T,66.26,100,66.29,900,KO
2025-10-06,9:31:36.480031480,T,66.26,100,66.29,800,KO
2025-10-06,9:31:38.286088036,T,66.26,100,66.29,900,KO
2025-10-06,9:31:39.081151703,T,66.24,600,66.29,900,KO
2025-10-06,9:31:39.081166740,T,66.24,600,66.28,200,KO
2025-10-06,9:31:39.081196869,T,66.24,600,66.28,300,KO
2025-10-06,9:31:39.081612860,T,66.24,600,66.27,100,KO
2025-10-06,9:31:39.081637983,T,66.24,600,66.27,200,KO
2025-10-06,9:31:39.082169156,T,66.24,600,66.27,400,KO
2025-10-06,9:31:39.082179247,T,66.24,600,66.27,300,KO
2025-10-06,9:31:39.084985865,T,66.24,600,66.27,100,KO
2025-10-06,9:31:39.085005862,T,66.24,600,66.26,100,KO
2025-10-06,9:31:39.085005862,T,66.24,600,66.26,200,KO
2025-10-06,9:31:39.086073444,T,66.24,600,66.26,100,KO
2025-10-06,9:31:39.086093480,T,66.24,600,66.27,300,KO
2025-10-06,9:31:39.090909967,T,66.24,200,66.27,300,KO
2025-10-06,9:31:39.418921203,T,66.24,200,66.27,200,KO
2025-10-06,9:31:39.418946216,T,66.24,200,66.28,200,KO
2025-10-06,9:31:39.783168719,T,66.24,200,66.26,100,KO
2025-10-06,9:31:39.783198895,T,66.23,600,66.26,100,KO
2025-10-06,9:31:40.081258755,T,66.25,100,66.26,100,KO
2025-10-06,9:31:40.412818465,T,66.25,100,66.28,200,KO
2025-10-06,9:31:40.412838535,T,66.25,200,66.28,200,KO
2025-10-06,9:31:40.412838535,T,66.25,100,66.28,200,KO
2025-10-06,9:31:40.412843594,T,66.25,200,66.28,200,KO
2025-10-06,9:31:40.413129185,T,66.25,600,66.28,200,KO
2025-10-06,9:31:40.413264493,T,66.25,800,66.28,200,KO
2025-10-06,9:31:40.413309698,T,66.26,100,66.28,200,KO
2025-10-06,9:31:40.413470056,T,66.26,100,66.29,700,KO
2025-10-06,9:31:40.936295342,T,66.26,100,66.29,500,KO
2025-10-06,9:31:47.588338882,T,66.25,400,66.29,500,KO
2025-10-06,9:31:47.588368959,T,66.25,400,66.28,100,KO
2025-10-06,9:31:47.588368959,T,66.25,400,66.28,200,KO
2025-10-06,9:31:47.588374178,T,66.25,400,66.28,300,KO
2025-10-06,9:31:47.588374178,T,66.25,400,66.28,400,KO
2025-10-06,9:31:47.588374178,T,66.25,400,66.28,500,KO
2025-10-06,9:31:47.588378916,T,66.26,100,66.28,500,KO
2025-10-06,9:31:47.588378916,T,66.26,100,66.28,600,KO
2025-10-06,9:31:47.588394059,T,66.23,600,66.28,600,KO
2025-10-06,9:31:47.588394059,T,66.23,600,66.28,700,KO
2025-10-06,9:31:47.588409300,T,66.23,600,66.28,600,KO
2025-10-06,9:31:47.588414022,T,66.23,600,66.28,800,KO
2025-10-06,9:31:47.588414022,T,66.23,600,66.28,1000,KO
2025-10-06,9:31:47.588444279,T,66.23,600,66.28,900,KO
2025-10-06,9:31:47.588444279,T,66.23,600,66.27,200,KO
2025-10-06,9:31:47.588694728,T,66.24,100,66.27,200,KO
2025-10-06,9:31:47.588694728,T,66.24,200,66.27,200,KO
2025-10-06,9:31:47.588699742,T,66.25,100,66.27,200,KO
2025-10-06,9:31:47.595746540,T,66.24,200,66.27,200,KO
2025-10-06,9:31:47.595776632,T,66.24,100,66.27,200,KO
2025-10-06,9:31:47.688808154,T,66.23,600,66.27,200,KO
2025-10-06,9:31:48.059065119,T,66.23,600,66.26,100,KO
2025-10-06,9:31:48.059100113,T,66.23,600,66.26,300,KO
2025-10-06,9:31:48.059621391,T,66.23,600,66.26,200,KO
2025-10-06,9:31:48.059811863,T,66.23,600,66.26,300,KO
2025-10-06,9:31:50.476984047,T,66.23,600,66.26,100,KO
2025-10-06,9:31:50.490416066,T,66.23,600,66.27,400,KO
2025-10-06,9:31:54.640741101,T,66.23,200,66.27,400,KO
2025-10-06,9:31:54.640751146,T,66.22,600,66.27,400,KO
2025-10-06,9:31:54.641543119,T,66.24,400,66.27,400,KO
2025-10-06,9:31:54.641633302,T,66.24,400,66.27,200,KO
2025-10-06,9:31:54.641638951,T,66.24,500,66.27,200,KO
2025-10-06,9:31:54.641668400,T,66.24,900,66.27,200,KO
2025-10-06,9:31:54.641673370,T,66.24,900,66.28,400,KO
2025-10-06,9:31:54.641683345,T,66.25,200,66.28,400,KO
2025-10-06,9:31:54.641688371,T,66.25,600,66.28,400,KO
2025-10-06,9:31:54.641984113,T,66.25,600,66.28,200,KO
2025-10-06,9:31:54.642345017,T,66.25,600,66.27,200,KO
2025-10-06,9:31:54.642971595,T,66.26,100,66.27,200,KO
2025-10-06,9:31:55.068454875,T,66.26,100,66.28,200,KO
2025-10-06,9:31:55.068479909,T,66.26,200,66.28,200,KO
2025-10-06,9:31:55.068490120,T,66.26,400,66.28,200,KO
2025-10-06,9:31:55.068490120,T,66.26,800,66.28,200,KO
2025-10-06,9:31:55.068519967,T,66.26,800,66.29,700,KO
2025-10-06,9:31:55.069036657,T,66.26,800,66.29,500,KO
2025-10-06,9:31:55.069116435,T,66.26,700,66.29,500,KO
2025-10-06,9:31:55.069126612,T,66.27,400,66.29,500,KO
2025-10-06,9:31:55.069176611,T,66.27,400,66.29,100,KO
2025-10-06,9:31:55.069331973,T,66.27,400,66.3,600,KO
2025-10-06,9:31:56.155248265,T,66.26,700,66.3,600,KO
2025-10-06,9:31:56.251362249,T,66.26,700,66.29,200,KO
2025-10-06,9:31:56.251392320,T,66.26,700,66.29,300,KO
2025-10-06,9:31:56.251432353,T,66.26,700,66.29,200,KO
2025-10-06,9:31:56.677467214,T,66.26,700,66.3,600,KO
2025-10-06,9:31:57.312560083,T,66.26,600,66.3,600,KO
2025-10-06,9:31:57.312560083,T,66.26,400,66.3,600,KO
2025-10-06,9:31:57.312560083,T,66.25,600,66.3,600,KO
2025-10-06,9:31:57.312579709,T,66.25,600,66.27,100,KO
2025-10-06,9:31:57.312610074,T,66.25,600,66.28,400,KO
2025-10-06,9:31:57.312629905,T,66.26,100,66.28,400,KO
2025-10-06,9:31:57.312634870,T,66.26,300,66.28,400,KO
2025-10-06,9:31:57.312634870,T,66.26,300,66.28,200,KO
2025-10-06,9:31:57.312650172,T,66.26,700,66.28,200,KO
2025-10-06,9:31:57.312659947,T,66.26,800,66.28,200,KO
2025-10-06,9:31:57.312659947,T,66.26,800,66.28,600,KO
2025-10-06,9:31:57.312665034,T,66.26,800,66.28,800,KO
2025-10-06,9:31:57.312669952,T,66.26,700,66.28,800,KO
2025-10-06,9:31:57.312690064,T,66.26,700,66.28,900,KO
2025-10-06,9:31:57.312695012,T,66.26,700,66.27,100,KO
2025-10-06,9:31:57.312735168,T,66.26,700,66.27,300,KO
2025-10-06,9:31:57.312765501,T,66.26,500,66.27,300,KO
2025-10-06,9:31:57.312765501,T,66.26,100,66.27,300,KO
2025-10-06,9:31:57.312765501,T,66.25,600,66.27,300,KO
2025-10-06,9:31:57.312785560,T,66.25,600,66.27,500,KO
2025-10-06,9:31:57.312800320,T,66.25,600,66.27,900,KO
2025-10-06,9:31:57.312805273,T,66.25,400,66.27,900,KO
2025-10-06,9:31:57.312820414,T,66.25,400,66.27,700,KO
2025-10-06,9:31:57.312905571,T,66.25,400,66.27,900,KO
2025-10-06,9:31:57.313095990,T,66.25,400,66.27,1000,KO
2025-10-06,9:31:57.313351548,T,66.24,600,66.27,1000,KO
2025-10-06,9:31:57.325665921,T,66.24,600,66.27,900,KO
2025-10-06,9:31:57.409796293,T,66.24,600,66.27,700,KO
2025-10-06,9:31:57.409821311,T,66.24,600,66.27,500,KO
2025-10-06,9:31:57.729332355,T,66.24,600,66.27,100,KO
2025-10-06,9:31:59.376375200,T,66.24,200,66.27,100,KO
2025-10-06,9:31:59.376405274,T,66.23,600,66.27,100,KO
2025-10-06,9:31:59.376425327,T,66.23,600,66.27,500,KO
2025-10-06,9:31:59.514293759,T,66.23,600,66.27,600,KO
2025-10-06,9:31:59.557200882,T,66.23,600,66.27,500,KO
2025-10-06,9:32:01.343390188,T,66.23,600,66.27,400,KO
2025-10-06,9:32:01.343390188,T,66.23,600,66.26,100,KO
2025-10-06,9:32:01.344071817,T,66.23,200,66.26,100,KO
2025-10-06,9:32:05.550049374,T,66.24,100,66.26,100,KO
2025-10-06,9:32:05.550049374,T,66.24,500,66.26,100,KO
2025-10-06,9:32:05.550124619,T,66.24,500,66.26,200,KO
2025-10-06,9:32:06.376166950,T,66.24,400,66.26,200,KO
2025-10-06,9:32:06.638962949,T,66.23,600,66.26,200,KO
2025-10-06,9:32:06.638998028,T,66.23,600,66.26,100,KO
2025-10-06,9:32:06.639323779,T,66.24,400,66.26,100,KO
2025-10-06,9:32:06.639358818,T,66.24,400,66.25,100,KO
2025-10-06,9:32:06.639378961,T,66.24,400,66.25,200,KO
2025-10-06,9:32:06.639393931,T,66.24,400,66.25,100,KO
2025-10-06,9:32:06.639424070,T,66.24,400,66.27,400,KO
2025-10-06,9:32:06.639429098,T,66.24,500,66.27,400,KO
2025-10-06,9:32:06.639444308,T,66.24,600,66.27,400,KO
2025-10-06,9:32:06.639449040,T,66.24,700,66.27,400,KO
2025-10-06,9:32:06.639454116,T,66.24,800,66.27,400,KO
2025-10-06,9:32:06.639519214,T,66.25,100,66.27,400,KO
2025-10-06,9:32:06.639519214,T,66.25,200,66.27,400,KO
2025-10-06,9:32:06.643428536,T,66.25,100,66.27,400,KO
2025-10-06,9:32:06.643428536,T,66.24,400,66.27,400,KO
2025-10-06,9:32:06.776299990,T,66.25,100,66.27,400,KO
2025-10-06,9:32:06.776299990,T,66.25,200,66.27,400,KO
2025-10-06,9:32:06.776305051,T,66.25,600,66.27,400,KO
2025-10-06,9:32:06.776340074,T,66.25,600,66.28,600,KO
2025-10-06,9:32:06.776350187,T,66.25,800,66.28,600,KO
2025-10-06,9:32:06.776515508,T,66.25,900,66.28,600,KO
2025-10-06,9:32:06.776595787,T,66.25,1300,66.28,600,KO
2025-10-06,9:32:06.776640894,T,66.26,100,66.28,600,KO
2025-10-06,9:32:06.776645840,T,66.26,500,66.28,600,KO
2025-10-06,9:32:06.776676317,T,66.26,600,66.28,600,KO
2025-10-06,9:32:06.776695920,T,66.26,600,66.28,400,KO
2025-10-06,9:32:06.776700949,T,66.26,800,66.28,400,KO
2025-10-06,9:32:06.776746102,T,66.26,800,66.29,700,KO
2025-10-06,9:32:06.777172061,T,66.26,800,66.29,600,KO
2025-10-06,9:32:06.777287393,T,66.27,100,66.29,600,KO
2025-10-06,9:32:06.777728438,T,66.26,700,66.29,600,KO
2025-10-06,9:32:06.778795936,T,66.26,700,66.29,400,KO
2025-10-06,9:32:06.780194352,T,66.26,700,66.3,600,KO
2025-10-06,9:32:06.809584287,T,66.27,400,66.3,600,KO
2025-10-06,9:32:06.845058758,T,66.27,400,66.3,200,KO
2025-10-06,9:32:06.845058758,T,66.27,400,66.31,400,KO
2025-10-06,9:32:06.845063812,T,66.27,600,66.31,400,KO
2025-10-06,9:32:07.366225046,T,66.27,600,66.3,100,KO
2025-10-06,9:32:07.366275207,T,66.27,600,66.31,400,KO
2025-10-06,9:32:10.709502887,T,66.27,600,66.3,400,KO
2025-10-06,9:32:13.240340823,T,66.27,600,66.31,400,KO
2025-10-06,9:32:13.969502460,T,66.28,100,66.31,400,KO
2025-10-06,9:32:13.979817381,T,66.29,100,66.31,400,KO
2025-10-06,9:32:13.979817381,T,66.29,200,66.31,400,KO
2025-10-06,9:32:13.979822062,T,66.29,400,66.31,400,KO
2025-10-06,9:32:13.979857148,T,66.29,400,66.31,200,KO
2025-10-06,9:32:13.980122690,T,66.29,400,66.32,500,KO
2025-10-06,9:32:13.980308133,T,66.29,800,66.32,500,KO
2025-10-06,9:32:13.980348317,T,66.29,1000,66.32,500,KO
2025-10-06,9:32:13.980348317,T,66.29,1000,66.32,300,KO
2025-10-06,9:32:13.980408426,T,66.29,1400,66.32,300,KO
2025-10-06,9:32:13.980443472,T,66.29,1300,66.32,300,KO
2025-10-06,9:32:13.980448503,T,66.29,1300,66.32,100,KO
2025-10-06,9:32:13.980453472,T,66.29,1500,66.32,100,KO
2025-10-06,9:32:13.980478550,T,66.3,400,66.32,100,KO
2025-10-06,9:32:13.980483553,T,66.3,600,66.32,100,KO
2025-10-06,9:32:14.010028957,T,66.3,600,66.34,400,KO
2025-10-06,9:32:14.010049001,T,66.31,100,66.34,400,KO
2025-10-06,9:32:14.010049001,T,66.31,200,66.34,400,KO
2025-10-06,9:32:14.010054065,T,66.31,300,66.34,400,KO
2025-10-06,9:32:14.010054065,T,66.31,400,66.34,400,KO
2025-10-06,9:32:14.010054065,T,66.31,600,66.34,400,KO
2025-10-06,9:32:14.010064037,T,66.31,1000,66.34,400,KO
2025-10-06,9:32:14.010074021,T,66.31,1100,66.34,400,KO
2025-10-06,9:32:14.010094084,T,66.31,1300,66.34,400,KO
2025-10-06,9:32:14.010124241,T,66.31,1200,66.34,400,KO
2025-10-06,9:32:14.010545234,T,66.31,1200,66.34,200,KO
2025-10-06,9:32:14.010550213,T,66.31,1200,66.35,400,KO
2025-10-06,9:32:14.010605321,T,66.31,1100,66.35,400,KO
2025-10-06,9:32:14.011297418,T,66.31,1000,66.35,400,KO
2025-10-06,9:32:14.022929732,T,66.31,800,66.35,400,KO
2025-10-06,9:32:14.022949781,T,66.31,700,66.35,400,KO
2025-10-06,9:32:14.037800115,T,66.31,700,66.34,100,KO
2025-10-06,9:32:14.037835232,T,66.31,700,66.35,400,KO
2025-10-06,9:32:14.210050390,T,66.31,600,66.35,400,KO
2025-10-06,9:32:14.310619878,T,66.31,400,66.35,400,KO
2025-10-06,9:32:14.314489189,T,66.31,400,66.33,100,KO
2025-10-06,9:32:14.314519193,T,66.3,600,66.33,100,KO
2025-10-06,9:32:14.315005598,T,66.3,600,66.35,400,KO
2025-10-06,9:32:14.315030396,T,66.31,100,66.35,400,KO
2025-10-06,9:32:14.315030396,T,66.31,200,66.35,400,KO
2025-10-06,9:32:14.315035424,T,66.32,100,66.35,400,KO
2025-10-06,9:32:14.315040511,T,66.32,500,66.35,400,KO
2025-10-06,9:32:14.315085557,T,66.32,600,66.35,400,KO
2025-10-06,9:32:14.315090734,T,66.32,800,66.35,400,KO
2025-10-06,9:32:14.315346209,T,66.32,700,66.35,400,KO
2025-10-06,9:32:14.315366237,T,66.32,800,66.35,400,KO
2025-10-06,9:32:14.315431419,T,66.33,100,66.35,400,KO
2025-10-06,9:32:14.315451409,T,66.33,500,66.35,400,KO
2025-10-06,9:32:14.315456455,T,66.33,500,66.35,200,KO
2025-10-06,9:32:14.315461564,T,66.33,700,66.35,200,KO
2025-10-06,9:32:14.315496554,T,66.33,700,66.36,400,KO
2025-10-06,9:32:14.315506518,T,66.33,700,66.35,100,KO
2025-10-06,9:32:14.315636952,T,66.33,600,66.35,100,KO
2025-10-06,9:32:14.315641910,T,66.33,200,66.35,100,KO
2025-10-06,9:32:14.315641910,T,66.32,600,66.35,100,KO
2025-10-06,9:32:14.315646890,T,66.32,600,66.34,100,KO
2025-10-06,9:32:14.315662195,T,66.32,600,66.34,200,KO
2025-10-06,9:32:14.315667416,T,66.32,600,66.34,300,KO
2025-10-06,9:32:14.315667416,T,66.32,600,66.34,400,KO
2025-10-06,9:32:14.315667416,T,66.32,600,66.34,500,KO
2025-10-06,9:32:14.315672126,T,66.32,600,66.34,600,KO
2025-10-06,9:32:14.315672126,T,66.32,600,66.34,800,KO
2025-10-06,9:32:14.315672126,T,66.32,600,66.34,700,KO
2025-10-06,9:32:14.315682670,T,66.32,600,66.34,1100,KO
2025-10-06,9:32:14.315687028,T,66.32,600,66.34,1300,KO
2025-10-06,9:32:14.315822365,T,66.32,400,66.34,1300,KO
2025-10-06,9:32:14.315867397,T,66.32,400,66.34,900,KO
2025-10-06,9:32:14.315912832,T,66.32,400,66.34,800,KO
2025-10-06,9:32:14.315917594,T,66.32,400,66.34,700,KO
2025-10-06,9:32:14.315917594,T,66.32,400,66.34,600,KO
2025-10-06,9:32:14.315922890,T,66.32,400,66.34,400,KO
2025-10-06,9:32:14.315922890,T,66.32,400,66.34,300,KO
2025-10-06,9:32:14.315922890,T,66.32,400,66.34,200,KO
2025-10-06,9:32:14.315927603,T,66.32,400,66.35,600,KO
2025-10-06,9:32:14.315937679,T,66.33,100,66.35,600,KO
2025-10-06,9:32:14.315937679,T,66.33,200,66.35,600,KO
2025-10-06,9:32:14.315942607,T,66.33,300,66.35,600,KO
2025-10-06,9:32:14.315942607,T,66.33,500,66.35,600,KO
2025-10-06,9:32:14.315962649,T,66.33,600,66.35,600,KO
2025-10-06,9:32:14.315968144,T,66.33,1000,66.35,600,KO
2025-10-06,9:32:14.316002781,T,66.33,1100,66.35,600,KO
2025-10-06,9:32:14.316027759,T,66.33,1100,66.35,200,KO
2025-10-06,9:32:14.316158086,T,66.33,1300,66.35,200,KO
2025-10-06,9:32:14.316163077,T,66.33,1400,66.35,200,KO
2025-10-06,9:32:14.316168096,T,66.33,1500,66.35,200,KO
2025-10-06,9:32:14.316178136,T,66.33,1600,66.35,200,KO
2025-10-06,9:32:14.316178136,T,66.33,1800,66.35,200,KO
2025-10-06,9:32:14.316183182,T,66.33,2000,66.35,200,KO
2025-10-06,9:32:14.316188181,T,66.33,2200,66.35,200,KO
2025-10-06,9:32:14.316188181,T,66.33,2200,66.36,400,KO
2025-10-06,9:32:14.316188181,T,66.33,2300,66.36,400,KO
2025-10-06,9:32:14.316213294,T,66.33,2400,66.36,400,KO
2025-10-06,9:32:14.316213294,T,66.33,2600,66.36,400,KO
2025-10-06,9:32:14.316223326,T,66.33,2700,66.36,400,KO
2025-10-06,9:32:14.316223326,T,66.33,2800,66.36,400,KO
2025-10-06,9:32:14.316228257,T,66.33,2900,66.36,400,KO
2025-10-06,9:32:14.316228257,T,66.33,2800,66.36,400,KO
2025-10-06,9:32:14.316258398,T,66.33,2600,66.36,400,KO
2025-10-06,9:32:14.316258398,T,66.33,2500,66.36,400,KO
2025-10-06,9:32:14.316263362,T,66.33,2600,66.36,400,KO
2025-10-06,9:32:14.316458790,T,66.34,100,66.36,400,KO
2025-10-06,9:32:14.316483829,T,66.34,1100,66.36,400,KO
2025-10-06,9:32:14.316483829,T,66.34,1700,66.36,400,KO
2025-10-06,9:32:14.316514006,T,66.34,1800,66.36,400,KO
2025-10-06,9:32:14.316604117,T,66.34,2200,66.36,400,KO
2025-10-06,9:32:14.316939972,T,66.34,2000,66.36,400,KO
2025-10-06,9:32:14.316939972,T,66.34,1000,66.36,400,KO
2025-10-06,9:32:14.316945124,T,66.34,500,66.36,400,KO
2025-10-06,9:32:14.316945124,T,66.34,400,66.36,400,KO
2025-10-06,9:32:14.316945124,T,66.33,800,66.36,400,KO
2025-10-06,9:32:14.316950003,T,66.33,800,66.35,400,KO
2025-10-06,9:32:14.316955008,T,66.33,800,66.35,600,KO
2025-10-06,9:32:14.316960317,T,66.33,800,66.35,700,KO
2025-10-06,9:32:14.316960317,T,66.33,800,66.35,800,KO
2025-10-06,9:32:14.316965077,T,66.33,800,66.35,900,KO
2025-10-06,9:32:14.316965077,T,66.33,800,66.35,1000,KO
2025-10-06,9:32:14.316995050,T,66.33,800,66.35,1200,KO
2025-10-06,9:32:14.317040156,T,66.33,800,66.35,1300,KO
2025-10-06,9:32:14.317080253,T,66.33,800,66.35,1100,KO
2025-10-06,9:32:14.317080253,T,66.33,600,66.35,1100,KO
2025-10-06,9:32:14.317140406,T,66.33,600,66.35,1200,KO
2025-10-06,9:32:14.317155514,T,66.33,600,66.35,1100,KO
2025-10-06,9:32:14.317160515,T,66.33,600,66.34,100,KO
2025-10-06,9:32:14.317175544,T,66.33,600,66.34,200,KO
2025-10-06,9:32:14.317185505,T,66.33,600,66.34,300,KO
2025-10-06,9:32:14.317245720,T,66.33,200,66.34,300,KO
2025-10-06,9:32:14.326823781,T,66.33,100,66.34,300,KO
2025-10-06,9:32:14.326823781,T,66.32,600,66.34,300,KO
2025-10-06,9:32:14.341864365,T,66.32,400,66.34,300,KO
2025-10-06,9:32:14.357947634,T,66.32,400,66.34,200,KO
2025-10-06,9:32:14.357947634,T,66.32,400,66.34,100,KO
2025-10-06,9:32:14.357952715,T,66.32,400,66.35,900,KO
2025-10-06,9:32:14.357967750,T,66.33,100,66.35,900,KO
2025-10-06,9:32:14.357973096,T,66.33,500,66.35,900,KO
2025-10-06,9:32:14.357973096,T,66.33,600,66.35,900,KO
2025-10-06,9:32:14.357973096,T,66.33,700,66.35,900,KO
2025-10-06,9:32:14.357978332,T,66.33,800,66.35,900,KO
2025-10-06,9:32:14.357982949,T,66.33,900,66.35,900,KO
2025-10-06,9:32:14.358002805,T,66.33,1300,66.35,900,KO
2025-10-06,9:32:14.358203266,T,66.33,1300,66.35,500,KO
2025-10-06,9:32:14.358208251,T,66.33,1300,66.35,300,KO
2025-10-06,9:32:14.358238314,T,66.33,1300,66.35,200,KO
2025-10-06,9:32:14.358524416,T,66.33,1200,66.35,200,KO
2025-10-06,9:32:14.359726848,T,66.33,800,66.35,200,KO
2025-10-06,9:32:14.370853344,T,66.33,600,66.35,200,KO
2025-10-06,9:32:14.416973234,T,66.33,600,66.35,100,KO
2025-10-06,9:32:14.416998343,T,66.33,600,66.36,400,KO
2025-10-06,9:32:14.458081118,T,66.33,500,66.36,400,KO
2025-10-06,9:32:14.558069345,T,66.33,400,66.36,400,KO
2025-10-06,9:32:14.980214665,T,66.33,400,66.35,200,KO
2025-10-06,9:32:14.980244823,T,66.33,400,66.35,300,KO
2025-10-06,9:32:14.980279894,T,66.33,400,66.35,200,KO
2025-10-06,9:32:15.483819186,T,66.32,600,66.35,200,KO
2025-10-06,9:32:17.597663901,T,66.32,600,66.35,600,KO
2025-10-06,9:32:19.090369090,T,66.32,600,66.35,800,KO
2025-10-06,9:32:19.090369090,T,66.32,600,66.34,100,KO
2025-10-06,9:32:19.090429248,T,66.32,200,66.34,100,KO
2025-10-06,9:32:19.090434295,T,66.31,600,66.34,100,KO
2025-10-06,9:32:19.090509538,T,66.31,600,66.34,500,KO
2025-10-06,9:32:19.090820203,T,66.31,600,66.34,400,KO
2025-10-06,9:32:19.090825252,T,66.31,600,66.35,800,KO
2025-10-06,9:32:19.090840265,T,66.33,100,66.35,800,KO
2025-10-06,9:32:19.090845503,T,66.33,200,66.35,800,KO
2025-10-06,9:32:19.090845503,T,66.33,200,66.34,200,KO
2025-10-06,9:32:19.090850277,T,66.33,300,66.34,200,KO
2025-10-06,9:32:19.090855697,T,66.33,400,66.34,200,KO
2025-10-06,9:32:19.090855697,T,66.33,600,66.34,200,KO
2025-10-06,9:32:19.090865326,T,66.33,700,66.34,200,KO
2025-10-06,9:32:19.090870565,T,66.33,500,66.34,200,KO
2025-10-06,9:32:19.090875410,T,66.33,300,66.34,200,KO
2025-10-06,9:32:19.090900456,T,66.33,700,66.34,200,KO
2025-10-06,9:32:19.091130966,T,66.33,800,66.34,200,KO
2025-10-06,9:32:19.091130966,T,66.33,800,66.35,400,KO
2025-10-06,9:32:19.091151314,T,66.33,1000,66.35,400,KO
2025-10-06,9:32:19.091156360,T,66.33,1200,66.35,400,KO
2025-10-06,9:32:19.091156360,T,66.33,1300,66.35,400,KO
2025-10-06,9:32:19.091165989,T,66.33,1300,66.36,400,KO
2025-10-06,9:32:19.091181162,T,66.33,1100,66.36,400,KO
2025-10-06,9:32:19.091186125,T,66.33,1000,66.36,400,KO
2025-10-06,9:32:19.091391767,T,66.33,900,66.36,400,KO
2025-10-06,9:32:19.091401594,T,66.33,800,66.36,400,KO
2025-10-06,9:32:19.104798687,T,66.33,900,66.36,400,KO
2025-10-06,9:32:19.104798687,T,66.34,200,66.36,400,KO
2025-10-06,9:32:19.104798687,T,66.34,400,66.36,400,KO
2025-10-06,9:32:19.104808594,T,66.34,500,66.36,400,KO
2025-10-06,9:32:19.104833648,T,66.34,900,66.36,400,KO
2025-10-06,9:32:19.104833648,T,66.34,900,66.36,200,KO
2025-10-06,9:32:19.105054068,T,66.34,900,66.37,300,KO
2025-10-06,9:32:19.105074227,T,66.34,900,66.37,200,KO
2025-10-06,9:32:19.105886154,T,66.34,1100,66.37,200,KO
2025-10-06,9:32:19.109610103,T,66.34,1100,66.38,300,KO
2025-10-06,9:32:19.117684194,T,66.34,900,66.38,300,KO
2025-10-06,9:32:19.117704217,T,66.34,700,66.38,300,KO
2025-10-06,9:32:19.304975276,T,66.34,600,66.38,300,KO
2025-10-06,9:32:19.364191390,T,66.34,700,66.38,300,KO
2025-10-06,9:32:19.364196425,T,66.34,600,66.38,300,KO
2025-10-06,9:32:19.364226427,T,66.35,400,66.38,300,KO
2025-10-06,9:32:19.364346788,T,66.35,600,66.38,300,KO
2025-10-06,9:32:19.364386819,T,66.35,600,66.38,100,KO
2025-10-06,9:32:20.091543738,T,66.35,600,66.38,300,KO
2025-10-06,9:32:20.092085084,T,66.35,400,66.38,300,KO
2025-10-06,9:32:21.375997971,T,66.35,400,66.38,400,KO
2025-10-06,9:32:22.643376592,T,66.34,600,66.38,400,KO
2025-10-06,9:32:22.646263481,T,66.34,600,66.37,100,KO
2025-10-06,9:32:22.646303568,T,66.34,600,66.37,200,KO
2025-10-06,9:32:22.646348707,T,66.34,600,66.36,100,KO
2025-10-06,9:32:22.646353675,T,66.34,600,66.36,300,KO
2025-10-06,9:32:22.646353675,T,66.34,600,66.36,500,KO
2025-10-06,9:32:22.646368699,T,66.34,600,66.36,600,KO
2025-10-06,9:32:22.646584486,T,66.34,600,66.36,1000,KO
2025-10-06,9:32:22.646589178,T,66.34,200,66.36,1000,KO
2025-10-06,9:32:22.646589178,T,66.33,600,66.36,1000,KO
2025-10-06,9:32:22.646985170,T,66.33,600,66.36,1300,KO
2025-10-06,9:32:22.647015255,T,66.33,400,66.36,1300,KO
2025-10-06,9:32:22.647190766,T,66.33,400,66.36,1500,KO
2025-10-06,9:32:22.647220740,T,66.32,600,66.36,1500,KO
2025-10-06,9:32:22.647275889,T,66.32,600,66.35,100,KO
2025-10-06,9:32:22.647305994,T,66.32,600,66.35,200,KO
2025-10-06,9:32:22.647305994,T,66.32,600,66.35,300,KO
2025-10-06,9:32:22.648027708,T,66.32,600,66.35,500,KO
2025-10-06,9:32:22.684158791,T,66.32,400,66.35,500,KO
2025-10-06,9:32:22.684158791,T,66.32,400,66.35,400,KO
2025-10-06,9:32:22.761723432,T,66.31,600,66.35,400,KO
2025-10-06,9:32:22.761753504,T,66.31,600,66.35,800,KO
2025-10-06,9:32:22.924486202,T,66.31,600,66.34,100,KO
2025-10-06,9:32:22.924521314,T,66.31,600,66.34,200,KO
2025-10-06,9:32:22.924651618,T,66.31,600,66.34,400,KO
2025-10-06,9:32:22.962937861,T,66.31,600,66.34,300,KO
2025-10-06,9:32:24.552754386,T,66.31,600,66.34,200,KO
2025-10-06,9:32:24.552754386,T,66.31,600,66.35,600,KO
2025-10-06,9:32:24.552774613,T,66.32,100,66.35,600,KO
2025-10-06,9:32:24.552774613,T,66.33,300,66.35,600,KO
2025-10-06,9:32:24.552774613,T,66.33,400,66.35,600,KO
2025-10-06,9:32:24.552779408,T,66.33,600,66.35,600,KO
2025-10-06,9:32:24.552814498,T,66.33,600,66.35,200,KO
2025-10-06,9:32:24.552824537,T,66.33,1000,66.35,200,KO
2025-10-06,9:32:24.553065156,T,66.33,1200,66.35,200,KO
2025-10-06,9:32:24.553325689,T,66.33,1100,66.35,200,KO
2025-10-06,9:32:24.554563619,T,66.33,800,66.35,200,KO
2025-10-06,9:32:24.559811178,T,66.33,600,66.35,200,KO
2025-10-06,9:32:25.057185721,T,66.33,600,66.34,100,KO
2025-10-06,9:32:25.057220854,T,66.33,600,66.34,200,KO
2025-10-06,9:32:25.057506471,T,66.33,600,66.34,100,KO
2025-10-06,9:32:25.057531530,T,66.33,700,66.34,100,KO
2025-10-06,9:32:25.057531530,T,66.33,700,66.35,200,KO
2025-10-06,9:32:25.057556614,T,66.33,900,66.35,200,KO
2025-10-06,9:32:25.057576718,T,66.33,700,66.35,200,KO
2025-10-06,9:32:25.057581688,T,66.33,600,66.35,200,KO
2025-10-06,9:32:25.058007660,T,66.33,1000,66.35,200,KO
2025-10-06,9:32:25.058173048,T,66.34,400,66.35,200,KO
2025-10-06,9:32:25.061791708,T,66.33,600,66.35,200,KO
2025-10-06,9:32:25.553187229,T,66.33,600,66.35,400,KO
2025-10-06,9:32:26.077531055,T,66.33,600,66.35,800,KO
2025-10-06,9:32:26.078087389,T,66.34,100,66.35,800,KO
2025-10-06,9:32:26.078092468,T,66.33,600,66.35,800,KO
2025-10-06,9:32:26.078102450,T,66.33,200,66.35,800,KO
2025-10-06,9:32:26.078102450,T,66.32,600,66.35,800,KO
2025-10-06,9:32:26.078117435,T,66.32,600,66.34,100,KO
2025-10-06,9:32:26.078117435,T,66.32,600,66.34,200,KO
2025-10-06,9:32:26.078132502,T,66.32,600,66.34,300,KO
2025-10-06,9:32:26.078673803,T,66.32,600,66.34,200,KO
2025-10-06,9:32:26.085359765,T,66.32,600,66.34,100,KO
2025-10-06,9:32:26.351894601,T,66.32,200,66.34,100,KO
2025-10-06,9:32:26.351894601,T,66.32,200,66.34,500,KO
2025-10-06,9:32:26.352019850,T,66.31,600,66.34,500,KO
2025-10-06,9:32:26.352170241,T,66.31,600,66.34,700,KO
2025-10-06,9:32:26.457576362,T,66.31,200,66.34,700,KO
2025-10-06,9:32:26.457576362,T,66.31,200,66.34,900,KO
2025-10-06,9:32:26.457626401,T,66.31,200,66.33,100,KO
2025-10-06,9:32:26.457646577,T,66.3,600,66.33,100,KO
2025-10-06,9:32:26.457651498,T,66.3,600,66.33,200,KO
2025-10-06,9:32:26.457651498,T,66.3,600,66.33,600,KO
2025-10-06,9:32:26.457686566,T,66.3,600,66.33,800,KO
2025-10-06,9:32:26.458182736,T,66.3,600,66.33,700,KO
2025-10-06,9:32:26.458383172,T,66.3,200,66.33,700,KO
2025-10-06,9:32:26.459235209,T,66.3,200,66.32,100,KO
2025-10-06,9:32:26.459270277,T,66.3,200,66.32,200,KO
2025-10-06,9:32:26.459465773,T,66.3,200,66.32,600,KO
2025-10-06,9:32:26.459706316,T,66.29,600,66.32,600,KO
2025-10-06,9:32:26.467179184,T,66.29,600,66.32,500,KO
2025-10-06,9:32:26.927781173,T,66.29,200,66.32,500,KO
2025-10-06,9:32:27.351410116,T,66.29,200,66.31,100,KO
2025-10-06,9:32:27.351445246,T,66.29,200,66.31,200,KO
2025-10-06,9:32:27.351465330,T,66.29,200,66.31,600,KO
2025-10-06,9:32:27.351480287,T,66.28,700,66.31,600,KO
2025-10-06,9:32:27.510579506,T,66.28,700,66.3,100,KO
2025-10-06,9:32:27.510614360,T,66.28,700,66.3,200,KO
2025-10-06,9:32:27.510619323,T,66.28,700,66.3,300,KO
2025-10-06,9:32:27.510654491,T,66.28,300,66.3,300,KO
2025-10-06,9:32:27.510654491,T,66.28,300,66.3,200,KO
2025-10-06,9:32:27.510684545,T,66.28,100,66.3,200,KO
2025-10-06,9:32:28.312368876,T,66.27,600,66.3,200,KO
2025-10-06,9:32:28.312403979,T,66.27,600,66.3,600,KO
2025-10-06,9:32:28.711374157,T,66.27,600,66.3,200,KO
2025-10-06,9:32:29.238068794,T,66.27,600,66.3,100,KO
2025-10-06,9:32:29.450204027,T,66.27,600,66.31,600,KO
2025-10-06,9:32:29.450239028,T,66.28,400,66.31,600,KO
2025-10-06,9:32:29.450244144,T,66.28,500,66.31,600,KO
2025-10-06,9:32:29.450249051,T,66.29,200,66.31,600,KO
2025-10-06,9:32:29.450745247,T,66.29,600,66.31,600,KO
2025-10-06,9:32:29.450745247,T,66.29,600,66.31,200,KO
2025-10-06,9:32:29.450750325,T,66.29,800,66.31,200,KO
2025-10-06,9:32:29.463129741,T,66.29,600,66.31,200,KO
2025-10-06,9:32:29.929701032,T,66.29,600,66.31,100,KO
2025-10-06,9:32:29.929731141,T,66.29,600,66.32,500,KO
2025-10-06,9:32:29.929766174,T,66.29,600,66.32,100,KO
2025-10-06,9:32:29.929796245,T,66.29,600,66.33,800,KO
2025-10-06,9:32:29.930507915,T,66.29,600,66.32,100,KO
2025-10-06,9:32:29.930543075,T,66.29,600,66.32,200,KO
2025-10-06,9:32:29.936943215,T,66.29,600,66.32,100,KO
2025-10-06,9:32:29.936963323,T,66.29,600,66.33,900,KO
2025-10-06,9:32:31.064278149,T,66.29,600,66.32,100,KO
2025-10-06,9:32:31.064303238,T,66.29,600,66.33,900,KO
2025-10-06,9:32:31.064313265,T,66.29,600,66.32,100,KO
2025-10-06,9:32:31.941176694,T,66.29,400,66.32,100,KO
2025-10-06,9:32:32.482631349,T,66.28,600,66.32,100,KO
2025-10-06,9:32:32.482736593,T,66.28,600,66.31,100,KO
2025-10-06,9:32:32.482771601,T,66.28,600,66.31,200,KO
2025-10-06,9:32:32.513053779,T,66.28,600,66.31,100,KO
2025-10-06,9:32:32.513083808,T,66.28,600,66.32,100,KO
2025-10-06,9:32:33.625583623,T,66.28,200,66.32,100,KO
2025-10-06,9:32:33.626049738,T,66.27,600,66.32,100,KO
2025-10-06,9:32:33.626090286,T,66.27,600,66.31,400,KO
2025-10-06,9:32:33.626114894,T,66.27,600,66.31,500,KO
2025-10-06,9:32:33.626129913,T,66.27,600,66.31,600,KO
2025-10-06,9:32:33.626155040,T,66.27,600,66.31,500,KO
2025-10-06,9:32:35.517234086,T,66.27,600,66.31,100,KO
2025-10-06,9:32:35.517264126,T,66.27,600,66.32,500,KO
2025-10-06,9:32:37.600175133,T,66.27,600,66.31,100,KO
2025-10-06,9:32:37.600205273,T,66.27,600,66.31,200,KO
2025-10-06,9:32:37.600205273,T,66.27,600,66.31,300,KO
2025-10-06,9:32:37.600245341,T,66.27,600,66.31,200,KO
2025-10-06,9:32:37.773031942,T,66.28,100,66.31,200,KO
2025-10-06,9:32:37.773057161,T,66.27,600,66.31,200,KO
2025-10-06,9:32:37.773077057,T,66.27,600,66.3,100,KO
2025-10-06,9:32:37.773081938,T,66.27,600,66.3,200,KO
2025-10-06,9:32:37.773092254,T,66.28,400,66.3,200,KO
2025-10-06,9:32:37.773102096,T,66.28,400,66.3,300,KO
2025-10-06,9:32:37.773112073,T,66.28,400,66.3,400,KO
2025-10-06,9:32:37.776951215,T,66.28,400,66.3,300,KO
2025-10-06,9:32:37.776981437,T,66.28,400,66.3,200,KO
2025-10-06,9:32:37.805123253,T,66.28,400,66.3,100,KO
2025-10-06,9:32:38.361473433,T,66.28,400,66.31,200,KO
2025-10-06,9:32:38.361493441,T,66.29,100,66.31,200,KO
2025-10-06,9:32:38.361498406,T,66.29,300,66.31,200,KO
2025-10-06,9:32:38.361533520,T,66.29,700,66.31,200,KO
2025-10-06,9:32:38.361613785,T,66.29,900,66.31,200,KO
2025-10-06,9:32:38.361774073,T,66.29,800,66.31,200,KO
2025-10-06,9:32:38.362049728,T,66.29,700,66.31,200,KO
2025-10-06,9:32:38.561494850,T,66.29,600,66.31,200,KO
2025-10-06,9:32:39.488768320,T,66.29,600,66.31,100,KO
2025-10-06,9:32:40.063321761,T,66.29,600,66.32,500,KO
2025-10-06,9:32:40.063341866,T,66.3,400,66.32,500,KO
2025-10-06,9:32:40.063346905,T,66.3,500,66.32,500,KO
2025-10-06,9:32:40.063396922,T,66.3,600,66.32,500,KO
2025-10-06,9:32:40.063396922,T,66.3,800,66.32,500,KO
2025-10-06,9:32:40.063406975,T,66.3,800,66.32,100,KO
2025-10-06,9:32:40.063437032,T,66.3,800,66.33,900,KO
2025-10-06,9:32:40.063437032,T,66.3,800,66.33,800,KO
2025-10-06,9:32:40.063587480,T,66.3,600,66.33,800,KO
2025-10-06,9:32:40.063602485,T,66.31,400,66.33,800,KO
2025-10-06,9:32:40.063692628,T,66.31,400,66.33,700,KO
2025-10-06,9:32:40.064078603,T,66.31,400,66.32,200,KO
2025-10-06,9:32:40.064118713,T,66.31,400,66.32,300,KO
2025-10-06,9:32:40.064499633,T,66.31,400,66.32,200,KO
2025-10-06,9:32:40.089940221,T,66.3,600,66.32,200,KO
2025-10-06,9:32:40.229041535,T,66.3,600,66.31,100,KO
2025-10-06,9:32:40.229081541,T,66.3,600,66.31,200,KO
2025-10-06,9:32:40.263914494,T,66.3,200,66.31,200,KO
2025-10-06,9:32:40.423058655,T,66.29,600,66.31,200,KO
2025-10-06,9:32:41.717797215,T,66.29,600,66.31,100,KO
2025-10-06,9:32:41.717827288,T,66.29,600,66.32,200,KO
2025-10-06,9:32:41.718433730,T,66.3,400,66.32,200,KO
2025-10-06,9:32:41.774818102,T,66.3,400,66.32,100,KO
2025-10-06,9:32:41.774848118,T,66.3,400,66.33,800,KO
2025-10-06,9:32:43.853243307,T,66.3,400,66.33,400,KO
2025-10-06,9:32:46.189562720,T,66.3,400,66.33,200,KO
2025-10-06,9:32:49.942145356,T,66.29,600,66.33,200,KO
2025-10-06,9:32:49.942175479,T,66.29,600,66.33,600,KO
2025-10-06,9:32:50.133370754,T,66.3,100,66.33,600,KO
2025-10-06,9:32:50.133420904,T,66.3,100,66.32,100,KO
2025-10-06,9:32:50.133450941,T,66.3,100,66.32,200,KO
2025-10-06,9:32:50.262668733,T,66.3,100,66.32,300,KO
2025-10-06,9:32:50.262708870,T,66.3,100,66.32,200,KO
2025-10-06,9:32:53.053395746,T,66.29,600,66.32,200,KO
2025-10-06,9:32:53.426930453,T,66.29,600,66.31,100,KO
2025-10-06,9:32:53.426930453,T,66.29,600,66.31,400,KO
2025-10-06,9:32:53.426935321,T,66.29,600,66.31,500,KO
2025-10-06,9:32:53.426950320,T,66.29,600,66.31,600,KO
2025-10-06,9:32:53.427481743,T,66.29,600,66.31,700,KO
2025-10-06,9:32:53.427481743,T,66.29,400,66.31,700,KO
2025-10-06,9:32:53.427496714,T,66.28,600,66.31,700,KO
2025-10-06,9:32:53.427642023,T,66.28,600,66.3,100,KO
2025-10-06,9:32:53.427687113,T,66.28,600,66.3,200,KO
2025-10-06,9:32:53.428368718,T,66.28,400,66.3,200,KO
2025-10-06,9:32:53.547392187,T,66.28,400,66.3,100,KO
2025-10-06,9:32:54.587935507,T,66.27,600,66.3,100,KO
2025-10-06,9:32:55.028905782,T,66.27,200,66.3,100,KO
2025-10-06,9:32:55.028930898,T,66.26,600,66.3,100,KO
2025-10-06,9:32:55.029101287,T,66.28,400,66.3,100,KO
2025-10-06,9:32:55.531157041,T,66.28,400,66.3,200,KO
2025-10-06,9:32:56.007591895,T,66.28,500,66.3,200,KO
2025-10-06,9:32:57.336492176,T,66.28,500,66.3,100,KO
2025-10-06,9:32:57.336492176,T,66.28,500,66.31,200,KO
2025-10-06,9:32:57.336517273,T,66.28,600,66.31,200,KO
2025-10-06,9:32:57.336517273,T,66.29,100,66.31,200,KO
2025-10-06,9:32:57.336522271,T,66.29,200,66.31,200,KO
2025-10-06,9:32:57.336522271,T,66.29,300,66.31,200,KO
2025-10-06,9:32:57.336522271,T,66.29,600,66.31,200,KO
2025-10-06,9:32:57.336522271,T,66.29,700,66.31,200,KO
2025-10-06,9:32:57.336527514,T,66.29,900,66.31,200,KO
2025-10-06,9:32:57.336537252,T,66.29,1300,66.31,200,KO
2025-10-06,9:32:57.336958198,T,66.29,1400,66.31,200,KO
2025-10-06,9:32:57.337068566,T,66.29,1300,66.31,200,KO
2025-10-06,9:32:57.337218835,T,66.29,1300,66.31,100,KO
2025-10-06,9:32:57.337248976,T,66.29,1300,66.32,800,KO
2025-10-06,9:32:57.337299118,T,66.3,400,66.32,800,KO
2025-10-06,9:32:57.338486861,T,66.3,500,66.32,800,KO
2025-10-06,9:32:57.338486861,T,66.3,500,66.32,400,KO
2025-10-06,9:32:57.338491857,T,66.3,500,66.32,200,KO
2025-10-06,9:32:57.339043230,T,66.3,400,66.32,200,KO
2025-10-06,9:32:58.468683493,T,66.3,500,66.32,200,KO
2025-10-06,9:32:58.468954126,T,66.3,500,66.32,100,KO
2025-10-06,9:32:58.903253561,T,66.3,400,66.32,100,KO
2025-10-06,9:33:01.210503711,T,66.3,400,66.33,400,KO
2025-10-06,9:33:01.210528797,T,66.31,100,66.33,400,KO
2025-10-06,9:33:01.210533821,T,66.31,400,66.33,400,KO
2025-10-06,9:33:01.210533821,T,66.31,500,66.33,400,KO
2025-10-06,9:33:01.210544196,T,66.31,900,66.33,400,KO
2025-10-06,9:33:01.210563913,T,66.31,900,66.34,600,KO
2025-10-06,9:33:01.211004982,T,66.31,1100,66.34,600,KO
2025-10-06,9:33:01.211080159,T,66.31,1000,66.34,600,KO
2025-10-06,9:33:01.217565538,T,66.31,700,66.34,600,KO
2025-10-06,9:33:01.223409445,T,66.31,600,66.34,600,KO
2025-10-06,9:33:01.255405623,T,66.31,700,66.34,600,KO
2025-10-06,9:33:01.255435772,T,66.31,700,66.34,400,KO
2025-10-06,9:33:01.534149524,T,66.31,600,66.34,400,KO
2025-10-06,9:33:02.908984084,T,66.31,600,66.35,600,KO
2025-10-06,9:33:02.909014482,T,66.32,200,66.35,600,KO
2025-10-06,9:33:02.909014482,T,66.32,600,66.35,600,KO
2025-10-06,9:33:04.467937195,T,66.32,200,66.35,600,KO
