DATE,TIME_M,EX,BID,BIDSIZ,ASK,ASKSIZ,SYM_ROOT
2025-10-08,9:30:01.210572348,T,66.55,300,67.2,100,KO
2025-10-08,9:30:01.210612498,T,66.55,300,66.85,300,KO
2025-10-08,9:30:02.862727343,T,66.55,300,66.8,300,KO
2025-10-08,9:30:03.055060465,T,66.55,300,66.8,400,KO
2025-10-08,9:30:03.055060465,T,66.55,300,66.68,100,KO
2025-10-08,9:30:03.055110547,T,66.55,300,66.8,400,KO
2025-10-08,9:30:03.055566628,T,66.55,300,66.79,400,KO
2025-10-08,9:30:03.055967597,T,66.55,300,66.75,400,KO
2025-10-08,9:30:03.064157094,T,66.55,300,66.75,300,KO
2025-10-08,9:30:03.921373782,T,66.55,300,66.64,100,KO
2025-10-08,9:30:03.934740713,T,66.55,300,66.95,100,KO
2025-10-08,9:30:04.661742234,T,66.55,300,66.91,100,KO
2025-10-08,9:30:06.528683831,T,66.55,300,66.95,100,KO
2025-10-08,9:30:13.281156407,T,66.55,300,66.91,100,KO
2025-10-08,9:30:13.282053553,T,66.55,300,67.15,100,KO
2025-10-08,9:30:13.624589389,T,66.55,300,67.15,100,KO
2025-10-08,9:30:13.630784105,T,66.55,300,66.8,300,KO
2025-10-08,9:30:13.651799121,T,66.53,100,66.8,300,KO
2025-10-08,9:30:13.651819211,T,66.53,100,66.59,100,KO
2025-10-08,9:30:13.651859295,T,66.53,100,66.58,400,KO
2025-10-08,9:30:13.652079853,T,66.53,100,66.58,500,KO
2025-10-08,9:30:13.652280335,T,66.53,100,66.58,600,KO
2025-10-08,9:30:13.652601018,T,66.5,100,66.58,600,KO
2025-10-08,9:30:13.652656148,T,66.5,100,66.58,800,KO
2025-10-08,9:30:13.652871640,T,66.5,100,66.56,100,KO
2025-10-08,9:30:13.652886912,T,66.5,300,66.56,100,KO
2025-10-08,9:30:13.652951881,T,66.5,300,66.58,800,KO
2025-10-08,9:30:13.653042070,T,66.5,500,66.58,800,KO
2025-10-08,9:30:13.653092264,T,66.5,500,66.58,700,KO
2025-10-08,9:30:13.653152395,T,66.5,300,66.58,700,KO
2025-10-08,9:30:13.653152395,T,66.5,100,66.58,700,KO
2025-10-08,9:30:13.653177479,T,66.53,400,66.58,700,KO
2025-10-08,9:30:13.653398006,T,66.53,400,66.58,800,KO
2025-10-08,9:30:13.655026888,T,66.5,100,66.58,800,KO
2025-10-08,9:30:13.655031867,T,66.52,100,66.58,800,KO
2025-10-08,9:30:13.655046874,T,66.52,100,66.57,100,KO
2025-10-08,9:30:13.655066949,T,66.5,100,66.57,100,KO
2025-10-08,9:30:13.655272463,T,66.5,100,66.57,200,KO
2025-10-08,9:30:13.655327526,T,66.5,100,66.57,400,KO
2025-10-08,9:30:13.655458075,T,66.5,100,66.54,200,KO
2025-10-08,9:30:13.655538100,T,66.5,100,66.55,200,KO
2025-10-08,9:30:13.655558074,T,66.5,200,66.55,200,KO
2025-10-08,9:30:13.655693432,T,66.5,200,66.55,600,KO
2025-10-08,9:30:13.655753519,T,66.5,200,66.54,200,KO
2025-10-08,9:30:13.655918999,T,66.5,200,66.55,600,KO
2025-10-08,9:30:13.656069256,T,66.5,200,66.54,100,KO
2025-10-08,9:30:13.656139498,T,66.53,400,66.54,100,KO
2025-10-08,9:30:13.656149455,T,66.53,400,66.55,600,KO
2025-10-08,9:30:13.656159894,T,66.53,500,66.55,600,KO
2025-10-08,9:30:13.656164589,T,66.53,100,66.55,600,KO
2025-10-08,9:30:13.656174552,T,66.54,100,66.55,600,KO
2025-10-08,9:30:13.656179581,T,66.54,100,66.55,400,KO
2025-10-08,9:30:13.656189672,T,66.54,100,66.55,300,KO
2025-10-08,9:30:13.656189672,T,66.54,100,66.57,800,KO
2025-10-08,9:30:13.656204926,T,66.53,200,66.57,800,KO
2025-10-08,9:30:13.656224954,T,66.53,200,66.56,100,KO
2025-10-08,9:30:13.656224954,T,66.53,200,66.55,200,KO
2025-10-08,9:30:13.656234825,T,66.53,200,66.56,100,KO
2025-10-08,9:30:13.656234825,T,66.53,200,66.55,400,KO
2025-10-08,9:30:13.656239681,T,66.53,600,66.55,400,KO
2025-10-08,9:30:13.656270133,T,66.53,600,66.55,600,KO
2025-10-08,9:30:13.656294889,T,66.54,100,66.55,600,KO
2025-10-08,9:30:13.656325020,T,66.54,100,66.55,200,KO
2025-10-08,9:30:13.656350000,T,66.54,100,66.56,700,KO
2025-10-08,9:30:13.656380003,T,66.54,500,66.56,700,KO
2025-10-08,9:30:13.656390041,T,66.54,700,66.56,700,KO
2025-10-08,9:30:13.656410100,T,66.54,700,66.56,500,KO
2025-10-08,9:30:13.656410100,T,66.54,700,66.56,100,KO
2025-10-08,9:30:13.656450297,T,66.54,700,66.56,500,KO
2025-10-08,9:30:13.656455202,T,66.54,700,66.56,700,KO
2025-10-08,9:30:13.656485297,T,66.54,600,66.56,700,KO
2025-10-08,9:30:13.656495379,T,66.54,200,66.56,700,KO
2025-10-08,9:30:13.656555908,T,66.53,600,66.56,700,KO
2025-10-08,9:30:13.656570513,T,66.53,600,66.55,100,KO
2025-10-08,9:30:13.656580533,T,66.53,600,66.55,200,KO
2025-10-08,9:30:13.656590563,T,66.53,600,66.55,600,KO
2025-10-08,9:30:13.656620650,T,66.53,600,66.55,800,KO
2025-10-08,9:30:13.656666197,T,66.53,600,66.55,700,KO
2025-10-08,9:30:13.656670726,T,66.53,600,66.55,600,KO
2025-10-08,9:30:13.656670726,T,66.53,600,66.55,300,KO
2025-10-08,9:30:13.656690835,T,66.53,600,66.55,200,KO
2025-10-08,9:30:13.656701394,T,66.53,600,66.56,700,KO
2025-10-08,9:30:13.656701394,T,66.54,200,66.56,700,KO
2025-10-08,9:30:13.656705811,T,66.54,600,66.56,700,KO
2025-10-08,9:30:13.656770986,T,66.54,600,66.56,300,KO
2025-10-08,9:30:13.656775996,T,66.54,600,66.56,100,KO
2025-10-08,9:30:13.656861249,T,66.55,200,66.56,100,KO
2025-10-08,9:30:13.656866159,T,66.55,200,66.56,300,KO
2025-10-08,9:30:13.656881290,T,66.55,200,66.56,100,KO
2025-10-08,9:30:13.656921689,T,66.55,200,66.56,200,KO
2025-10-08,9:30:13.657076753,T,66.55,300,66.56,200,KO
2025-10-08,9:30:13.657111763,T,66.55,700,66.56,200,KO
2025-10-08,9:30:13.657928714,T,66.55,300,66.56,200,KO
2025-10-08,9:30:13.658304598,T,66.55,100,66.56,200,KO
2025-10-08,9:30:13.658304598,T,66.54,600,66.56,200,KO
2025-10-08,9:30:13.658339671,T,66.54,600,66.56,600,KO
2025-10-08,9:30:13.658384827,T,66.54,200,66.56,600,KO
2025-10-08,9:30:13.658460047,T,66.54,200,66.56,800,KO
2025-10-08,9:30:13.658785794,T,66.54,200,66.56,700,KO
2025-10-08,9:30:13.658825979,T,66.53,600,66.56,700,KO
2025-10-08,9:30:13.667105644,T,66.54,400,66.56,700,KO
2025-10-08,9:30:13.667160684,T,66.54,400,66.56,500,KO
2025-10-08,9:30:13.667160684,T,66.54,400,66.56,100,KO
2025-10-08,9:30:13.667391265,T,66.54,400,66.56,200,KO
2025-10-08,9:30:13.667576727,T,66.53,600,66.56,200,KO
2025-10-08,9:30:13.676222346,T,66.53,600,66.56,100,KO
2025-10-08,9:30:13.681890784,T,66.53,600,66.56,500,KO
2025-10-08,9:30:13.682011082,T,66.53,600,66.56,400,KO
2025-10-08,9:30:13.682061209,T,66.53,600,66.57,600,KO
2025-10-08,9:30:13.686366465,T,66.53,600,66.56,100,KO
2025-10-08,9:30:13.686371535,T,66.53,600,66.56,500,KO
2025-10-08,9:30:13.686406619,T,66.53,600,66.56,700,KO
2025-10-08,9:30:13.686857657,T,66.53,200,66.56,700,KO
2025-10-08,9:30:13.686892765,T,66.5,600,66.56,700,KO
2025-10-08,9:30:13.687213466,T,66.5,600,66.56,600,KO
2025-10-08,9:30:13.687233591,T,66.5,600,66.56,500,KO
2025-10-08,9:30:13.687268672,T,66.53,400,66.56,500,KO
2025-10-08,9:30:13.687268672,T,66.53,600,66.56,500,KO
2025-10-08,9:30:13.687564351,T,66.53,600,66.56,300,KO
2025-10-08,9:30:13.687634545,T,66.54,400,66.56,300,KO
2025-10-08,9:30:13.687664542,T,66.54,400,66.57,600,KO
2025-10-08,9:30:13.687674681,T,66.54,600,66.57,600,KO
2025-10-08,9:30:13.688401311,T,66.54,200,66.57,600,KO
2025-10-08,9:30:13.692902030,T,66.53,600,66.57,600,KO
2025-10-08,9:30:13.692917048,T,66.53,600,66.56,400,KO
2025-10-08,9:30:13.692922042,T,66.53,600,66.55,300,KO
2025-10-08,9:30:13.692932160,T,66.53,200,66.55,300,KO
2025-10-08,9:30:13.692952116,T,66.53,200,66.55,700,KO
2025-10-08,9:30:13.693197753,T,66.5,600,66.55,700,KO
2025-10-08,9:30:13.693232865,T,66.5,600,66.55,900,KO
2025-10-08,9:30:13.693348102,T,66.5,600,66.55,1000,KO
2025-10-08,9:30:13.693703925,T,66.5,600,66.54,400,KO
2025-10-08,9:30:13.696525686,T,66.5,600,66.55,700,KO
2025-10-08,9:30:13.700079164,T,66.5,600,66.55,500,KO
2025-10-08,9:30:13.705732637,T,66.5,600,66.55,400,KO
2025-10-08,9:30:13.706193694,T,66.5,600,66.55,500,KO
2025-10-08,9:30:13.708689644,T,66.5,600,66.55,100,KO
2025-10-08,9:30:13.756915202,T,66.5,600,66.56,400,KO
2025-10-08,9:30:13.756939561,T,66.51,100,66.56,400,KO
2025-10-08,9:30:13.756949634,T,66.52,400,66.56,400,KO
2025-10-08,9:30:13.757004674,T,66.53,100,66.56,400,KO
2025-10-08,9:30:13.757014712,T,66.53,500,66.56,400,KO
2025-10-08,9:30:13.757119950,T,66.53,500,66.57,600,KO
2025-10-08,9:30:13.757230253,T,66.54,400,66.57,600,KO
2025-10-08,9:30:13.757230253,T,66.54,400,66.57,400,KO
2025-10-08,9:30:13.757345507,T,66.54,400,66.56,100,KO
2025-10-08,9:30:13.757515952,T,66.52,400,66.56,100,KO
2025-10-08,9:30:13.776962272,T,66.51,400,66.56,100,KO
2025-10-08,9:30:13.790554642,T,66.51,400,66.56,500,KO
2025-10-08,9:30:13.831151363,T,66.51,400,66.56,700,KO
2025-10-08,9:30:13.831161327,T,66.51,400,66.55,100,KO
2025-10-08,9:30:13.831176337,T,66.51,400,66.55,500,KO
2025-10-08,9:30:13.831181418,T,66.51,400,66.55,700,KO
2025-10-08,9:30:13.831191430,T,66.51,400,66.54,100,KO
2025-10-08,9:30:13.831211419,T,66.51,400,66.55,700,KO
2025-10-08,9:30:13.831231549,T,66.52,100,66.55,700,KO
2025-10-08,9:30:13.831381831,T,66.52,100,66.54,400,KO
2025-10-08,9:30:13.831512133,T,66.52,100,66.55,600,KO
2025-10-08,9:30:13.851234190,T,66.51,400,66.55,600,KO
2025-10-08,9:30:13.907869045,T,66.54,100,66.55,600,KO
2025-10-08,9:30:13.907879068,T,66.54,100,66.55,400,KO
2025-10-08,9:30:13.907894071,T,66.51,400,66.55,400,KO
2025-10-08,9:30:13.907899158,T,66.51,400,66.56,600,KO
2025-10-08,9:30:13.908330091,T,66.53,100,66.56,600,KO
2025-10-08,9:30:13.909367595,T,66.51,400,66.56,600,KO
2025-10-08,9:30:13.909883809,T,66.51,400,66.56,400,KO
2025-10-08,9:30:13.910154526,T,66.51,400,66.57,700,KO
2025-10-08,9:30:13.985158135,T,66.54,100,66.57,700,KO
2025-10-08,9:30:13.985378613,T,66.54,200,66.57,700,KO
2025-10-08,9:30:14.017104248,T,66.54,200,66.57,500,KO
2025-10-08,9:30:14.058352391,T,66.54,200,66.57,400,KO
2025-10-08,9:30:14.065594712,T,66.54,200,66.58,600,KO
2025-10-08,9:30:14.065594712,T,66.54,600,66.58,600,KO
2025-10-08,9:30:14.098563258,T,66.55,100,66.58,600,KO
2025-10-08,9:30:14.098568422,T,66.55,100,66.58,400,KO
2025-10-08,9:30:14.098593335,T,66.55,500,66.58,400,KO
2025-10-08,9:30:14.098828825,T,66.55,600,66.58,400,KO
2025-10-08,9:30:14.098908982,T,66.55,600,66.58,500,KO
2025-10-08,9:30:14.098908982,T,66.55,600,66.58,100,KO
2025-10-08,9:30:14.099009285,T,66.56,400,66.58,100,KO
2025-10-08,9:30:14.099059372,T,66.56,400,66.59,400,KO
2025-10-08,9:30:14.099079436,T,66.56,500,66.59,400,KO
2025-10-08,9:30:14.099089453,T,66.56,500,66.63,600,KO
2025-10-08,9:30:14.099099447,T,66.57,100,66.63,600,KO
2025-10-08,9:30:14.099545600,T,66.57,100,66.59,100,KO
2025-10-08,9:30:14.099771033,T,66.57,200,66.59,100,KO
2025-10-08,9:30:14.112491354,T,66.57,300,66.59,100,KO
2025-10-08,9:30:14.112691903,T,66.57,200,66.59,100,KO
2025-10-08,9:30:14.112697177,T,66.57,100,66.59,100,KO
2025-10-08,9:30:14.112697177,T,66.51,400,66.59,100,KO
2025-10-08,9:30:14.112702015,T,66.51,400,66.59,500,KO
2025-10-08,9:30:14.112716944,T,66.51,400,66.58,100,KO
2025-10-08,9:30:14.112767017,T,66.51,400,66.58,500,KO
2025-10-08,9:30:14.113007607,T,66.51,400,66.58,700,KO
2025-10-08,9:30:14.113112829,T,66.51,400,66.58,800,KO
2025-10-08,9:30:14.114511247,T,66.51,400,66.58,700,KO
2025-10-08,9:30:14.189424613,T,66.55,100,66.58,700,KO
2025-10-08,9:30:14.267650959,T,66.55,100,66.58,500,KO
2025-10-08,9:30:14.447905237,T,66.51,400,66.58,500,KO
2025-10-08,9:30:14.448246097,T,66.51,400,66.57,400,KO
2025-10-08,9:30:14.448271115,T,66.51,400,66.57,500,KO
2025-10-08,9:30:14.524612929,T,66.54,100,66.57,500,KO
2025-10-08,9:30:14.532842537,T,66.54,100,66.57,100,KO
2025-10-08,9:30:14.532872595,T,66.54,500,66.57,100,KO
2025-10-08,9:30:14.533128217,T,66.54,500,66.58,400,KO
2025-10-08,9:30:14.533148307,T,66.55,100,66.58,400,KO
2025-10-08,9:30:14.533183416,T,66.55,500,66.58,400,KO
2025-10-08,9:30:14.533218440,T,66.56,400,66.58,400,KO
2025-10-08,9:30:14.533248574,T,66.56,400,66.59,600,KO
2025-10-08,9:30:14.533263598,T,66.56,400,66.57,100,KO
2025-10-08,9:30:14.533343703,T,66.56,400,66.59,600,KO
2025-10-08,9:30:14.533449050,T,66.56,400,66.59,400,KO
2025-10-08,9:30:14.534351154,T,66.55,500,66.59,400,KO
2025-10-08,9:30:14.534732092,T,66.55,400,66.59,400,KO
2025-10-08,9:30:14.534757107,T,66.51,400,66.59,400,KO
2025-10-08,9:30:14.534767136,T,66.51,400,66.59,500,KO
2025-10-08,9:30:14.534837298,T,66.51,400,66.59,700,KO
2025-10-08,9:30:14.611279325,T,66.55,100,66.59,700,KO
2025-10-08,9:30:14.611314503,T,66.55,500,66.59,700,KO
2025-10-08,9:30:14.612116370,T,66.55,400,66.59,700,KO
2025-10-08,9:30:14.612141474,T,66.51,400,66.59,700,KO
2025-10-08,9:30:14.612336862,T,66.51,400,66.59,600,KO
2025-10-08,9:30:14.652256970,T,66.55,400,66.59,600,KO
2025-10-08,9:30:14.652287067,T,66.55,400,66.59,400,KO
2025-10-08,9:30:15.152242742,T,66.55,400,66.59,200,KO
2025-10-08,9:30:15.152242742,T,66.55,400,66.61,600,KO
2025-10-08,9:30:15.152297961,T,66.57,400,66.61,600,KO
2025-10-08,9:30:15.154277603,T,66.57,500,66.61,600,KO
2025-10-08,9:30:15.254315879,T,66.58,100,66.61,600,KO
2025-10-08,9:30:15.254325961,T,66.58,100,66.61,400,KO
2025-10-08,9:30:15.254350938,T,66.58,500,66.61,400,KO
2025-10-08,9:30:15.254631694,T,66.6,100,66.61,400,KO
2025-10-08,9:30:15.254656805,T,66.6,100,66.62,600,KO
2025-10-08,9:30:15.254666902,T,66.58,500,66.62,600,KO
2025-10-08,9:30:15.254666902,T,66.6,400,66.62,600,KO
2025-10-08,9:30:15.254671757,T,66.6,400,66.62,400,KO
2025-10-08,9:30:15.254671757,T,66.6,400,66.61,100,KO
2025-10-08,9:30:15.254686825,T,66.6,400,66.61,200,KO
2025-10-08,9:30:15.254702234,T,66.58,400,66.61,200,KO
2025-10-08,9:30:15.254716869,T,66.57,400,66.61,200,KO
2025-10-08,9:30:15.255082660,T,66.57,400,66.61,400,KO
2025-10-08,9:30:15.255137860,T,66.57,400,66.61,200,KO
2025-10-08,9:30:15.255293258,T,66.57,400,66.61,600,KO
2025-10-08,9:30:15.267793429,T,66.57,400,66.61,500,KO
2025-10-08,9:30:15.274684459,T,66.57,400,66.61,400,KO
2025-10-08,9:30:16.646556773,T,66.57,400,66.63,600,KO
2025-10-08,9:30:16.810797996,T,66.58,100,66.63,600,KO
2025-10-08,9:30:16.839411198,T,66.58,500,66.63,600,KO
2025-10-08,9:30:16.839832193,T,66.58,500,66.63,700,KO
2025-10-08,9:30:17.093070242,T,66.58,500,66.63,600,KO
2025-10-08,9:30:18.517232275,T,66.58,400,66.63,600,KO
2025-10-08,9:30:18.656554193,T,66.58,400,66.63,400,KO
2025-10-08,9:30:18.656654350,T,66.6,400,66.63,400,KO
2025-10-08,9:30:18.657290926,T,66.58,400,66.63,400,KO
2025-10-08,9:30:18.680100281,T,66.59,100,66.63,400,KO
2025-10-08,9:30:18.680415938,T,66.59,100,66.64,600,KO
2025-10-08,9:30:18.680446079,T,66.59,100,66.64,400,KO
2025-10-08,9:30:18.698804808,T,66.58,400,66.64,400,KO
2025-10-08,9:30:18.699225804,T,66.58,400,66.64,500,KO
2025-10-08,9:30:18.701095301,T,66.58,400,66.63,400,KO
2025-10-08,9:30:18.709445173,T,66.58,400,66.64,400,KO
2025-10-08,9:30:18.709866148,T,66.58,400,66.64,500,KO
2025-10-08,9:30:18.709901231,T,66.58,400,66.63,400,KO
2025-10-08,9:30:18.731487700,T,66.58,400,66.64,400,KO
2025-10-08,9:30:18.731908603,T,66.58,400,66.64,500,KO
2025-10-08,9:30:18.731938700,T,66.58,400,66.63,400,KO
2025-10-08,9:30:18.746102419,T,66.58,400,66.64,400,KO
2025-10-08,9:30:18.746528481,T,66.58,400,66.64,500,KO
2025-10-08,9:30:18.746558534,T,66.58,400,66.63,400,KO
2025-10-08,9:30:18.777116350,T,66.59,100,66.63,400,KO
2025-10-08,9:30:18.777557455,T,66.59,100,66.64,400,KO
2025-10-08,9:30:18.779076016,T,66.58,400,66.64,400,KO
2025-10-08,9:30:18.779497074,T,66.58,400,66.64,500,KO
2025-10-08,9:30:18.779527146,T,66.58,400,66.63,400,KO
2025-10-08,9:30:18.790232620,T,66.58,400,66.64,500,KO
2025-10-08,9:30:18.790252629,T,66.62,100,66.64,500,KO
2025-10-08,9:30:18.790478181,T,66.62,200,66.64,500,KO
2025-10-08,9:30:18.790503254,T,66.62,600,66.64,500,KO
2025-10-08,9:30:18.790513320,T,66.62,600,66.64,400,KO
2025-10-08,9:30:18.790513320,T,66.62,600,66.65,600,KO
2025-10-08,9:30:18.790543335,T,66.62,600,66.65,400,KO
2025-10-08,9:30:18.790974398,T,66.62,600,66.65,500,KO
2025-10-08,9:30:18.792132083,T,66.62,500,66.65,500,KO
2025-10-08,9:30:18.792502987,T,66.62,100,66.65,500,KO
2025-10-08,9:30:19.338498574,T,66.61,500,66.65,500,KO
2025-10-08,9:30:19.338518608,T,66.61,400,66.65,500,KO
2025-10-08,9:30:20.222147991,T,66.61,400,66.65,700,KO
2025-10-08,9:30:20.222193199,T,66.58,400,66.65,700,KO
2025-10-08,9:30:20.222193199,T,66.58,400,66.64,400,KO
2025-10-08,9:30:20.222198142,T,66.58,400,66.64,600,KO
2025-10-08,9:30:20.302013277,T,66.58,400,66.64,700,KO
2025-10-08,9:30:20.892268984,T,66.58,400,66.64,500,KO
2025-10-08,9:30:21.478891185,T,66.61,400,66.64,500,KO
2025-10-08,9:30:21.478916293,T,66.61,400,66.64,100,KO
2025-10-08,9:30:21.487702131,T,66.61,400,66.65,400,KO
2025-10-08,9:30:21.498182226,T,66.61,400,66.65,500,KO
2025-10-08,9:30:21.498307435,T,66.61,400,66.65,600,KO
2025-10-08,9:30:21.498347518,T,66.61,400,66.64,100,KO
2025-10-08,9:30:21.504853062,T,66.59,400,66.64,100,KO
2025-10-08,9:30:21.582427763,T,66.62,100,66.64,100,KO
2025-10-08,9:30:21.585465056,T,66.62,500,66.64,100,KO
2025-10-08,9:30:21.585505065,T,66.62,500,66.65,400,KO
2025-10-08,9:30:21.585685514,T,66.62,500,66.64,100,KO
2025-10-08,9:30:21.585956161,T,66.62,500,66.65,400,KO
2025-10-08,9:30:21.585976217,T,66.63,100,66.65,400,KO
2025-10-08,9:30:21.585986316,T,66.63,500,66.65,400,KO
2025-10-08,9:30:21.585991285,T,66.63,500,66.67,600,KO
2025-10-08,9:30:21.586016660,T,66.64,100,66.67,600,KO
2025-10-08,9:30:21.586016660,T,66.64,200,66.67,600,KO
2025-10-08,9:30:21.586021320,T,66.64,200,66.67,700,KO
2025-10-08,9:30:21.586051359,T,66.64,600,66.67,700,KO
2025-10-08,9:30:21.586236831,T,66.64,600,66.67,800,KO
2025-10-08,9:30:21.586256844,T,66.64,600,66.67,900,KO
2025-10-08,9:30:21.586397243,T,66.64,600,66.65,100,KO
2025-10-08,9:30:21.586422293,T,66.64,600,66.65,200,KO
2025-10-08,9:30:21.586422293,T,66.64,600,66.65,300,KO
2025-10-08,9:30:21.586427248,T,66.64,600,66.65,200,KO
2025-10-08,9:30:21.586427248,T,66.64,200,66.65,200,KO
2025-10-08,9:30:21.586457334,T,66.64,600,66.65,200,KO
2025-10-08,9:30:21.586472407,T,66.64,200,66.65,200,KO
2025-10-08,9:30:21.586502438,T,66.64,600,66.65,200,KO
2025-10-08,9:30:21.586627834,T,66.64,200,66.65,200,KO
2025-10-08,9:30:21.586657843,T,66.64,100,66.65,200,KO
2025-10-08,9:30:21.586657843,T,66.63,500,66.65,200,KO
2025-10-08,9:30:21.586682865,T,66.63,500,66.64,100,KO
2025-10-08,9:30:21.586682865,T,66.63,500,66.64,200,KO
2025-10-08,9:30:21.586692946,T,66.63,900,66.64,200,KO
2025-10-08,9:30:21.586703034,T,66.63,900,66.64,300,KO
2025-10-08,9:30:21.586707928,T,66.63,500,66.64,300,KO
2025-10-08,9:30:21.586858384,T,66.63,500,66.64,200,KO
2025-10-08,9:30:21.586863386,T,66.63,500,66.64,100,KO
2025-10-08,9:30:21.586863386,T,66.63,500,66.65,500,KO
2025-10-08,9:30:21.586893446,T,66.64,400,66.65,500,KO
2025-10-08,9:30:21.586908396,T,66.63,500,66.65,500,KO
2025-10-08,9:30:21.586988646,T,66.63,500,66.64,100,KO
2025-10-08,9:30:21.587013758,T,66.63,500,66.65,800,KO
2025-10-08,9:30:21.587023697,T,66.63,500,66.64,400,KO
2025-10-08,9:30:21.587023697,T,66.63,100,66.64,400,KO
2025-10-08,9:30:21.587033863,T,66.62,400,66.64,400,KO
2025-10-08,9:30:21.587058801,T,66.63,400,66.64,400,KO
2025-10-08,9:30:21.587063803,T,66.63,400,66.64,500,KO
2025-10-08,9:30:21.587068811,T,66.63,400,66.64,600,KO
2025-10-08,9:30:21.587073892,T,66.62,400,66.64,600,KO
2025-10-08,9:30:21.587073892,T,66.62,400,66.64,800,KO
2025-10-08,9:30:21.587093896,T,66.62,400,66.64,600,KO
2025-10-08,9:30:21.589354257,T,66.62,400,66.64,500,KO
2025-10-08,9:30:21.664257682,T,66.63,100,66.64,500,KO
2025-10-08,9:30:21.664282777,T,66.63,100,66.64,100,KO
2025-10-08,9:30:21.664598447,T,66.63,100,66.64,200,KO
2025-10-08,9:30:23.013230707,T,66.62,400,66.64,200,KO
2025-10-08,9:30:23.013260856,T,66.62,400,66.64,600,KO
2025-10-08,9:30:23.013556494,T,66.62,400,66.64,800,KO
2025-10-08,9:30:23.013581535,T,66.61,400,66.64,800,KO
2025-10-08,9:30:23.024267064,T,66.61,400,66.64,600,KO
2025-10-08,9:30:23.171773329,T,66.61,400,66.64,200,KO
2025-10-08,9:30:25.416815480,T,66.59,400,66.64,200,KO
2025-10-08,9:30:25.416910598,T,66.59,400,66.64,100,KO
2025-10-08,9:30:27.026549390,T,66.59,400,66.64,200,KO
2025-10-08,9:30:27.026559427,T,66.61,400,66.64,200,KO
2025-10-08,9:30:27.042783024,T,66.61,400,66.64,100,KO
2025-10-08,9:30:28.719090669,T,66.61,400,66.64,200,KO
2025-10-08,9:30:28.729645797,T,66.61,400,66.64,100,KO
2025-10-08,9:30:29.497008546,T,66.59,400,66.64,100,KO
2025-10-08,9:30:29.685251824,T,66.59,400,66.63,100,KO
2025-10-08,9:30:29.685672786,T,66.59,400,66.63,200,KO
2025-10-08,9:30:29.871991509,T,66.59,400,66.62,100,KO
2025-10-08,9:30:29.871996572,T,66.59,400,66.62,200,KO
2025-10-08,9:30:29.872016645,T,66.59,400,66.62,300,KO
2025-10-08,9:30:29.872041660,T,66.59,400,66.62,700,KO
2025-10-08,9:30:29.872312344,T,66.58,400,66.62,700,KO
2025-10-08,9:30:29.872347427,T,66.58,400,66.62,900,KO
2025-10-08,9:30:29.872372496,T,66.58,400,66.62,1300,KO
2025-10-08,9:30:29.872412512,T,66.58,400,66.61,400,KO
2025-10-08,9:30:29.872743376,T,66.58,400,66.6,100,KO
2025-10-08,9:30:29.872773379,T,66.58,400,66.6,500,KO
2025-10-08,9:30:29.872788426,T,66.58,400,66.6,600,KO
2025-10-08,9:30:29.872793425,T,66.58,400,66.6,500,KO
2025-10-08,9:30:29.872803446,T,66.58,400,66.6,700,KO
2025-10-08,9:30:29.872803446,T,66.51,400,66.6,700,KO
2025-10-08,9:30:29.872838584,T,66.51,400,66.59,100,KO
2025-10-08,9:30:29.872843582,T,66.51,400,66.59,200,KO
2025-10-08,9:30:29.876321902,T,66.51,400,66.59,100,KO
2025-10-08,9:30:30.029677076,T,66.51,400,66.59,200,KO
2025-10-08,9:30:30.105157050,T,66.51,400,66.59,300,KO
2025-10-08,9:30:30.105161838,T,66.51,400,66.59,700,KO
2025-10-08,9:30:30.105166860,T,66.51,400,66.58,100,KO
2025-10-08,9:30:30.105703188,T,66.51,400,66.59,700,KO
2025-10-08,9:30:30.105708173,T,66.51,400,66.59,600,KO
2025-10-08,9:30:30.105723259,T,66.55,100,66.59,600,KO
2025-10-08,9:30:30.116303386,T,66.55,100,66.59,400,KO
2025-10-08,9:30:30.116328452,T,66.51,400,66.59,400,KO
2025-10-08,9:30:30.116363529,T,66.51,400,66.6,600,KO
2025-10-08,9:30:30.174862916,T,66.55,800,66.6,600,KO
2025-10-08,9:30:30.300567237,T,66.57,200,66.6,600,KO
2025-10-08,9:30:30.300682565,T,66.57,200,66.6,400,KO
2025-10-08,9:30:30.300968248,T,66.57,600,66.6,400,KO
2025-10-08,9:30:30.300998317,T,66.57,600,66.61,600,KO
2025-10-08,9:30:30.448384378,T,66.57,600,66.61,400,KO
2025-10-08,9:30:31.076555458,T,66.57,600,66.6,400,KO
2025-10-08,9:30:31.094538321,T,66.57,600,66.61,400,KO
2025-10-08,9:30:31.094663603,T,66.57,600,66.6,100,KO
2025-10-08,9:30:31.126128601,T,66.57,600,66.61,400,KO
2025-10-08,9:30:31.685646318,T,66.57,600,66.6,100,KO
2025-10-08,9:30:32.838201280,T,66.57,600,66.61,400,KO
2025-10-08,9:30:32.838211316,T,66.57,600,66.62,600,KO
2025-10-08,9:30:32.838216883,T,66.58,100,66.62,600,KO
2025-10-08,9:30:32.838216883,T,66.58,500,66.62,600,KO
2025-10-08,9:30:32.838216883,T,66.59,100,66.62,600,KO
2025-10-08,9:30:32.838261398,T,66.59,500,66.62,600,KO
2025-10-08,9:30:32.838266374,T,66.59,500,66.62,700,KO
2025-10-08,9:30:32.856229231,T,66.59,400,66.62,700,KO
2025-10-08,9:30:32.856841067,T,66.59,400,66.62,500,KO
2025-10-08,9:30:32.856890778,T,66.59,400,66.62,100,KO
2025-10-08,9:30:32.857011057,T,66.6,400,66.62,100,KO
2025-10-08,9:30:32.857066173,T,66.6,400,66.63,400,KO
2025-10-08,9:30:32.857086291,T,66.6,500,66.63,400,KO
2025-10-08,9:30:32.857086291,T,66.6,600,66.63,400,KO
2025-10-08,9:30:32.857111448,T,66.6,1000,66.63,400,KO
2025-10-08,9:30:32.857186487,T,66.61,100,66.63,400,KO
2025-10-08,9:30:32.857186487,T,66.61,500,66.63,400,KO
2025-10-08,9:30:32.857311798,T,66.61,500,66.62,100,KO
2025-10-08,9:30:32.857336905,T,66.61,500,66.63,400,KO
2025-10-08,9:30:32.857722816,T,66.61,500,66.64,600,KO
2025-10-08,9:30:32.858068632,T,66.61,500,66.64,400,KO
2025-10-08,9:30:32.858123751,T,66.61,400,66.64,400,KO
2025-10-08,9:30:32.876432308,T,66.61,400,66.65,600,KO
2025-10-08,9:30:32.876462545,T,66.62,400,66.65,600,KO
2025-10-08,9:30:33.058500946,T,66.61,400,66.65,600,KO
2025-10-08,9:30:35.560941295,T,66.61,400,66.64,100,KO
2025-10-08,9:30:35.560946186,T,66.61,400,66.64,200,KO
2025-10-08,9:30:35.560951189,T,66.61,400,66.64,300,KO
2025-10-08,9:30:35.560956151,T,66.61,400,66.64,700,KO
2025-10-08,9:30:35.560986301,T,66.59,400,66.64,700,KO
2025-10-08,9:30:35.561021368,T,66.59,400,66.64,900,KO
2025-10-08,9:30:35.561277007,T,66.58,400,66.64,900,KO
2025-10-08,9:30:35.561277007,T,66.57,1000,66.64,900,KO
2025-10-08,9:30:35.561287050,T,66.57,1000,66.64,800,KO
2025-10-08,9:30:35.561292013,T,66.57,1100,66.64,800,KO
2025-10-08,9:30:35.561302037,T,66.57,1000,66.64,800,KO
2025-10-08,9:30:35.561312098,T,66.6,400,66.64,800,KO
2025-10-08,9:30:35.561507574,T,66.6,400,66.64,700,KO
2025-10-08,9:30:35.725057007,T,66.6,400,66.64,600,KO
2025-10-08,9:30:35.910328333,T,66.58,1300,66.64,600,KO
2025-10-08,9:30:35.910333367,T,66.58,1300,66.62,100,KO
2025-10-08,9:30:35.910338360,T,66.58,1300,66.62,200,KO
2025-10-08,9:30:35.910343346,T,66.58,1300,66.62,300,KO
2025-10-08,9:30:35.910353394,T,66.58,1300,66.61,100,KO
2025-10-08,9:30:35.910368743,T,66.58,400,66.61,100,KO
2025-10-08,9:30:35.910629012,T,66.58,400,66.61,500,KO
2025-10-08,9:30:35.910744364,T,66.57,400,66.61,500,KO
2025-10-08,9:30:35.910749389,T,66.56,400,66.61,500,KO
2025-10-08,9:30:35.910774403,T,66.58,100,66.61,500,KO
2025-10-08,9:30:35.912182780,T,66.58,100,66.61,400,KO
2025-10-08,9:30:35.912493529,T,66.58,500,66.61,400,KO
2025-10-08,9:30:35.912508465,T,66.58,500,66.62,700,KO
2025-10-08,9:30:35.912534477,T,66.58,500,66.62,600,KO
2025-10-08,9:30:35.913500881,T,66.58,500,66.62,400,KO
2025-10-08,9:30:35.913701308,T,66.58,500,66.62,600,KO
2025-10-08,9:30:35.913706412,T,66.58,500,66.6,100,KO
2025-10-08,9:30:35.913751540,T,66.58,500,66.62,1700,KO
2025-10-08,9:30:35.913776539,T,66.6,100,66.62,1700,KO
2025-10-08,9:30:35.913801624,T,66.58,500,66.62,1700,KO
2025-10-08,9:30:35.913801624,T,66.58,100,66.62,1700,KO
2025-10-08,9:30:35.913806577,T,66.57,400,66.62,1700,KO
2025-10-08,9:30:35.913806577,T,66.57,400,66.62,600,KO
2025-10-08,9:30:35.913821705,T,66.57,400,66.61,100,KO
2025-10-08,9:30:35.913831745,T,66.59,100,66.61,100,KO
2025-10-08,9:30:35.913906917,T,66.59,100,66.61,500,KO
2025-10-08,9:30:35.913931927,T,66.59,500,66.61,500,KO
2025-10-08,9:30:35.914162465,T,66.59,500,66.61,100,KO
2025-10-08,9:30:35.914192581,T,66.59,500,66.62,600,KO
2025-10-08,9:30:35.914397972,T,66.59,400,66.62,600,KO
2025-10-08,9:30:35.914498395,T,66.58,400,66.62,600,KO
2025-10-08,9:30:35.914498395,T,66.58,400,66.61,100,KO
2025-10-08,9:30:35.914518330,T,66.58,400,66.61,200,KO
2025-10-08,9:30:35.914523673,T,66.58,400,66.61,600,KO
2025-10-08,9:30:35.914523673,T,66.58,400,66.61,700,KO
2025-10-08,9:30:35.914533294,T,66.58,400,66.6,200,KO
2025-10-08,9:30:35.914558385,T,66.58,400,66.6,600,KO
2025-10-08,9:30:35.914573596,T,66.58,400,66.6,800,KO
2025-10-08,9:30:35.914583426,T,66.57,400,66.6,800,KO
2025-10-08,9:30:35.914648773,T,66.57,400,66.6,600,KO
2025-10-08,9:30:35.914668652,T,66.57,400,66.6,500,KO
2025-10-08,9:30:35.914708800,T,66.57,1300,66.6,500,KO
2025-10-08,9:30:35.914713807,T,66.57,1300,66.6,100,KO
2025-10-08,9:30:35.914743814,T,66.57,1300,66.61,800,KO
2025-10-08,9:30:35.914758894,T,66.59,400,66.61,800,KO
2025-10-08,9:30:35.914844053,T,66.57,1300,66.61,800,KO
2025-10-08,9:30:35.914849111,T,66.57,1300,66.6,400,KO
2025-10-08,9:30:35.914869145,T,66.57,1300,66.61,800,KO
2025-10-08,9:30:35.914959296,T,66.57,400,66.61,800,KO
2025-10-08,9:30:35.915059575,T,66.57,400,66.61,700,KO
2025-10-08,9:30:35.915069625,T,66.57,1500,66.61,700,KO
2025-10-08,9:30:35.915099668,T,66.59,400,66.61,700,KO
2025-10-08,9:30:35.915350689,T,66.57,1500,66.61,700,KO
2025-10-08,9:30:35.915380374,T,66.57,1500,66.6,100,KO
2025-10-08,9:30:35.915380374,T,66.57,400,66.6,100,KO
2025-10-08,9:30:35.915395421,T,66.57,400,66.6,500,KO
2025-10-08,9:30:35.915395421,T,66.57,400,66.6,700,KO
2025-10-08,9:30:35.915756209,T,66.57,400,66.6,600,KO
2025-10-08,9:30:35.915851530,T,66.57,1300,66.6,600,KO
2025-10-08,9:30:35.915861481,T,66.57,1300,66.6,200,KO
2025-10-08,9:30:35.915891599,T,66.57,1300,66.61,600,KO
2025-10-08,9:30:35.916147240,T,66.57,1300,66.6,400,KO
2025-10-08,9:30:35.916157219,T,66.58,400,66.6,400,KO
2025-10-08,9:30:35.916192321,T,66.57,400,66.6,400,KO
2025-10-08,9:30:35.916397759,T,66.57,400,66.6,600,KO
2025-10-08,9:30:35.916508011,T,66.57,1200,66.6,600,KO
2025-10-08,9:30:35.916608236,T,66.57,1300,66.6,600,KO
2025-10-08,9:30:35.916638317,T,66.57,1200,66.6,600,KO
2025-10-08,9:30:35.919425046,T,66.57,1200,66.6,400,KO
2025-10-08,9:30:35.919425046,T,66.57,1200,66.6,200,KO
2025-10-08,9:30:35.919430055,T,66.57,1200,66.61,600,KO
2025-10-08,9:30:35.919430055,T,66.59,400,66.61,600,KO
2025-10-08,9:30:35.919505239,T,66.59,500,66.61,600,KO
2025-10-08,9:30:35.919530253,T,66.59,500,66.61,400,KO
2025-10-08,9:30:35.919590393,T,66.59,500,66.62,600,KO
2025-10-08,9:30:35.920066477,T,66.59,400,66.62,600,KO
2025-10-08,9:30:35.925484529,T,66.59,400,66.62,400,KO
2025-10-08,9:30:35.934180184,T,66.58,400,66.62,400,KO
2025-10-08,9:30:35.947471831,T,66.58,400,66.61,100,KO
2025-10-08,9:30:35.947481790,T,66.58,400,66.61,200,KO
2025-10-08,9:30:35.947486852,T,66.58,400,66.61,300,KO
2025-10-08,9:30:35.947501815,T,66.58,400,66.61,700,KO
2025-10-08,9:30:35.947521941,T,66.58,400,66.61,900,KO
2025-10-08,9:30:35.947797730,T,66.57,400,66.61,900,KO
2025-10-08,9:30:35.948043119,T,66.57,400,66.61,800,KO
2025-10-08,9:30:35.960853644,T,66.57,400,66.61,700,KO
2025-10-08,9:30:35.963925933,T,66.56,400,66.61,700,KO
2025-10-08,9:30:35.963956041,T,66.57,1100,66.61,700,KO
2025-10-08,9:30:35.965479697,T,66.57,1100,66.61,600,KO
2025-10-08,9:30:35.973573987,T,66.57,1100,66.6,100,KO
2025-10-08,9:30:35.973604022,T,66.57,1100,66.6,500,KO
2025-10-08,9:30:35.973799518,T,66.57,1100,66.6,600,KO
2025-10-08,9:30:35.973854685,T,66.56,400,66.6,600,KO
2025-10-08,9:30:35.973859671,T,66.56,400,66.6,800,KO
2025-10-08,9:30:35.973864654,T,66.56,1500,66.6,800,KO
2025-10-08,9:30:35.974075138,T,66.57,400,66.6,800,KO
2025-10-08,9:30:35.974130276,T,66.57,400,66.6,700,KO
2025-10-08,9:30:36.074524459,T,66.57,400,66.6,600,KO
2025-10-08,9:30:36.115888075,T,66.56,400,66.6,600,KO
2025-10-08,9:30:39.236776026,T,66.56,400,66.59,100,KO
2025-10-08,9:30:39.236776026,T,66.56,400,66.59,200,KO
2025-10-08,9:30:39.236781078,T,66.56,400,66.59,600,KO
2025-10-08,9:30:39.236781078,T,66.56,400,66.59,800,KO
2025-10-08,9:30:39.236791074,T,66.55,400,66.59,800,KO
2025-10-08,9:30:39.236861314,T,66.55,400,66.58,400,KO
2025-10-08,9:30:39.237182082,T,66.54,400,66.58,400,KO
2025-10-08,9:30:39.237187088,T,66.54,400,66.58,600,KO
2025-10-08,9:30:39.288484176,T,66.52,400,66.58,600,KO
2025-10-08,9:30:39.288504298,T,66.52,400,66.57,400,KO
2025-10-08,9:30:39.288544376,T,66.53,1100,66.57,400,KO
2025-10-08,9:30:39.288564446,T,66.52,400,66.57,400,KO
2025-10-08,9:30:39.288835085,T,66.52,1400,66.57,400,KO
2025-10-08,9:30:39.288845116,T,66.52,1400,66.57,600,KO
2025-10-08,9:30:39.289140778,T,66.52,400,66.57,600,KO
2025-10-08,9:30:39.294117592,T,66.52,1500,66.57,600,KO
2025-10-08,9:30:39.339014514,T,66.52,400,66.57,600,KO
2025-10-08,9:30:39.863278377,T,66.52,1400,66.57,600,KO
2025-10-08,9:30:39.863283211,T,66.52,1400,66.57,400,KO
2025-10-08,9:30:39.863283211,T,66.54,400,66.57,400,KO
2025-10-08,9:30:39.863418596,T,66.54,400,66.58,600,KO
2025-10-08,9:30:39.863604025,T,66.54,400,66.56,100,KO
2025-10-08,9:30:39.863628991,T,66.52,1500,66.56,100,KO
2025-10-08,9:30:39.863659116,T,66.52,1500,66.56,500,KO
2025-10-08,9:30:39.863854553,T,66.52,1400,66.56,500,KO
2025-10-08,9:30:39.865232899,T,66.52,1400,66.56,400,KO
2025-10-08,9:30:39.865257886,T,66.52,1400,66.57,400,KO
2025-10-08,9:30:39.865287992,T,66.54,400,66.57,400,KO
2025-10-08,9:30:40.180378406,T,66.54,400,66.56,100,KO
2025-10-08,9:30:40.180393418,T,66.52,400,66.56,100,KO
2025-10-08,9:30:40.180428962,T,66.52,400,66.56,500,KO
2025-10-08,9:30:40.223887106,T,66.52,400,66.56,400,KO
2025-10-08,9:30:40.223912121,T,66.52,400,66.57,400,KO
2025-10-08,9:30:40.398467951,T,66.52,1400,66.57,400,KO
2025-10-08,9:30:40.398502913,T,66.52,1500,66.57,400,KO
2025-10-08,9:30:40.399099341,T,66.52,1400,66.57,400,KO
2025-10-08,9:30:40.400883607,T,66.52,400,66.57,400,KO
2025-10-08,9:30:41.685623669,T,66.52,400,66.56,100,KO
2025-10-08,9:30:41.686044676,T,66.52,400,66.56,200,KO
2025-10-08,9:30:42.456459549,T,66.52,400,66.56,100,KO
2025-10-08,9:30:43.536942963,T,66.52,400,66.56,500,KO
2025-10-08,9:30:43.537018194,T,66.52,400,66.56,700,KO
2025-10-08,9:30:43.537028242,T,66.52,400,66.55,100,KO
2025-10-08,9:30:43.537063261,T,66.52,400,66.55,500,KO
2025-10-08,9:30:43.538381483,T,66.52,400,66.55,700,KO
2025-10-08,9:30:43.538401468,T,66.52,400,66.54,100,KO
2025-10-08,9:30:43.538406543,T,66.52,400,66.54,500,KO
2025-10-08,9:30:43.538411555,T,66.51,400,66.54,500,KO
2025-10-08,9:30:43.538812431,T,66.52,100,66.54,500,KO
2025-10-08,9:30:43.551768282,T,66.52,100,66.54,400,KO
2025-10-08,9:30:43.598339247,T,66.52,100,66.55,600,KO
2025-10-08,9:30:44.249921141,T,66.52,100,66.55,1800,KO
2025-10-08,9:30:44.250031453,T,66.52,100,66.54,400,KO
2025-10-08,9:30:44.287420417,T,66.52,100,66.55,600,KO
2025-10-08,9:30:44.794082237,T,66.52,300,66.55,600,KO
2025-10-08,9:30:44.794107264,T,66.52,300,66.55,400,KO
2025-10-08,9:30:44.851163278,T,66.52,700,66.55,400,KO
2025-10-08,9:30:44.911065879,T,66.52,700,66.55,500,KO
2025-10-08,9:30:44.926512644,T,66.52,700,66.55,400,KO
2025-10-08,9:30:45.296754367,T,66.52,700,66.56,700,KO
2025-10-08,9:30:45.296759406,T,66.53,100,66.56,700,KO
2025-10-08,9:30:45.296779412,T,66.53,200,66.56,700,KO
2025-10-08,9:30:45.420859970,T,66.53,100,66.56,700,KO
2025-10-08,9:30:45.538866083,T,66.53,200,66.56,700,KO
2025-10-08,9:30:45.538876012,T,66.54,100,66.56,700,KO
2025-10-08,9:30:45.538881135,T,66.54,100,66.56,500,KO
2025-10-08,9:30:45.538896063,T,66.54,200,66.56,500,KO
2025-10-08,9:30:45.538906091,T,66.54,200,66.56,100,KO
2025-10-08,9:30:45.538956306,T,66.54,600,66.56,100,KO
2025-10-08,9:30:45.539146692,T,66.54,600,66.57,600,KO
2025-10-08,9:30:45.539156733,T,66.54,600,66.57,400,KO
2025-10-08,9:30:45.539166783,T,66.55,100,66.57,400,KO
2025-10-08,9:30:45.539166783,T,66.55,200,66.57,400,KO
2025-10-08,9:30:45.539196922,T,66.55,600,66.57,400,KO
2025-10-08,9:30:45.539201833,T,66.55,600,66.58,600,KO
2025-10-08,9:30:45.539357197,T,66.56,100,66.58,600,KO
2025-10-08,9:30:45.539412352,T,66.55,600,66.58,600,KO
2025-10-08,9:30:45.539432342,T,66.55,500,66.58,600,KO
2025-10-08,9:30:45.539472462,T,66.55,500,66.57,100,KO
2025-10-08,9:30:45.539502590,T,66.55,100,66.57,100,KO
2025-10-08,9:30:45.539507626,T,66.55,100,66.57,500,KO
2025-10-08,9:30:45.539537607,T,66.54,400,66.57,500,KO
2025-10-08,9:30:45.539798216,T,66.53,400,66.57,500,KO
2025-10-08,9:30:45.543507053,T,66.53,400,66.57,400,KO
2025-10-08,9:30:45.797632331,T,66.54,100,66.57,400,KO
2025-10-08,9:30:45.797657413,T,66.54,500,66.57,400,KO
2025-10-08,9:30:45.797692433,T,66.54,500,66.58,600,KO
2025-10-08,9:30:45.853956546,T,66.54,400,66.58,600,KO
2025-10-08,9:30:45.853981527,T,66.53,400,66.58,600,KO
2025-10-08,9:30:46.163278147,T,66.53,400,66.57,400,KO
2025-10-08,9:30:47.826053515,T,66.53,400,66.57,500,KO
2025-10-08,9:30:47.857483316,T,66.52,600,66.57,500,KO
2025-10-08,9:30:47.857488340,T,66.52,600,66.57,700,KO
2025-10-08,9:30:47.857563538,T,66.52,600,66.56,400,KO
2025-10-08,9:30:47.858400499,T,66.52,600,66.56,500,KO
2025-10-08,9:30:47.901468165,T,66.52,600,66.56,400,KO
2025-10-08,9:30:48.037296681,T,66.52,600,66.55,100,KO
2025-10-08,9:30:48.037326783,T,66.52,600,66.55,500,KO
2025-10-08,9:30:48.042318599,T,66.52,600,66.55,400,KO
2025-10-08,9:30:48.042343759,T,66.52,600,66.56,400,KO
2025-10-08,9:30:48.065789539,T,66.52,400,66.56,400,KO
2025-10-08,9:30:48.065789539,T,66.51,400,66.56,400,KO
2025-10-08,9:30:48.065814572,T,66.51,400,66.55,100,KO
2025-10-08,9:30:48.065814572,T,66.51,400,66.53,100,KO
2025-10-08,9:30:48.065884897,T,66.51,400,66.53,500,KO
2025-10-08,9:30:48.065889988,T,66.51,400,66.53,600,KO
2025-10-08,9:30:48.065904809,T,66.5,600,66.53,600,KO
2025-10-08,9:30:48.066270748,T,66.5,700,66.53,600,KO
2025-10-08,9:30:48.067568744,T,66.5,700,66.53,500,KO
2025-10-08,9:30:48.083902711,T,66.5,700,66.53,400,KO
2025-10-08,9:30:48.091941831,T,66.5,700,66.53,600,KO
2025-10-08,9:30:48.092227484,T,66.5,300,66.53,600,KO
2025-10-08,9:30:48.434492819,T,66.5,300,66.53,400,KO
2025-10-08,9:30:48.434527805,T,66.5,700,66.53,400,KO
2025-10-08,9:30:48.448626445,T,66.5,700,66.53,500,KO
2025-10-08,9:30:48.881387164,T,66.5,700,66.53,100,KO
2025-10-08,9:30:48.881732965,T,66.5,700,66.54,600,KO
2025-10-08,9:30:50.064685367,T,66.5,700,66.54,400,KO
2025-10-08,9:30:50.836142852,T,66.5,700,66.54,500,KO
2025-10-08,9:30:51.353154226,T,66.51,100,66.54,500,KO
2025-10-08,9:30:51.353174255,T,66.51,200,66.54,500,KO
2025-10-08,9:30:51.538515730,T,66.51,200,66.53,100,KO
2025-10-08,9:30:51.583302407,T,66.51,100,66.53,100,KO
2025-10-08,9:30:51.638584099,T,66.5,700,66.53,100,KO
2025-10-08,9:30:51.638619265,T,66.5,700,66.53,500,KO
2025-10-08,9:30:51.638634215,T,66.5,600,66.53,500,KO
2025-10-08,9:30:51.638639227,T,66.5,600,66.53,400,KO
2025-10-08,9:30:51.638639227,T,66.5,600,66.52,100,KO
2025-10-08,9:30:51.638689327,T,66.5,200,66.52,100,KO
2025-10-08,9:30:51.774532914,T,66.5,400,66.52,100,KO
2025-10-08,9:30:52.297734120,T,66.5,400,66.53,400,KO
2025-10-08,9:30:52.297758976,T,66.5,500,66.53,400,KO
2025-10-08,9:30:52.297774061,T,66.5,900,66.53,400,KO
2025-10-08,9:30:52.297794133,T,66.5,900,66.54,500,KO
2025-10-08,9:30:52.304790827,T,66.5,800,66.54,500,KO
2025-10-08,9:30:52.381844332,T,66.51,100,66.54,500,KO
2025-10-08,9:30:53.305544398,T,66.51,100,66.53,100,KO
2025-10-08,9:30:54.873213179,T,66.51,100,66.54,500,KO
2025-10-08,9:30:54.873228264,T,66.51,500,66.54,500,KO
2025-10-08,9:30:54.873233114,T,66.52,100,66.54,500,KO
2025-10-08,9:30:54.873233114,T,66.52,200,66.54,500,KO
2025-10-08,9:30:54.873238149,T,66.52,200,66.54,100,KO
2025-10-08,9:30:54.873278214,T,66.52,600,66.54,100,KO
2025-10-08,9:30:54.873794483,T,66.52,500,66.54,100,KO
2025-10-08,9:30:54.874420981,T,66.52,400,66.54,100,KO
2025-10-08,9:30:54.923753438,T,66.51,500,66.54,100,KO
2025-10-08,9:30:54.923778502,T,66.51,400,66.54,100,KO
2025-10-08,9:30:55.000496198,T,66.52,100,66.54,100,KO
2025-10-08,9:30:55.212816972,T,66.52,100,66.55,400,KO
2025-10-08,9:30:55.212822281,T,66.52,100,66.54,100,KO
2025-10-08,9:30:55.212827319,T,66.52,100,66.55,400,KO
2025-10-08,9:30:55.212837228,T,66.52,100,66.54,100,KO
2025-10-08,9:30:55.212837228,T,66.52,500,66.54,100,KO
2025-10-08,9:30:55.212841992,T,66.52,500,66.55,400,KO
2025-10-08,9:30:55.212841992,T,66.53,100,66.55,400,KO
2025-10-08,9:30:55.212847014,T,66.53,100,66.54,100,KO
2025-10-08,9:30:55.212857106,T,66.53,100,66.55,400,KO
2025-10-08,9:30:55.212892146,T,66.53,500,66.55,400,KO
2025-10-08,9:30:55.213263060,T,66.53,500,66.54,100,KO
2025-10-08,9:30:55.213293096,T,66.53,500,66.56,600,KO
2025-10-08,9:30:55.213393306,T,66.53,400,66.56,600,KO
2025-10-08,9:30:55.226800260,T,66.52,400,66.56,600,KO
2025-10-08,9:30:55.249885311,T,66.53,100,66.56,600,KO
2025-10-08,9:30:55.249915355,T,66.53,500,66.56,600,KO
2025-10-08,9:30:55.261372650,T,66.53,400,66.56,600,KO
2025-10-08,9:30:55.261397649,T,66.52,400,66.56,600,KO
2025-10-08,9:30:55.339563893,T,66.53,100,66.56,600,KO
2025-10-08,9:30:55.339593952,T,66.53,500,66.56,600,KO
2025-10-08,9:30:55.361044945,T,66.53,400,66.56,600,KO
2025-10-08,9:30:55.361075067,T,66.52,400,66.56,600,KO
2025-10-08,9:30:55.437557260,T,66.53,100,66.56,600,KO
2025-10-08,9:30:55.437592317,T,66.53,500,66.56,600,KO
2025-10-08,9:30:55.668717762,T,66.53,500,66.56,200,KO
2025-10-08,9:30:55.668717762,T,66.53,500,66.57,600,KO
2025-10-08,9:30:55.668823032,T,66.53,500,66.57,400,KO
2025-10-08,9:30:55.728555311,T,66.53,500,66.58,600,KO
2025-10-08,9:30:55.728560323,T,66.55,100,66.58,600,KO
2025-10-08,9:30:55.728575405,T,66.55,200,66.58,600,KO
2025-10-08,9:30:55.728580747,T,66.55,300,66.58,600,KO
2025-10-08,9:30:55.728580747,T,66.56,100,66.58,600,KO
2025-10-08,9:30:55.728595514,T,66.56,100,66.58,400,KO
2025-10-08,9:30:55.728600467,T,66.56,100,66.59,600,KO
2025-10-08,9:30:55.728635464,T,66.56,500,66.59,600,KO
2025-10-08,9:30:55.728886059,T,66.56,500,66.59,400,KO
2025-10-08,9:30:55.729091565,T,66.56,500,66.6,600,KO
2025-10-08,9:30:55.730344515,T,66.56,400,66.6,600,KO
2025-10-08,9:30:55.740072710,T,66.56,400,66.59,400,KO
2025-10-08,9:30:55.740543878,T,66.56,400,66.59,500,KO
2025-10-08,9:30:55.751179427,T,66.56,400,66.59,400,KO
2025-10-08,9:30:55.813477595,T,66.55,500,66.59,400,KO
2025-10-08,9:30:55.828804110,T,66.55,400,66.59,400,KO
2025-10-08,9:30:55.891227742,T,66.56,100,66.59,400,KO
2025-10-08,9:30:57.065419329,T,66.56,100,66.6,600,KO
2025-10-08,9:30:57.065444462,T,66.56,100,66.59,100,KO
2025-10-08,9:30:57.067203985,T,66.54,400,66.59,100,KO
2025-10-08,9:30:57.083728234,T,66.54,400,66.59,200,KO
2025-10-08,9:30:57.083728234,T,66.55,100,66.59,200,KO
2025-10-08,9:30:57.083763008,T,66.55,500,66.59,200,KO
2025-10-08,9:30:57.083798221,T,66.56,400,66.59,200,KO
2025-10-08,9:30:57.083868325,T,66.56,400,66.59,100,KO
2025-10-08,9:30:57.110832539,T,66.56,400,66.6,600,KO
2025-10-08,9:30:57.111423921,T,66.56,400,66.6,400,KO
2025-10-08,9:30:58.384455957,T,66.56,400,66.61,600,KO
2025-10-08,9:30:58.406834270,T,66.56,400,66.6,100,KO
2025-10-08,9:30:58.483306367,T,66.57,100,66.6,100,KO
2025-10-08,9:30:58.484674623,T,66.57,500,66.6,100,KO
2025-10-08,9:30:59.530470459,T,66.57,100,66.6,100,KO
2025-10-08,9:31:00.025464423,T,66.57,100,66.6,500,KO
2025-10-08,9:31:00.191625180,T,66.54,400,66.6,500,KO
2025-10-08,9:31:00.270212364,T,66.56,100,66.6,500,KO
2025-10-08,9:31:01.369640901,T,66.56,500,66.6,500,KO
2025-10-08,9:31:01.369670897,T,66.56,500,66.6,100,KO
2025-10-08,9:31:01.522850948,T,66.56,500,66.6,200,KO
2025-10-08,9:31:03.033669199,T,66.56,500,66.6,100,KO
2025-10-08,9:31:05.266422037,T,66.56,100,66.6,100,KO
2025-10-08,9:31:05.298593633,T,66.56,100,66.6,500,KO
2025-10-08,9:31:05.299520805,T,66.54,400,66.6,500,KO
2025-10-08,9:31:05.717356023,T,66.53,400,66.6,500,KO
2025-10-08,9:31:07.745165867,T,66.53,400,66.6,600,KO
2025-10-08,9:31:07.745175920,T,66.53,400,66.59,100,KO
2025-10-08,9:31:07.745215967,T,66.53,400,66.58,100,KO
2025-10-08,9:31:07.745230964,T,66.53,400,66.58,500,KO
2025-10-08,9:31:07.745235934,T,66.53,400,66.57,100,KO
2025-10-08,9:31:07.745241036,T,66.53,400,66.57,200,KO
2025-10-08,9:31:07.745251293,T,66.53,400,66.57,300,KO
2025-10-08,9:31:07.752247641,T,66.53,400,66.57,200,KO
2025-10-08,9:31:07.823347051,T,66.54,100,66.57,200,KO
2025-10-08,9:31:08.777329229,T,66.54,100,66.56,100,KO
2025-10-08,9:31:08.777344233,T,66.54,100,66.56,200,KO
2025-10-08,9:31:10.830308841,T,66.54,100,66.56,100,KO
2025-10-08,9:31:12.698884384,T,66.54,100,66.56,300,KO
2025-10-08,9:31:12.698889418,T,66.54,100,66.56,700,KO
2025-10-08,9:31:12.698914490,T,66.52,400,66.56,700,KO
2025-10-08,9:31:12.698950350,T,66.52,400,66.55,400,KO
2025-10-08,9:31:12.698954536,T,66.52,400,66.55,500,KO
2025-10-08,9:31:12.698974673,T,66.52,400,66.55,600,KO
2025-10-08,9:31:12.701490658,T,66.52,400,66.54,100,KO
2025-10-08,9:31:12.701500610,T,66.52,400,66.54,200,KO
2025-10-08,9:31:12.701921668,T,66.52,400,66.54,100,KO
2025-10-08,9:31:12.719724047,T,66.52,400,66.55,500,KO
2025-10-08,9:31:12.719749155,T,66.52,400,66.55,600,KO
2025-10-08,9:31:12.775095928,T,66.52,400,66.55,200,KO
2025-10-08,9:31:12.798802339,T,66.53,100,66.55,200,KO
2025-10-08,9:31:12.798827442,T,66.52,400,66.55,200,KO
2025-10-08,9:31:12.798852473,T,66.52,400,66.54,100,KO
2025-10-08,9:31:12.798882588,T,66.52,400,66.54,200,KO
2025-10-08,9:31:12.799203354,T,66.53,100,66.54,200,KO
2025-10-08,9:31:12.799213432,T,66.53,200,66.54,200,KO
2025-10-08,9:31:12.799228691,T,66.53,100,66.54,200,KO
2025-10-08,9:31:12.799428946,T,66.53,500,66.54,200,KO
2025-10-08,9:31:12.799443903,T,66.53,500,66.54,100,KO
2025-10-08,9:31:12.799443903,T,66.53,500,66.55,100,KO
2025-10-08,9:31:12.810455158,T,66.53,500,66.56,700,KO
2025-10-08,9:31:12.931598730,T,66.53,500,66.56,600,KO
2025-10-08,9:31:13.253014159,T,66.53,500,66.56,400,KO
2025-10-08,9:31:13.253129531,T,66.53,500,66.56,500,KO
2025-10-08,9:31:13.699362281,T,66.53,600,66.56,500,KO
2025-10-08,9:31:15.064498624,T,66.53,600,66.56,100,KO
2025-10-08,9:31:15.954864225,T,66.53,600,66.57,600,KO
2025-10-08,9:31:15.954879363,T,66.54,400,66.57,600,KO
2025-10-08,9:31:15.954899317,T,66.54,500,66.57,600,KO
2025-10-08,9:31:15.955661198,T,66.54,600,66.57,600,KO
2025-10-08,9:31:15.965008478,T,66.54,600,66.57,400,KO
2025-10-08,9:31:16.170853795,T,66.54,600,66.58,700,KO
2025-10-08,9:31:16.170913787,T,66.55,100,66.58,700,KO
2025-10-08,9:31:16.170933950,T,66.55,200,66.58,700,KO
2025-10-08,9:31:16.170948898,T,66.55,600,66.58,700,KO
2025-10-08,9:31:16.171194547,T,66.55,600,66.58,500,KO
2025-10-08,9:31:16.171470109,T,66.55,500,66.58,500,KO
2025-10-08,9:31:16.171500180,T,66.55,600,66.58,500,KO
2025-10-08,9:31:16.171926256,T,66.55,400,66.58,500,KO
2025-10-08,9:31:16.171931330,T,66.56,200,66.58,500,KO
2025-10-08,9:31:16.171966290,T,66.56,600,66.58,500,KO
2025-10-08,9:31:16.171966290,T,66.56,600,66.58,100,KO
2025-10-08,9:31:16.172257020,T,66.56,700,66.58,100,KO
2025-10-08,9:31:16.643058363,T,66.56,600,66.58,100,KO
2025-10-08,9:31:16.928919224,T,66.56,200,66.58,100,KO
2025-10-08,9:31:19.131720830,T,66.56,200,66.59,400,KO
2025-10-08,9:31:19.131755913,T,66.57,100,66.59,400,KO
2025-10-08,9:31:19.131760890,T,66.57,100,66.6,600,KO
2025-10-08,9:31:19.131795909,T,66.57,200,66.6,600,KO
2025-10-08,9:31:19.131806008,T,66.57,600,66.6,600,KO
2025-10-08,9:31:19.131856144,T,66.57,700,66.6,600,KO
2025-10-08,9:31:19.132222024,T,66.57,700,66.6,400,KO
2025-10-08,9:31:19.132312156,T,66.57,700,66.61,600,KO
2025-10-08,9:31:19.132502659,T,66.57,800,66.61,600,KO
2025-10-08,9:31:19.144736791,T,66.57,700,66.61,600,KO
2025-10-08,9:31:19.183273536,T,66.57,700,66.61,400,KO
2025-10-08,9:31:20.964005222,T,66.58,100,66.61,400,KO
2025-10-08,9:31:20.964005222,T,66.58,200,66.61,400,KO
2025-10-08,9:31:20.964005222,T,66.58,300,66.61,400,KO
2025-10-08,9:31:20.964015644,T,66.59,400,66.61,400,KO
2025-10-08,9:31:20.964054963,T,66.59,400,66.62,600,KO
2025-10-08,9:31:20.964064917,T,66.59,400,66.62,400,KO
2025-10-08,9:31:20.964069987,T,66.59,500,66.62,400,KO
2025-10-08,9:31:20.964606215,T,66.59,500,66.63,600,KO
2025-10-08,9:31:20.965062397,T,66.59,600,66.63,600,KO
2025-10-08,9:31:21.098625516,T,66.59,600,66.63,400,KO
2025-10-08,9:31:25.064350859,T,66.59,600,66.64,600,KO
2025-10-08,9:31:25.075953500,T,66.59,600,66.64,400,KO
2025-10-08,9:31:31.084208733,T,66.59,600,66.63,300,KO
2025-10-08,9:31:31.089431074,T,66.59,600,66.63,700,KO
2025-10-08,9:31:33.482475791,T,66.59,200,66.63,700,KO
2025-10-08,9:31:33.490154091,T,66.58,500,66.63,700,KO
2025-10-08,9:31:33.490179507,T,66.58,500,66.62,100,KO
2025-10-08,9:31:33.490179507,T,66.58,500,66.6,100,KO
2025-10-08,9:31:33.490204152,T,66.58,400,66.6,100,KO
2025-10-08,9:31:33.490204152,T,66.56,400,66.6,100,KO
2025-10-08,9:31:33.490229161,T,66.56,400,66.6,500,KO
2025-10-08,9:31:33.490274370,T,66.56,400,66.6,700,KO
2025-10-08,9:31:33.490464820,T,66.55,500,66.6,700,KO
2025-10-08,9:31:33.490564994,T,66.55,500,66.58,400,KO
2025-10-08,9:31:33.490585117,T,66.55,600,66.58,400,KO
2025-10-08,9:31:33.490800586,T,66.55,200,66.58,400,KO
2025-10-08,9:31:33.490935912,T,66.55,100,66.58,400,KO
2025-10-08,9:31:33.490966006,T,66.55,100,66.58,600,KO
2025-10-08,9:31:33.491041172,T,66.55,100,66.57,100,KO
2025-10-08,9:31:33.491066206,T,66.54,500,66.57,100,KO
2025-10-08,9:31:33.491076238,T,66.54,500,66.57,500,KO
2025-10-08,9:31:33.491086691,T,66.54,500,66.57,700,KO
2025-10-08,9:31:33.491101314,T,66.54,500,66.57,900,KO
2025-10-08,9:31:33.491131361,T,66.54,100,66.57,900,KO
2025-10-08,9:31:33.491136406,T,66.53,400,66.57,900,KO
2025-10-08,9:31:33.491156481,T,66.53,400,66.56,200,KO
2025-10-08,9:31:33.491226753,T,66.53,400,66.56,600,KO
2025-10-08,9:31:33.492108658,T,66.53,400,66.56,200,KO
2025-10-08,9:31:33.492138775,T,66.53,400,66.57,600,KO
2025-10-08,9:31:34.289788641,T,66.52,400,66.57,600,KO
2025-10-08,9:31:34.289838781,T,66.51,400,66.57,600,KO
2025-10-08,9:31:34.289873780,T,66.52,900,66.57,600,KO
2025-10-08,9:31:35.565702332,T,66.51,400,66.57,600,KO
2025-10-08,9:31:36.916945701,T,66.51,400,66.56,100,KO
2025-10-08,9:31:37.064817897,T,66.51,400,66.56,500,KO
2025-10-08,9:31:37.065068480,T,66.51,400,66.56,700,KO
2025-10-08,9:31:37.065188762,T,66.51,400,66.55,400,KO
2025-10-08,9:31:37.065188762,T,66.51,400,66.55,600,KO
2025-10-08,9:31:37.065193699,T,66.51,400,66.54,100,KO
2025-10-08,9:31:37.065213827,T,66.51,400,66.54,200,KO
2025-10-08,9:31:37.065223864,T,66.51,400,66.53,100,KO
2025-10-08,9:31:37.065228828,T,66.51,400,66.53,200,KO
2025-10-08,9:31:37.065624737,T,66.51,400,66.53,600,KO
2025-10-08,9:31:37.065644766,T,66.5,600,66.53,600,KO
2025-10-08,9:31:37.065674937,T,66.5,600,66.53,700,KO
2025-10-08,9:31:37.066191178,T,66.5,600,66.53,800,KO
2025-10-08,9:31:37.066211135,T,66.5,200,66.53,800,KO
2025-10-08,9:31:37.066246253,T,66.49,600,66.53,800,KO
2025-10-08,9:31:37.066261266,T,66.49,600,66.53,700,KO
2025-10-08,9:31:37.066366541,T,66.49,600,66.53,600,KO
2025-10-08,9:31:37.066366541,T,66.49,600,66.52,100,KO
2025-10-08,9:31:37.066381610,T,66.5,400,66.52,100,KO
2025-10-08,9:31:37.066391562,T,66.51,100,66.52,100,KO
2025-10-08,9:31:37.066516926,T,66.51,100,66.53,500,KO
2025-10-08,9:31:37.066536938,T,66.51,500,66.53,500,KO
2025-10-08,9:31:37.066542000,T,66.51,600,66.53,500,KO
2025-10-08,9:31:37.066551983,T,66.51,500,66.53,500,KO
2025-10-08,9:31:37.066572052,T,66.51,400,66.53,500,KO
2025-10-08,9:31:37.066572052,T,66.51,400,66.52,100,KO
2025-10-08,9:31:37.067824987,T,66.51,400,66.53,500,KO
2025-10-08,9:31:37.068155816,T,66.51,400,66.53,100,KO
2025-10-08,9:31:37.068185872,T,66.51,400,66.54,400,KO
2025-10-08,9:31:37.101319784,T,66.51,400,66.53,100,KO
2025-10-08,9:31:37.101349831,T,66.5,400,66.53,100,KO
2025-10-08,9:31:37.101881116,T,66.5,400,66.54,400,KO
2025-10-08,9:31:37.667493363,T,66.5,400,66.53,200,KO
2025-10-08,9:31:37.667548446,T,66.5,400,66.54,600,KO
2025-10-08,9:31:37.667613543,T,66.5,400,66.53,400,KO
2025-10-08,9:31:37.667618637,T,66.5,400,66.53,600,KO
2025-10-08,9:31:37.696602620,T,66.5,400,66.53,400,KO
2025-10-08,9:31:37.710069664,T,66.5,400,66.53,600,KO
2025-10-08,9:31:38.064348598,T,66.49,600,66.53,600,KO
2025-10-08,9:31:38.065616546,T,66.5,600,66.53,600,KO
2025-10-08,9:31:38.570468942,T,66.5,600,66.53,400,KO
2025-10-08,9:31:38.816580123,T,66.51,100,66.53,400,KO
2025-10-08,9:31:39.700801108,T,66.51,100,66.54,600,KO
2025-10-08,9:31:40.816558511,T,66.51,300,66.54,600,KO
2025-10-08,9:31:40.816864220,T,66.51,300,66.54,400,KO
2025-10-08,9:31:42.661252478,T,66.51,300,66.54,500,KO
2025-10-08,9:31:42.661307298,T,66.51,400,66.54,500,KO
2025-10-08,9:31:42.661312309,T,66.51,400,66.54,100,KO
2025-10-08,9:31:42.661317343,T,66.51,800,66.54,100,KO
2025-10-08,9:31:42.661322505,T,66.51,800,66.55,400,KO
2025-10-08,9:31:42.661347352,T,66.53,100,66.55,400,KO
2025-10-08,9:31:42.661457648,T,66.53,100,66.55,500,KO
2025-10-08,9:31:42.661507766,T,66.53,500,66.55,500,KO
2025-10-08,9:31:42.661522741,T,66.53,500,66.54,100,KO
2025-10-08,9:31:42.661542887,T,66.53,400,66.54,100,KO
2025-10-08,9:31:42.661723317,T,66.53,400,66.56,600,KO
2025-10-08,9:31:42.662034055,T,66.53,500,66.56,600,KO
2025-10-08,9:31:42.664254554,T,66.53,400,66.56,600,KO
2025-10-08,9:31:42.664254554,T,66.52,400,66.56,600,KO
2025-10-08,9:31:42.664269332,T,66.52,400,66.55,100,KO
2025-10-08,9:31:42.664274480,T,66.52,400,66.55,200,KO
2025-10-08,9:31:42.664279371,T,66.52,400,66.54,400,KO
2025-10-08,9:31:42.664284346,T,66.52,400,66.54,500,KO
2025-10-08,9:31:42.664294381,T,66.52,400,66.54,700,KO
2025-10-08,9:31:42.664585116,T,66.51,600,66.54,700,KO
2025-10-08,9:31:42.664730444,T,66.51,600,66.54,600,KO
2025-10-08,9:31:42.742154856,T,66.51,600,66.54,400,KO
2025-10-08,9:31:42.742164836,T,66.52,100,66.54,400,KO
2025-10-08,9:31:42.742184900,T,66.52,100,66.55,600,KO
2025-10-08,9:31:42.742189935,T,66.52,500,66.55,600,KO
2025-10-08,9:31:42.742561202,T,66.52,500,66.55,200,KO
2025-10-08,9:31:42.742561202,T,66.52,500,66.56,600,KO
2025-10-08,9:31:42.742590803,T,66.52,500,66.56,400,KO
2025-10-08,9:31:42.742721168,T,66.52,400,66.56,400,KO
2025-10-08,9:31:42.764056968,T,66.53,400,66.56,400,KO
2025-10-08,9:31:42.764282567,T,66.52,400,66.56,400,KO
2025-10-08,9:31:42.841215766,T,66.53,100,66.56,400,KO
2025-10-08,9:31:42.841245802,T,66.53,500,66.56,400,KO
2025-10-08,9:31:42.868976914,T,66.53,500,66.57,600,KO
2025-10-08,9:31:42.869067127,T,66.53,500,66.57,400,KO
2025-10-08,9:31:43.112135944,T,66.53,500,66.58,600,KO
2025-10-08,9:31:44.768460982,T,66.53,500,66.58,400,KO
2025-10-08,9:31:44.768511144,T,66.53,500,66.57,100,KO
2025-10-08,9:31:46.379698586,T,66.53,500,66.58,400,KO
2025-10-08,9:31:46.379924075,T,66.53,100,66.58,400,KO
2025-10-08,9:31:46.379929052,T,66.53,100,66.57,100,KO
2025-10-08,9:31:46.379929052,T,66.53,100,66.56,200,KO
2025-10-08,9:31:46.379959142,T,66.53,100,66.56,600,KO
2025-10-08,9:31:46.380104457,T,66.53,100,66.55,400,KO
2025-10-08,9:31:46.381041749,T,66.51,500,66.55,400,KO
2025-10-08,9:31:48.166118375,T,66.51,500,66.56,600,KO
2025-10-08,9:31:48.166143338,T,66.51,400,66.56,600,KO
2025-10-08,9:31:48.168123114,T,66.51,400,66.55,200,KO
2025-10-08,9:31:48.168153140,T,66.51,400,66.55,300,KO
2025-10-08,9:31:48.168599196,T,66.51,400,66.54,100,KO
2025-10-08,9:31:48.181921007,T,66.51,400,66.55,300,KO
2025-10-08,9:31:48.181945969,T,66.53,100,66.55,300,KO
2025-10-08,9:31:48.181945969,T,66.53,100,66.55,200,KO
2025-10-08,9:31:48.181951071,T,66.53,200,66.55,200,KO
2025-10-08,9:31:48.181981123,T,66.53,600,66.55,200,KO
2025-10-08,9:31:48.182397093,T,66.54,100,66.55,200,KO
2025-10-08,9:31:48.182652745,T,66.54,100,66.56,400,KO
2025-10-08,9:31:48.182687782,T,66.54,500,66.56,400,KO
2025-10-08,9:31:48.183133797,T,66.54,500,66.57,700,KO
2025-10-08,9:31:48.183138882,T,66.54,400,66.57,700,KO
2025-10-08,9:31:48.183158888,T,66.54,500,66.57,700,KO
2025-10-08,9:31:48.188551685,T,66.54,600,66.57,700,KO
2025-10-08,9:31:48.188576834,T,66.54,600,66.57,500,KO
2025-10-08,9:31:48.188576834,T,66.54,500,66.57,500,KO
2025-10-08,9:31:48.188591895,T,66.54,500,66.57,100,KO
2025-10-08,9:31:48.188922912,T,66.54,500,66.58,600,KO
2025-10-08,9:31:48.228206149,T,66.54,500,66.58,400,KO
2025-10-08,9:31:52.351557001,T,66.54,500,66.57,100,KO
2025-10-08,9:31:52.351577052,T,66.54,400,66.57,100,KO
2025-10-08,9:31:52.351787589,T,66.54,400,66.58,400,KO
2025-10-08,9:31:52.351872745,T,66.55,400,66.58,400,KO
2025-10-08,9:31:57.505407116,T,66.53,400,66.58,400,KO
2025-10-08,9:31:58.297503661,T,66.55,200,66.58,400,KO
2025-10-08,9:31:58.938269859,T,66.55,600,66.58,400,KO
2025-10-08,9:31:58.944178866,T,66.55,600,66.59,700,KO
2025-10-08,9:32:00.001617505,T,66.55,600,66.58,100,KO
2025-10-08,9:32:00.009511244,T,66.55,200,66.58,100,KO
2025-10-08,9:32:01.409856611,T,66.53,500,66.58,100,KO
2025-10-08,9:32:01.409861649,T,66.53,500,66.57,100,KO
2025-10-08,9:32:01.409871663,T,66.53,500,66.57,500,KO
2025-10-08,9:32:01.409876654,T,66.53,500,66.57,600,KO
2025-10-08,9:32:01.409876654,T,66.53,500,66.57,700,KO
2025-10-08,9:32:01.409881601,T,66.53,500,66.57,900,KO
2025-10-08,9:32:01.409881601,T,66.53,500,66.56,100,KO
2025-10-08,9:32:01.409881601,T,66.53,500,66.56,200,KO
2025-10-08,9:32:01.409916712,T,66.53,500,66.56,300,KO
2025-10-08,9:32:01.409941800,T,66.53,500,66.55,100,KO
2025-10-08,9:32:01.410021950,T,66.53,400,66.55,100,KO
2025-10-08,9:32:01.410302596,T,66.53,400,66.55,500,KO
2025-10-08,9:32:01.410984246,T,66.52,500,66.55,500,KO
2025-10-08,9:32:01.410989248,T,66.52,500,66.55,700,KO
2025-10-08,9:32:01.411024417,T,66.52,400,66.55,700,KO
2025-10-08,9:32:01.411054499,T,66.51,400,66.55,700,KO
2025-10-08,9:32:01.411104600,T,66.51,400,66.55,800,KO
2025-10-08,9:32:01.411114563,T,66.51,400,66.54,100,KO
2025-10-08,9:32:01.411129569,T,66.51,400,66.54,200,KO
2025-10-08,9:32:01.411134639,T,66.51,400,66.54,600,KO
2025-10-08,9:32:01.411259946,T,66.51,400,66.54,700,KO
2025-10-08,9:32:01.411395224,T,66.51,400,66.54,600,KO
2025-10-08,9:32:01.411430289,T,66.51,400,66.54,700,KO
2025-10-08,9:32:01.411525506,T,66.51,400,66.54,800,KO
2025-10-08,9:32:01.411670872,T,66.51,400,66.54,700,KO
2025-10-08,9:32:01.411685902,T,66.51,400,66.53,100,KO
2025-10-08,9:32:01.510972444,T,66.51,400,66.54,500,KO
2025-10-08,9:32:01.510992577,T,66.52,100,66.54,500,KO
2025-10-08,9:32:01.510997532,T,66.52,200,66.54,500,KO
2025-10-08,9:32:01.511003149,T,66.52,200,66.54,600,KO
2025-10-08,9:32:01.511007532,T,66.52,300,66.54,600,KO
2025-10-08,9:32:01.511027531,T,66.52,700,66.54,600,KO
2025-10-08,9:32:01.511092656,T,66.52,800,66.54,600,KO
2025-10-08,9:32:01.511182901,T,66.52,800,66.54,200,KO
2025-10-08,9:32:01.511182901,T,66.52,900,66.54,200,KO
2025-10-08,9:32:01.511348530,T,66.53,100,66.54,200,KO
2025-10-08,9:32:01.511438672,T,66.52,700,66.54,200,KO
2025-10-08,9:32:01.511473778,T,66.52,600,66.54,200,KO
2025-10-08,9:32:01.511478935,T,66.52,500,66.54,200,KO
2025-10-08,9:32:01.511478935,T,66.52,400,66.54,200,KO
2025-10-08,9:32:01.511478935,T,66.51,400,66.54,200,KO
2025-10-08,9:32:01.511503979,T,66.51,400,66.53,100,KO
2025-10-08,9:32:01.511503979,T,66.51,400,66.53,200,KO
2025-10-08,9:32:01.511513682,T,66.51,400,66.53,400,KO
2025-10-08,9:32:01.511513682,T,66.51,400,66.53,800,KO
2025-10-08,9:32:01.511543805,T,66.52,100,66.53,800,KO
2025-10-08,9:32:01.511558804,T,66.52,100,66.53,600,KO
2025-10-08,9:32:01.511578828,T,66.52,200,66.53,600,KO
2025-10-08,9:32:01.511739264,T,66.52,200,66.53,200,KO
2025-10-08,9:32:01.511954763,T,66.52,200,66.53,600,KO
2025-10-08,9:32:01.512816777,T,66.52,200,66.53,200,KO
2025-10-08,9:32:01.528454038,T,66.52,100,66.53,200,KO
2025-10-08,9:32:01.528474077,T,66.52,100,66.53,100,KO
2025-10-08,9:32:01.872724109,T,66.51,400,66.53,100,KO
2025-10-08,9:32:01.872754099,T,66.51,400,66.53,200,KO
2025-10-08,9:32:01.872764148,T,66.51,400,66.53,600,KO
2025-10-08,9:32:01.872794160,T,66.51,400,66.53,800,KO
2025-10-08,9:32:01.873475743,T,66.5,400,66.53,800,KO
2025-10-08,9:32:01.879785858,T,66.5,400,66.53,700,KO
2025-10-08,9:32:02.078970242,T,66.49,600,66.53,700,KO
2025-10-08,9:32:02.079050385,T,66.49,600,66.52,400,KO
2025-10-08,9:32:02.079105520,T,66.49,600,66.52,500,KO
2025-10-08,9:32:02.366750618,T,66.49,600,66.52,100,KO
2025-10-08,9:32:02.617603109,T,66.49,600,66.51,100,KO
2025-10-08,9:32:02.617658280,T,66.49,600,66.51,200,KO
2025-10-08,9:32:02.617808650,T,66.49,600,66.51,600,KO
2025-10-08,9:32:02.617843735,T,66.49,600,66.51,700,KO
2025-10-08,9:32:02.617848796,T,66.49,200,66.51,700,KO
2025-10-08,9:32:02.617908806,T,66.49,200,66.51,900,KO
2025-10-08,9:32:02.618124370,T,66.49,200,66.51,700,KO
2025-10-08,9:32:02.618319977,T,66.49,200,66.51,600,KO
2025-10-08,9:32:02.618324848,T,66.49,200,66.51,500,KO
2025-10-08,9:32:02.618324848,T,66.49,200,66.51,400,KO
2025-10-08,9:32:02.618329857,T,66.49,200,66.52,600,KO
2025-10-08,9:32:02.618329857,T,66.5,100,66.52,600,KO
2025-10-08,9:32:02.618345166,T,66.5,200,66.52,600,KO
2025-10-08,9:32:02.618349906,T,66.5,300,66.52,600,KO
2025-10-08,9:32:02.618349906,T,66.5,400,66.52,600,KO
2025-10-08,9:32:02.618354879,T,66.5,800,66.52,600,KO
2025-10-08,9:32:02.618360163,T,66.5,900,66.52,600,KO
2025-10-08,9:32:02.618360163,T,66.5,1000,66.52,600,KO
2025-10-08,9:32:02.618364931,T,66.5,1100,66.52,600,KO
2025-10-08,9:32:02.618364931,T,66.5,1100,66.52,400,KO
2025-10-08,9:32:02.618555413,T,66.5,1000,66.52,400,KO
2025-10-08,9:32:02.618560440,T,66.5,1100,66.52,400,KO
2025-10-08,9:32:02.618605536,T,66.5,1000,66.52,400,KO
2025-10-08,9:32:02.618660858,T,66.5,900,66.52,400,KO
2025-10-08,9:32:02.618660858,T,66.5,1000,66.52,400,KO
2025-10-08,9:32:02.618841129,T,66.51,100,66.52,400,KO
2025-10-08,9:32:02.618846192,T,66.51,200,66.52,400,KO
2025-10-08,9:32:02.618896214,T,66.51,300,66.52,400,KO
2025-10-08,9:32:02.618941304,T,66.51,300,66.53,400,KO
2025-10-08,9:32:02.633826747,T,66.51,200,66.53,400,KO
2025-10-08,9:32:02.633861891,T,66.51,100,66.53,400,KO
2025-10-08,9:32:02.985419173,T,66.5,500,66.53,400,KO
2025-10-08,9:32:02.985449261,T,66.5,500,66.53,500,KO
2025-10-08,9:32:02.985449261,T,66.5,500,66.52,100,KO
2025-10-08,9:32:02.985459238,T,66.51,100,66.52,100,KO
2025-10-08,9:32:02.985479294,T,66.51,100,66.53,700,KO
2025-10-08,9:32:02.985484358,T,66.51,100,66.52,400,KO
2025-10-08,9:32:02.985609716,T,66.51,100,66.52,500,KO
2025-10-08,9:32:02.985614621,T,66.51,100,66.52,600,KO
2025-10-08,9:32:02.986176039,T,66.51,100,66.52,500,KO
2025-10-08,9:32:02.992345631,T,66.51,100,66.52,100,KO
2025-10-08,9:32:02.992380808,T,66.51,500,66.52,100,KO
2025-10-08,9:32:02.992385830,T,66.51,500,66.53,700,KO
2025-10-08,9:32:02.992390782,T,66.51,500,66.53,600,KO
2025-10-08,9:32:02.992606689,T,66.51,600,66.53,600,KO
2025-10-08,9:32:02.992801731,T,66.51,600,66.53,400,KO
2025-10-08,9:32:02.992892038,T,66.51,600,66.54,900,KO
2025-10-08,9:32:03.010614222,T,66.51,500,66.54,900,KO
2025-10-08,9:32:03.826978542,T,66.51,500,66.54,700,KO
2025-10-08,9:32:04.353101607,T,66.51,100,66.54,700,KO
2025-10-08,9:32:04.970532223,T,66.51,100,66.53,100,KO
2025-10-08,9:32:04.975980209,T,66.51,100,66.54,700,KO
2025-10-08,9:32:04.976005263,T,66.52,100,66.54,700,KO
2025-10-08,9:32:04.976005263,T,66.52,200,66.54,700,KO
2025-10-08,9:32:04.976010259,T,66.52,300,66.54,700,KO
2025-10-08,9:32:04.976010259,T,66.52,400,66.54,700,KO
2025-10-08,9:32:04.976280922,T,66.52,800,66.54,700,KO
2025-10-08,9:32:04.976441233,T,66.52,800,66.53,100,KO
2025-10-08,9:32:04.976466372,T,66.52,600,66.53,100,KO
2025-10-08,9:32:04.976471331,T,66.52,200,66.53,100,KO
2025-10-08,9:32:04.976561532,T,66.52,100,66.53,100,KO
2025-10-08,9:32:04.976596709,T,66.5,400,66.53,100,KO
2025-10-08,9:32:04.978766844,T,66.5,400,66.54,700,KO
2025-10-08,9:32:04.978787241,T,66.51,100,66.54,700,KO
2025-10-08,9:32:04.978787241,T,66.51,200,66.54,700,KO
2025-10-08,9:32:04.978792296,T,66.52,100,66.54,700,KO
2025-10-08,9:32:04.978792296,T,66.52,200,66.54,700,KO
2025-10-08,9:32:04.979012364,T,66.52,600,66.54,700,KO
2025-10-08,9:32:04.979348180,T,66.52,500,66.54,700,KO
2025-10-08,9:32:04.984059439,T,66.52,100,66.54,700,KO
2025-10-08,9:32:04.985823613,T,66.51,700,66.54,700,KO
2025-10-08,9:32:04.990519807,T,66.51,700,66.53,400,KO
2025-10-08,9:32:04.990845640,T,66.51,600,66.53,400,KO
2025-10-08,9:32:04.990870751,T,66.51,200,66.53,400,KO
2025-10-08,9:32:04.990905726,T,66.51,100,66.53,400,KO
2025-10-08,9:32:05.078795110,T,66.5,400,66.53,400,KO
2025-10-08,9:32:05.261555321,T,66.49,400,66.53,400,KO
2025-10-08,9:32:05.499757703,T,66.49,400,66.53,500,KO
2025-10-08,9:32:05.753758445,T,66.49,400,66.52,100,KO
2025-10-08,9:32:05.753758445,T,66.49,400,66.52,500,KO
2025-10-08,9:32:05.753913005,T,66.49,400,66.52,700,KO
2025-10-08,9:32:05.753928013,T,66.49,400,66.51,100,KO
2025-10-08,9:32:05.753953041,T,66.49,400,66.51,500,KO
2025-10-08,9:32:05.753968050,T,66.49,400,66.51,600,KO
2025-10-08,9:32:05.754479369,T,66.49,400,66.51,500,KO
2025-10-08,9:32:05.754494384,T,66.49,400,66.51,1500,KO
2025-10-08,9:32:05.754504925,T,66.49,400,66.51,1700,KO
2025-10-08,9:32:05.754514452,T,66.49,400,66.51,700,KO
2025-10-08,9:32:05.754534473,T,66.48,600,66.51,700,KO
2025-10-08,9:32:05.754569524,T,66.48,600,66.5,400,KO
2025-10-08,9:32:05.756774788,T,66.48,200,66.5,400,KO
2025-10-08,9:32:06.161253116,T,66.48,200,66.51,600,KO
2025-10-08,9:32:06.334300272,T,66.47,600,66.51,600,KO
2025-10-08,9:32:07.047488932,T,66.47,600,66.5,400,KO
2025-10-08,9:32:07.106213826,T,66.47,600,66.5,600,KO
2025-10-08,9:32:07.125564875,T,66.47,600,66.49,400,KO
2025-10-08,9:32:07.125614949,T,66.47,200,66.49,400,KO
2025-10-08,9:32:07.125645107,T,66.46,700,66.49,400,KO
2025-10-08,9:32:07.125730235,T,66.46,600,66.49,400,KO
2025-10-08,9:32:07.126151297,T,66.46,600,66.49,600,KO
2025-10-08,9:32:07.136260310,T,66.46,600,66.48,700,KO
2025-10-08,9:32:07.136525963,T,66.46,600,66.48,1100,KO
2025-10-08,9:32:07.136531065,T,66.46,600,66.48,1300,KO
2025-10-08,9:32:07.145943447,T,66.46,200,66.48,1300,KO
2025-10-08,9:32:07.145978473,T,66.46,300,66.48,1300,KO
2025-10-08,9:32:07.146970871,T,66.46,300,66.48,900,KO
2025-10-08,9:32:07.149506953,T,66.46,300,66.48,700,KO
2025-10-08,9:32:08.469260171,T,66.46,100,66.48,700,KO
2025-10-08,9:32:08.469280232,T,66.46,100,66.48,1100,KO
2025-10-08,9:32:08.477900832,T,66.45,700,66.48,1100,KO
2025-10-08,9:32:08.477925881,T,66.45,700,66.47,100,KO
2025-10-08,9:32:08.477925881,T,66.45,700,66.47,300,KO
2025-10-08,9:32:08.477965915,T,66.45,700,66.47,700,KO
2025-10-08,9:32:08.478111298,T,66.45,700,66.47,900,KO
2025-10-08,9:32:08.478176409,T,66.45,300,66.47,900,KO
2025-10-08,9:32:08.478186490,T,66.45,100,66.47,900,KO
2025-10-08,9:32:08.478216563,T,66.45,200,66.47,900,KO
2025-10-08,9:32:08.478477145,T,66.45,200,66.47,800,KO
2025-10-08,9:32:08.490811595,T,66.45,200,66.47,700,KO
2025-10-08,9:32:08.559159284,T,66.45,200,66.47,500,KO
2025-10-08,9:32:08.559179341,T,66.45,200,66.47,400,KO
2025-10-08,9:32:08.578179563,T,66.45,200,66.48,1300,KO
2025-10-08,9:32:09.003858462,T,66.45,600,66.48,1300,KO
2025-10-08,9:32:09.003888540,T,66.45,600,66.48,1100,KO
2025-10-08,9:32:09.003923651,T,66.45,600,66.48,700,KO
2025-10-08,9:32:09.656237274,T,66.45,700,66.48,700,KO
2025-10-08,9:32:10.114639128,T,66.46,100,66.48,700,KO
2025-10-08,9:32:10.114664176,T,66.46,100,66.47,100,KO
2025-10-08,9:32:10.115130350,T,66.46,100,66.48,700,KO
2025-10-08,9:32:10.115150367,T,66.47,200,66.48,700,KO
2025-10-08,9:32:10.116187885,T,66.46,600,66.48,700,KO
2025-10-08,9:32:10.122467743,T,66.46,500,66.48,700,KO
2025-10-08,9:32:10.150544617,T,66.46,400,66.48,700,KO
2025-10-08,9:32:10.437964195,T,66.45,600,66.48,700,KO
2025-10-08,9:32:11.315639642,T,66.45,600,66.48,1100,KO
2025-10-08,9:32:11.315734852,T,66.45,600,66.48,1300,KO
2025-10-08,9:32:11.322225339,T,66.45,500,66.48,1300,KO
2025-10-08,9:32:11.426117832,T,66.45,100,66.48,1300,KO
2025-10-08,9:32:11.426147843,T,66.45,200,66.48,1300,KO
2025-10-08,9:32:12.828132046,T,66.45,200,66.47,400,KO
2025-10-08,9:32:12.828382636,T,66.45,200,66.47,500,KO
2025-10-08,9:32:12.996432819,T,66.45,200,66.47,400,KO
2025-10-08,9:32:13.952274410,T,66.45,200,66.48,1400,KO
2025-10-08,9:32:15.024803900,T,66.45,200,66.48,1500,KO
2025-10-08,9:32:15.024863973,T,66.45,200,66.48,1600,KO
2025-10-08,9:32:15.327765397,T,66.45,100,66.48,1600,KO
2025-10-08,9:32:15.327770467,T,66.44,600,66.48,1600,KO
2025-10-08,9:32:15.327770467,T,66.44,600,66.47,400,KO
2025-10-08,9:32:15.327790472,T,66.44,600,66.47,600,KO
2025-10-08,9:32:15.327795705,T,66.44,600,66.47,700,KO
2025-10-08,9:32:15.327795705,T,66.44,600,66.46,100,KO
2025-10-08,9:32:15.327800547,T,66.44,600,66.46,200,KO
2025-10-08,9:32:15.327800547,T,66.44,600,66.46,300,KO
2025-10-08,9:32:15.327825542,T,66.44,200,66.46,300,KO
2025-10-08,9:32:15.327830577,T,66.44,200,66.46,700,KO
2025-10-08,9:32:15.327840656,T,66.44,200,66.46,900,KO
2025-10-08,9:32:15.327950898,T,66.43,700,66.46,900,KO
2025-10-08,9:32:15.327950898,T,66.43,700,66.46,1000,KO
2025-10-08,9:32:15.328066140,T,66.43,600,66.46,1000,KO
2025-10-08,9:32:15.328346851,T,66.43,600,66.46,900,KO
2025-10-08,9:32:15.329559746,T,66.43,600,66.46,800,KO
2025-10-08,9:32:15.333839884,T,66.43,600,66.46,700,KO
2025-10-08,9:32:15.357897195,T,66.43,400,66.46,700,KO
2025-10-08,9:32:15.358027510,T,66.43,400,66.46,800,KO
2025-10-08,9:32:15.358032474,T,66.43,400,66.45,100,KO
2025-10-08,9:32:15.358037499,T,66.41,600,66.45,100,KO
2025-10-08,9:32:15.358197952,T,66.41,600,66.45,200,KO
2025-10-08,9:32:15.358217912,T,66.41,600,66.45,100,KO
2025-10-08,9:32:15.361646087,T,66.41,600,66.45,200,KO
2025-10-08,9:32:15.361661165,T,66.41,600,66.44,400,KO
2025-10-08,9:32:15.361976949,T,66.42,400,66.44,400,KO
2025-10-08,9:32:15.361981921,T,66.42,500,66.44,400,KO
2025-10-08,9:32:15.362022013,T,66.42,500,66.45,600,KO
2025-10-08,9:32:15.362082116,T,66.42,500,66.44,400,KO
2025-10-08,9:32:15.362177453,T,66.42,500,66.44,500,KO
2025-10-08,9:32:15.362177453,T,66.42,500,66.44,600,KO
2025-10-08,9:32:15.362187402,T,66.42,500,66.44,700,KO
2025-10-08,9:32:15.362247574,T,66.42,500,66.44,600,KO
2025-10-08,9:32:15.362247574,T,66.42,500,66.44,500,KO
2025-10-08,9:32:15.362312692,T,66.42,500,66.44,600,KO
2025-10-08,9:32:15.362337765,T,66.42,500,66.44,800,KO
2025-10-08,9:32:15.362352839,T,66.42,500,66.44,700,KO
2025-10-08,9:32:15.362372834,T,66.43,200,66.44,700,KO
2025-10-08,9:32:15.362387860,T,66.43,300,66.44,700,KO
2025-10-08,9:32:15.362392960,T,66.43,100,66.44,700,KO
2025-10-08,9:32:15.362397904,T,66.42,600,66.44,700,KO
2025-10-08,9:32:15.362407972,T,66.42,500,66.44,700,KO
2025-10-08,9:32:15.362668588,T,66.42,500,66.44,600,KO
2025-10-08,9:32:15.362773795,T,66.42,500,66.44,700,KO
2025-10-08,9:32:15.363019374,T,66.42,500,66.44,800,KO
2025-10-08,9:32:15.363029450,T,66.42,500,66.44,900,KO
2025-10-08,9:32:15.363029450,T,66.42,400,66.44,900,KO
2025-10-08,9:32:15.363039397,T,66.42,400,66.44,800,KO
2025-10-08,9:32:15.363059480,T,66.41,600,66.44,800,KO
2025-10-08,9:32:15.363585728,T,66.41,600,66.44,700,KO
2025-10-08,9:32:15.371434414,T,66.41,600,66.43,100,KO
2025-10-08,9:32:15.371464965,T,66.41,600,66.43,300,KO
2025-10-08,9:32:15.371484589,T,66.41,600,66.43,700,KO
2025-10-08,9:32:15.371725122,T,66.41,200,66.43,700,KO
2025-10-08,9:32:15.371800490,T,66.41,200,66.43,600,KO
2025-10-08,9:32:15.371805317,T,66.41,600,66.43,600,KO
2025-10-08,9:32:15.371855433,T,66.41,600,66.43,200,KO
2025-10-08,9:32:15.372071026,T,66.41,600,66.44,600,KO
2025-10-08,9:32:15.372071026,T,66.42,100,66.44,600,KO
2025-10-08,9:32:15.380110148,T,66.41,600,66.44,600,KO
2025-10-08,9:32:15.423127884,T,66.41,600,66.44,400,KO
2025-10-08,9:32:15.423127884,T,66.42,100,66.44,400,KO
2025-10-08,9:32:15.423132572,T,66.42,100,66.45,700,KO
2025-10-08,9:32:15.423167622,T,66.42,500,66.45,700,KO
2025-10-08,9:32:15.426580784,T,66.42,400,66.45,700,KO
2025-10-08,9:32:15.558058992,T,66.42,400,66.45,600,KO
2025-10-08,9:32:17.440582676,T,66.42,400,66.45,700,KO
2025-10-08,9:32:17.440733011,T,66.42,400,66.45,800,KO
2025-10-08,9:32:17.503206820,T,66.42,400,66.45,900,KO
2025-10-08,9:32:17.683837102,T,66.41,600,66.45,900,KO
2025-10-08,9:32:17.684353297,T,66.41,600,66.44,100,KO
2025-10-08,9:32:17.684353297,T,66.41,600,66.43,100,KO
2025-10-08,9:32:17.684358274,T,66.41,600,66.43,200,KO
2025-10-08,9:32:17.684358274,T,66.41,600,66.43,400,KO
2025-10-08,9:32:17.684884574,T,66.41,600,66.43,500,KO
2025-10-08,9:32:17.684899563,T,66.41,600,66.43,900,KO
2025-10-08,9:32:17.685115069,T,66.41,600,66.42,100,KO
2025-10-08,9:32:17.685140498,T,66.41,600,66.43,700,KO
2025-10-08,9:32:17.685140498,T,66.41,600,66.43,600,KO
2025-10-08,9:32:17.685140498,T,66.41,600,66.43,200,KO
2025-10-08,9:32:17.685160207,T,66.41,600,66.44,700,KO
2025-10-08,9:32:17.695163999,T,66.41,600,66.44,600,KO
2025-10-08,9:32:18.092480327,T,66.41,600,66.43,100,KO
2025-10-08,9:32:18.099762712,T,66.41,600,66.43,300,KO
2025-10-08,9:32:18.099762712,T,66.41,600,66.43,700,KO
2025-10-08,9:32:18.099767730,T,66.41,200,66.43,700,KO
2025-10-08,9:32:18.100038303,T,66.4,1000,66.43,700,KO
2025-10-08,9:32:18.100258820,T,66.4,1100,66.43,700,KO
2025-10-08,9:32:18.103155723,T,66.4,700,66.43,700,KO
2025-10-08,9:32:18.103160757,T,66.4,700,66.43,800,KO
2025-10-08,9:32:18.103160757,T,66.4,700,66.43,1600,KO
2025-10-08,9:32:18.103165737,T,66.4,700,66.41,100,KO
2025-10-08,9:32:18.103251013,T,66.4,500,66.41,100,KO
2025-10-08,9:32:18.103276019,T,66.4,400,66.41,100,KO
2025-10-08,9:32:18.103722075,T,66.4,400,66.43,700,KO
2025-10-08,9:32:18.130550999,T,66.4,100,66.43,700,KO
2025-10-08,9:32:18.130550999,T,66.39,600,66.43,700,KO
2025-10-08,9:32:18.130576030,T,66.39,600,66.41,100,KO
2025-10-08,9:32:18.130586057,T,66.39,600,66.41,500,KO
2025-10-08,9:32:18.131293166,T,66.39,600,66.41,400,KO
2025-10-08,9:32:18.131293166,T,66.39,600,66.42,400,KO
2025-10-08,9:32:18.131318001,T,66.4,100,66.42,400,KO
2025-10-08,9:32:18.131318001,T,66.4,200,66.42,400,KO
2025-10-08,9:32:18.131322788,T,66.4,300,66.42,400,KO
2025-10-08,9:32:18.131322788,T,66.4,500,66.42,400,KO
2025-10-08,9:32:18.131322788,T,66.4,600,66.42,400,KO
2025-10-08,9:32:18.131332903,T,66.4,700,66.42,400,KO
2025-10-08,9:32:18.131332903,T,66.4,1100,66.42,400,KO
2025-10-08,9:32:18.131387990,T,66.4,1200,66.42,400,KO
2025-10-08,9:32:18.131387990,T,66.41,100,66.42,400,KO
2025-10-08,9:32:18.131408363,T,66.41,200,66.42,400,KO
2025-10-08,9:32:18.131418081,T,66.41,200,66.43,1500,KO
2025-10-08,9:32:18.131423113,T,66.41,600,66.43,1500,KO
2025-10-08,9:32:18.131433139,T,66.41,200,66.43,1500,KO
2025-10-08,9:32:18.131448169,T,66.41,200,66.43,700,KO
2025-10-08,9:32:18.131613577,T,66.41,300,66.43,700,KO
2025-10-08,9:32:18.132515740,T,66.41,200,66.43,700,KO
2025-10-08,9:32:18.231952543,T,66.41,100,66.43,700,KO
2025-10-08,9:32:18.565682324,T,66.41,100,66.43,300,KO
2025-10-08,9:32:18.565687428,T,66.41,500,66.43,300,KO
2025-10-08,9:32:18.565717396,T,66.41,500,66.43,100,KO
2025-10-08,9:32:18.632706969,T,66.41,500,66.44,600,KO
2025-10-08,9:32:19.136782647,T,66.41,500,66.44,200,KO
2025-10-08,9:32:19.136782647,T,66.41,500,66.45,900,KO
2025-10-08,9:32:19.136787629,T,66.42,100,66.45,900,KO
2025-10-08,9:32:19.136807645,T,66.42,200,66.45,900,KO
2025-10-08,9:32:19.136817707,T,66.42,600,66.45,900,KO
2025-10-08,9:32:19.142250664,T,66.43,200,66.45,900,KO
2025-10-08,9:32:19.142255884,T,66.43,500,66.45,900,KO
2025-10-08,9:32:19.142255884,T,66.43,600,66.45,900,KO
2025-10-08,9:32:19.142265926,T,66.43,600,66.45,500,KO
2025-10-08,9:32:19.142270751,T,66.43,700,66.45,500,KO
2025-10-08,9:32:19.142275726,T,66.43,800,66.45,500,KO
2025-10-08,9:32:19.142286080,T,66.43,1200,66.45,500,KO
2025-10-08,9:32:19.142290755,T,66.43,1200,66.45,300,KO
2025-10-08,9:32:19.142526512,T,66.43,1300,66.45,300,KO
2025-10-08,9:32:19.142526512,T,66.43,1400,66.45,300,KO
2025-10-08,9:32:19.142736773,T,66.43,1500,66.45,300,KO
2025-10-08,9:32:19.142907194,T,66.44,100,66.45,300,KO
2025-10-08,9:32:19.142932332,T,66.44,200,66.45,300,KO
2025-10-08,9:32:19.142947303,T,66.44,600,66.45,300,KO
2025-10-08,9:32:19.147468066,T,66.44,200,66.45,300,KO
2025-10-08,9:32:19.147688599,T,66.44,300,66.45,300,KO
2025-10-08,9:32:19.292598689,T,66.44,200,66.45,300,KO
2025-10-08,9:32:19.292819237,T,66.44,100,66.45,300,KO
2025-10-08,9:32:19.617688415,T,66.44,100,66.45,200,KO
2025-10-08,9:32:19.617693075,T,66.44,100,66.45,100,KO
2025-10-08,9:32:19.617693075,T,66.44,100,66.46,600,KO
2025-10-08,9:32:19.617698055,T,66.44,100,66.45,100,KO
2025-10-08,9:32:19.617703254,T,66.44,100,66.45,200,KO
2025-10-08,9:32:19.617708175,T,66.44,100,66.45,100,KO
2025-10-08,9:32:19.617708175,T,66.44,100,66.46,600,KO
2025-10-08,9:32:19.617713112,T,66.44,200,66.46,600,KO
2025-10-08,9:32:19.617713112,T,66.44,300,66.46,600,KO
2025-10-08,9:32:19.617718079,T,66.44,400,66.46,600,KO
2025-10-08,9:32:19.617723223,T,66.44,400,66.46,400,KO
2025-10-08,9:32:19.617728139,T,66.44,500,66.46,400,KO
2025-10-08,9:32:19.617733171,T,66.44,900,66.46,400,KO
2025-10-08,9:32:19.617748141,T,66.44,1000,66.46,400,KO
2025-10-08,9:32:19.617753383,T,66.44,900,66.46,400,KO
2025-10-08,9:32:19.617958928,T,66.44,1000,66.46,400,KO
2025-10-08,9:32:19.617963723,T,66.44,1200,66.46,400,KO
2025-10-08,9:32:19.617963723,T,66.44,1300,66.46,400,KO
2025-10-08,9:32:19.617978831,T,66.44,1200,66.46,400,KO
2025-10-08,9:32:19.617978831,T,66.44,1200,66.47,600,KO
2025-10-08,9:32:19.618033822,T,66.44,1300,66.47,600,KO
2025-10-08,9:32:19.618054096,T,66.44,1200,66.47,600,KO
2025-10-08,9:32:19.618054096,T,66.44,1100,66.47,600,KO
2025-10-08,9:32:19.618054096,T,66.45,100,66.47,600,KO
2025-10-08,9:32:19.618064534,T,66.45,200,66.47,600,KO
2025-10-08,9:32:19.618069100,T,66.45,300,66.47,600,KO
2025-10-08,9:32:19.618069100,T,66.45,400,66.47,600,KO
2025-10-08,9:32:19.618073936,T,66.45,800,66.47,600,KO
2025-10-08,9:32:19.618078897,T,66.45,700,66.47,600,KO
2025-10-08,9:32:19.618309508,T,66.45,700,66.47,200,KO
2025-10-08,9:32:19.620710176,T,66.45,800,66.47,200,KO
2025-10-08,9:32:19.631375678,T,66.45,800,66.48,1300,KO
2025-10-08,9:32:19.632408050,T,66.45,800,66.48,600,KO
2025-10-08,9:32:19.700605483,T,66.45,800,66.47,100,KO
2025-10-08,9:32:19.732446390,T,66.45,700,66.47,100,KO
2025-10-08,9:32:19.732466329,T,66.45,600,66.47,100,KO
2025-10-08,9:32:20.268442999,T,66.45,200,66.47,100,KO
2025-10-08,9:32:20.268473018,T,66.45,100,66.47,100,KO
2025-10-08,9:32:20.268758666,T,66.44,500,66.47,100,KO
2025-10-08,9:32:20.268758666,T,66.44,500,66.47,300,KO
2025-10-08,9:32:20.268763744,T,66.44,500,66.47,700,KO
2025-10-08,9:32:20.268779497,T,66.44,500,66.47,800,KO
2025-10-08,9:32:20.268779497,T,66.44,500,66.46,100,KO
2025-10-08,9:32:20.268779497,T,66.44,500,66.46,200,KO
2025-10-08,9:32:20.268783778,T,66.44,500,66.46,300,KO
2025-10-08,9:32:20.268814023,T,66.44,500,66.46,700,KO
2025-10-08,9:32:20.269074426,T,66.44,500,66.46,900,KO
2025-10-08,9:32:20.269104539,T,66.44,400,66.46,900,KO
2025-10-08,9:32:20.269134651,T,66.43,400,66.46,900,KO
2025-10-08,9:32:20.269335093,T,66.43,400,66.46,800,KO
2025-10-08,9:32:20.281669494,T,66.43,400,66.46,700,KO
2025-10-08,9:32:20.368957368,T,66.43,400,66.46,600,KO
2025-10-08,9:32:20.374555639,T,66.43,400,66.45,100,KO
2025-10-08,9:32:20.504409961,T,66.42,400,66.45,100,KO
2025-10-08,9:32:21.080226411,T,66.43,400,66.45,100,KO
2025-10-08,9:32:22.170422935,T,66.43,400,66.46,600,KO
2025-10-08,9:32:22.170438012,T,66.44,100,66.46,600,KO
2025-10-08,9:32:22.170463031,T,66.44,100,66.46,700,KO
2025-10-08,9:32:22.170473019,T,66.44,500,66.46,700,KO
2025-10-08,9:32:22.170498075,T,66.44,500,66.46,300,KO
2025-10-08,9:32:22.170503149,T,66.44,600,66.46,300,KO
2025-10-08,9:32:22.170503149,T,66.44,600,66.46,100,KO
2025-10-08,9:32:22.170523141,T,66.44,600,66.45,100,KO
2025-10-08,9:32:22.170623415,T,66.44,600,66.47,700,KO
2025-10-08,9:32:22.170643585,T,66.44,600,66.45,100,KO
2025-10-08,9:32:22.170833982,T,66.44,500,66.45,100,KO
2025-10-08,9:32:22.170879409,T,66.44,400,66.45,100,KO
2025-10-08,9:32:22.170879409,T,66.43,400,66.45,100,KO
2025-10-08,9:32:22.170914108,T,66.43,400,66.45,300,KO
2025-10-08,9:32:22.171109553,T,66.43,500,66.45,300,KO
2025-10-08,9:32:22.176622759,T,66.43,600,66.45,300,KO
2025-10-08,9:32:22.176627716,T,66.43,700,66.45,300,KO
2025-10-08,9:32:22.176818145,T,66.43,700,66.45,100,KO
2025-10-08,9:32:22.176978581,T,66.44,100,66.45,100,KO
2025-10-08,9:32:22.177725317,T,66.44,200,66.45,100,KO
2025-10-08,9:32:22.181073294,T,66.44,200,66.47,700,KO
2025-10-08,9:32:22.181093384,T,66.44,300,66.47,700,KO
2025-10-08,9:32:22.181098348,T,66.44,400,66.47,700,KO
2025-10-08,9:32:22.181103351,T,66.44,800,66.47,700,KO
2025-10-08,9:32:22.181434354,T,66.45,100,66.47,700,KO
2025-10-08,9:32:22.188160195,T,66.44,500,66.47,700,KO
2025-10-08,9:32:22.188350605,T,66.45,100,66.47,700,KO
2025-10-08,9:32:22.222662401,T,66.44,500,66.47,700,KO
2025-10-08,9:32:22.222682624,T,66.44,500,66.46,100,KO
2025-10-08,9:32:22.222687492,T,66.44,500,66.46,300,KO
2025-10-08,9:32:22.222687492,T,66.44,500,66.46,400,KO
2025-10-08,9:32:22.223008746,T,66.44,400,66.46,400,KO
2025-10-08,9:32:22.223008746,T,66.43,400,66.46,400,KO
2025-10-08,9:32:22.223013225,T,66.43,400,66.46,600,KO
2025-10-08,9:32:22.223018571,T,66.43,400,66.46,1000,KO
2025-10-08,9:32:22.223018571,T,66.44,100,66.46,1000,KO
2025-10-08,9:32:22.223028276,T,66.43,500,66.46,1000,KO
2025-10-08,9:32:22.223033497,T,66.43,500,66.46,1100,KO
2025-10-08,9:32:22.223033497,T,66.43,500,66.45,100,KO
2025-10-08,9:32:22.223033497,T,66.43,500,66.45,200,KO
2025-10-08,9:32:22.223058559,T,66.43,400,66.45,200,KO
2025-10-08,9:32:22.223068379,T,66.43,400,66.45,600,KO
2025-10-08,9:32:22.223073335,T,66.43,400,66.45,800,KO
2025-10-08,9:32:22.223083345,T,66.43,400,66.45,900,KO
2025-10-08,9:32:22.223283904,T,66.43,400,66.45,1000,KO
2025-10-08,9:32:22.223293884,T,66.43,400,66.45,1100,KO
2025-10-08,9:32:22.223369125,T,66.42,400,66.45,1100,KO
2025-10-08,9:32:22.223469263,T,66.42,400,66.44,400,KO
2025-10-08,9:32:22.223469263,T,66.42,400,66.44,600,KO
2025-10-08,9:32:22.223805134,T,66.42,500,66.44,600,KO
2025-10-08,9:32:22.223815099,T,66.42,100,66.44,600,KO
2025-10-08,9:32:22.256888894,T,66.42,100,66.44,400,KO
2025-10-08,9:32:22.257254761,T,66.42,100,66.45,800,KO
2025-10-08,9:32:22.257274800,T,66.42,100,66.45,700,KO
2025-10-08,9:32:22.323492550,T,66.42,100,66.45,600,KO
2025-10-08,9:32:22.328334037,T,66.41,400,66.45,600,KO
2025-10-08,9:32:23.487108998,T,66.42,400,66.45,600,KO
2025-10-08,9:32:23.616251465,T,66.42,400,66.45,400,KO
2025-10-08,9:32:24.157380465,T,66.42,400,66.46,600,KO
2025-10-08,9:32:24.529436588,T,66.42,400,66.45,400,KO
2025-10-08,9:32:24.529466982,T,66.41,400,66.45,400,KO
2025-10-08,9:32:25.923115918,T,66.41,400,66.46,600,KO
2025-10-08,9:32:26.577158633,T,66.41,500,66.46,600,KO
2025-10-08,9:32:26.577188731,T,66.42,400,66.46,600,KO
2025-10-08,9:32:27.192975375,T,66.43,400,66.46,600,KO
2025-10-08,9:32:27.193165762,T,66.44,100,66.46,600,KO
2025-10-08,9:32:27.193245957,T,66.44,100,66.46,200,KO
2025-10-08,9:32:27.193251066,T,66.44,200,66.46,200,KO
2025-10-08,9:32:27.193251066,T,66.44,600,66.46,200,KO
2025-10-08,9:32:27.193251066,T,66.44,600,66.47,700,KO
2025-10-08,9:32:27.193406417,T,66.45,100,66.47,700,KO
2025-10-08,9:32:27.193887483,T,66.45,200,66.47,700,KO
2025-10-08,9:32:27.194423797,T,66.45,300,66.47,700,KO
2025-10-08,9:32:27.197070059,T,66.45,300,66.47,500,KO
2025-10-08,9:32:27.197080157,T,66.45,300,66.47,100,KO
2025-10-08,9:32:27.305383119,T,66.45,200,66.47,100,KO
2025-10-08,9:32:27.701175691,T,66.45,200,66.48,600,KO
2025-10-08,9:32:27.701872359,T,66.45,200,66.47,100,KO
2025-10-08,9:32:29.011556781,T,66.45,100,66.47,100,KO
2025-10-08,9:32:29.011581889,T,66.44,500,66.47,100,KO
2025-10-08,9:32:29.011581889,T,66.44,500,66.46,100,KO
2025-10-08,9:32:29.011601862,T,66.44,500,66.46,200,KO
2025-10-08,9:32:29.011606792,T,66.44,500,66.46,300,KO
2025-10-08,9:32:29.011606792,T,66.44,500,66.46,400,KO
2025-10-08,9:32:29.011611808,T,66.44,500,66.46,500,KO
2025-10-08,9:32:29.011631899,T,66.44,500,66.46,900,KO
2025-10-08,9:32:29.011647069,T,66.44,100,66.46,900,KO
2025-10-08,9:32:29.011682021,T,66.43,400,66.46,900,KO
2025-10-08,9:32:29.011827395,T,66.43,400,66.46,1100,KO
2025-10-08,9:32:29.012163130,T,66.43,400,66.46,1000,KO
2025-10-08,9:32:29.089893332,T,66.41,400,66.46,1000,KO
2025-10-08,9:32:29.103626101,T,66.4,400,66.46,1000,KO
2025-10-08,9:32:29.103781404,T,66.4,1400,66.46,1000,KO
2025-10-08,9:32:29.111685263,T,66.4,1400,66.46,900,KO
2025-10-08,9:32:29.133748097,T,66.4,1400,66.45,100,KO
2025-10-08,9:32:29.133762736,T,66.4,400,66.45,100,KO
2025-10-08,9:32:29.133762736,T,66.4,400,66.45,300,KO
2025-10-08,9:32:29.133767819,T,66.4,400,66.45,700,KO
2025-10-08,9:32:29.146628395,T,66.4,400,66.45,600,KO
2025-10-08,9:32:30.134150565,T,66.41,300,66.45,600,KO
2025-10-08,9:32:30.134185581,T,66.42,400,66.45,600,KO
2025-10-08,9:32:30.134892239,T,66.42,700,66.45,600,KO
2025-10-08,9:32:30.135428595,T,66.42,700,66.45,200,KO
2025-10-08,9:32:30.135458588,T,66.42,700,66.46,600,KO
2025-10-08,9:32:30.317953339,T,66.42,700,66.46,700,KO
2025-10-08,9:32:30.899633742,T,66.42,300,66.46,700,KO
2025-10-08,9:32:31.263670734,T,66.4,400,66.46,700,KO
2025-10-08,9:32:31.263691075,T,66.4,400,66.46,800,KO
2025-10-08,9:32:31.263691075,T,66.4,400,66.45,200,KO
2025-10-08,9:32:31.263695790,T,66.4,400,66.44,100,KO
2025-10-08,9:32:31.263695790,T,66.4,400,66.44,200,KO
2025-10-08,9:32:31.263695790,T,66.4,400,66.43,100,KO
2025-10-08,9:32:31.263731199,T,66.4,400,66.43,200,KO
2025-10-08,9:32:31.263951569,T,66.4,400,66.43,600,KO
2025-10-08,9:32:31.263996499,T,66.4,400,66.43,700,KO
2025-10-08,9:32:31.264016510,T,66.4,400,66.43,900,KO
2025-10-08,9:32:31.264181894,T,66.4,400,66.42,100,KO
2025-10-08,9:32:31.266512545,T,66.4,400,66.42,200,KO
2025-10-08,9:32:31.344262670,T,66.4,700,66.42,200,KO
2025-10-08,9:32:32.194287314,T,66.41,100,66.42,200,KO
2025-10-08,9:32:32.205473850,T,66.4,700,66.42,200,KO
2025-10-08,9:32:32.264103490,T,66.4,900,66.42,200,KO
2025-10-08,9:32:32.434053443,T,66.4,900,66.42,100,KO
2025-10-08,9:32:32.434053443,T,66.4,900,66.42,200,KO
2025-10-08,9:32:32.434349077,T,66.4,500,66.42,200,KO
2025-10-08,9:32:32.434354018,T,66.4,500,66.42,600,KO
2025-10-08,9:32:32.447425175,T,66.4,500,66.42,500,KO
2025-10-08,9:32:32.468109416,T,66.4,500,66.42,100,KO
2025-10-08,9:32:34.919362641,T,66.4,500,66.42,400,KO
2025-10-08,9:32:35.128941812,T,66.4,500,66.42,500,KO
2025-10-08,9:32:35.129267500,T,66.4,900,66.42,500,KO
2025-10-08,9:32:35.809552874,T,66.4,500,66.42,500,KO
2025-10-08,9:32:36.453130957,T,66.4,200,66.42,500,KO
2025-10-08,9:32:36.453130957,T,66.39,600,66.42,500,KO
2025-10-08,9:32:36.453135707,T,66.39,600,66.41,100,KO
2025-10-08,9:32:36.453135707,T,66.39,600,66.41,200,KO
2025-10-08,9:32:36.453150816,T,66.39,600,66.41,300,KO
2025-10-08,9:32:36.453150816,T,66.39,600,66.41,500,KO
2025-10-08,9:32:36.453155831,T,66.39,600,66.41,600,KO
2025-10-08,9:32:36.453155831,T,66.39,600,66.41,700,KO
2025-10-08,9:32:36.453155831,T,66.39,600,66.41,800,KO
2025-10-08,9:32:36.453361326,T,66.39,600,66.41,900,KO
2025-10-08,9:32:36.453366316,T,66.39,600,66.41,1000,KO
2025-10-08,9:32:36.453376353,T,66.39,600,66.41,1400,KO
2025-10-08,9:32:36.453616908,T,66.39,600,66.41,1600,KO
2025-10-08,9:32:36.453677142,T,66.39,400,66.41,1600,KO
2025-10-08,9:32:36.453682028,T,66.38,600,66.41,1600,KO
2025-10-08,9:32:36.453712353,T,66.38,600,66.41,1500,KO
2025-10-08,9:32:36.453772371,T,66.38,600,66.41,1400,KO
2025-10-08,9:32:36.453777275,T,66.38,600,66.41,1300,KO
2025-10-08,9:32:36.453787553,T,66.38,600,66.41,1700,KO
2025-10-08,9:32:36.453787553,T,66.38,600,66.41,1900,KO
2025-10-08,9:32:36.453812706,T,66.38,600,66.4,100,KO
2025-10-08,9:32:36.453812706,T,66.38,600,66.4,500,KO
2025-10-08,9:32:36.453812706,T,66.38,600,66.4,700,KO
2025-10-08,9:32:36.453952720,T,66.38,600,66.4,800,KO
2025-10-08,9:32:36.453982904,T,66.38,400,66.4,800,KO
2025-10-08,9:32:36.453987734,T,66.37,700,66.4,800,KO
2025-10-08,9:32:36.453987734,T,66.38,100,66.4,800,KO
2025-10-08,9:32:36.454128039,T,66.38,100,66.39,100,KO
2025-10-08,9:32:36.454153123,T,66.37,600,66.39,100,KO
2025-10-08,9:32:36.454168243,T,66.37,600,66.4,700,KO
2025-10-08,9:32:36.454173179,T,66.37,600,66.39,400,KO
2025-10-08,9:32:36.454178293,T,66.37,600,66.39,500,KO
2025-10-08,9:32:36.454183251,T,66.37,600,66.39,600,KO
2025-10-08,9:32:36.454183251,T,66.37,600,66.39,800,KO
2025-10-08,9:32:36.454198218,T,66.38,100,66.39,800,KO
2025-10-08,9:32:36.454198218,T,66.38,200,66.39,800,KO
2025-10-08,9:32:36.454208255,T,66.38,200,66.39,700,KO
2025-10-08,9:32:36.454238428,T,66.38,200,66.39,300,KO
2025-10-08,9:32:36.454243365,T,66.38,200,66.39,100,KO
2025-10-08,9:32:36.454268486,T,66.38,200,66.4,600,KO
2025-10-08,9:32:36.454368694,T,66.38,100,66.4,600,KO
2025-10-08,9:32:36.454368694,T,66.37,600,66.4,600,KO
2025-10-08,9:32:36.454368694,T,66.37,600,66.39,100,KO
2025-10-08,9:32:36.454388773,T,66.37,600,66.39,200,KO
2025-10-08,9:32:36.454388773,T,66.37,600,66.39,300,KO
2025-10-08,9:32:36.454394497,T,66.37,600,66.39,500,KO
2025-10-08,9:32:36.454394497,T,66.37,600,66.39,600,KO
2025-10-08,9:32:36.454408739,T,66.37,600,66.39,1000,KO
2025-10-08,9:32:36.454424197,T,66.38,100,66.39,1000,KO
2025-10-08,9:32:36.454424197,T,66.38,100,66.39,1100,KO
2025-10-08,9:32:36.454438804,T,66.38,100,66.39,1200,KO
2025-10-08,9:32:36.454448860,T,66.37,600,66.39,1200,KO
2025-10-08,9:32:36.454448860,T,66.37,600,66.39,1000,KO
2025-10-08,9:32:36.454453923,T,66.37,600,66.39,1100,KO
2025-10-08,9:32:36.454458834,T,66.37,400,66.39,1100,KO
2025-10-08,9:32:36.454468907,T,66.37,400,66.39,1000,KO
2025-10-08,9:32:36.454468907,T,66.37,400,66.38,100,KO
2025-10-08,9:32:36.454474251,T,66.37,400,66.38,200,KO
2025-10-08,9:32:36.454494032,T,66.37,400,66.38,300,KO
2025-10-08,9:32:36.454684403,T,66.37,400,66.38,400,KO
2025-10-08,9:32:36.454709519,T,66.36,600,66.38,400,KO
2025-10-08,9:32:36.454734508,T,66.36,600,66.38,500,KO
2025-10-08,9:32:36.455025526,T,66.36,600,66.38,400,KO
2025-10-08,9:32:36.455516462,T,66.36,600,66.38,300,KO
2025-10-08,9:32:36.457240514,T,66.37,100,66.38,300,KO
2025-10-08,9:32:36.457260601,T,66.37,100,66.38,200,KO
2025-10-08,9:32:36.458989692,T,66.36,600,66.38,200,KO
2025-10-08,9:32:36.474847396,T,66.36,600,66.38,300,KO
2025-10-08,9:32:36.919666893,T,66.36,600,66.38,400,KO
2025-10-08,9:32:36.919666893,T,66.36,600,66.38,500,KO
2025-10-08,9:32:36.919671890,T,66.36,600,66.38,900,KO
2025-10-08,9:32:36.919681895,T,66.36,600,66.38,1100,KO
2025-10-08,9:32:36.919681895,T,66.36,400,66.38,1100,KO
2025-10-08,9:32:36.919686940,T,66.35,600,66.38,1100,KO
2025-10-08,9:32:36.920228179,T,66.35,600,66.38,1000,KO
2025-10-08,9:32:36.933033727,T,66.35,600,66.38,900,KO
2025-10-08,9:32:37.453553496,T,66.36,300,66.38,900,KO
2025-10-08,9:32:37.453578579,T,66.36,300,66.38,800,KO
2025-10-08,9:32:37.567143994,T,66.36,300,66.38,400,KO
2025-10-08,9:32:37.567149076,T,66.36,700,66.38,400,KO
2025-10-08,9:32:37.572727371,T,66.36,700,66.38,200,KO
2025-10-08,9:32:37.572732371,T,66.36,700,66.38,300,KO
2025-10-08,9:32:37.572747378,T,66.37,100,66.38,300,KO
2025-10-08,9:32:37.572772434,T,66.37,100,66.38,200,KO
2025-10-08,9:32:37.572832608,T,66.36,800,66.38,200,KO
2025-10-08,9:32:37.572852800,T,66.36,800,66.37,100,KO
2025-10-08,9:32:37.572857628,T,66.36,800,66.37,200,KO
2025-10-08,9:32:37.572917750,T,66.36,800,66.37,100,KO
2025-10-08,9:32:37.572917750,T,66.36,800,66.38,100,KO
2025-10-08,9:32:37.572927847,T,66.37,100,66.38,100,KO
2025-10-08,9:32:37.572937803,T,66.37,200,66.38,100,KO
2025-10-08,9:32:37.572952951,T,66.37,200,66.39,600,KO
2025-10-08,9:32:37.572952951,T,66.37,600,66.39,600,KO
2025-10-08,9:32:37.572952951,T,66.37,700,66.39,600,KO
2025-10-08,9:32:37.572972964,T,66.37,700,66.39,700,KO
2025-10-08,9:32:37.573048085,T,66.37,700,66.38,100,KO
2025-10-08,9:32:37.573058097,T,66.37,700,66.38,200,KO
2025-10-08,9:32:37.573058097,T,66.37,300,66.38,200,KO
2025-10-08,9:32:37.573063139,T,66.37,300,66.38,600,KO
2025-10-08,9:32:37.573068164,T,66.37,300,66.38,800,KO
2025-10-08,9:32:37.573088279,T,66.37,200,66.38,800,KO
2025-10-08,9:32:37.573088279,T,66.37,100,66.38,800,KO
2025-10-08,9:32:37.573093191,T,66.36,700,66.38,800,KO
2025-10-08,9:32:37.573118215,T,66.36,700,66.38,900,KO
2025-10-08,9:32:37.573223460,T,66.37,300,66.38,900,KO
2025-10-08,9:32:37.573238549,T,66.37,300,66.38,800,KO
2025-10-08,9:32:37.573243894,T,66.37,300,66.38,700,KO
2025-10-08,9:32:37.573273627,T,66.37,300,66.38,300,KO
2025-10-08,9:32:37.573293661,T,66.37,300,66.38,100,KO
2025-10-08,9:32:37.573338750,T,66.37,200,66.38,100,KO
2025-10-08,9:32:37.573614478,T,66.37,200,66.39,700,KO
2025-10-08,9:32:37.573754726,T,66.37,600,66.39,700,KO
2025-10-08,9:32:37.573794829,T,66.37,700,66.39,700,KO
2025-10-08,9:32:37.573990393,T,66.37,300,66.39,700,KO
2025-10-08,9:32:37.675166323,T,66.37,200,66.39,700,KO
2025-10-08,9:32:37.702260804,T,66.37,200,66.38,100,KO
2025-10-08,9:32:38.113655747,T,66.37,600,66.38,100,KO
2025-10-08,9:32:38.458812802,T,66.37,200,66.38,100,KO
2025-10-08,9:32:38.483636921,T,66.37,200,66.38,500,KO
2025-10-08,9:32:38.483646952,T,66.37,200,66.38,100,KO
2025-10-08,9:32:38.483687104,T,66.36,400,66.38,100,KO
2025-10-08,9:32:38.483707111,T,66.36,400,66.38,200,KO
2025-10-08,9:32:38.483712049,T,66.36,400,66.38,300,KO
2025-10-08,9:32:38.483717095,T,66.36,400,66.38,400,KO
2025-10-08,9:32:38.483722093,T,66.36,400,66.38,800,KO
2025-10-08,9:32:38.483742181,T,66.36,400,66.38,700,KO
2025-10-08,9:32:38.483767194,T,66.37,100,66.38,700,KO
2025-10-08,9:32:38.483777230,T,66.37,200,66.38,700,KO
2025-10-08,9:32:38.483792297,T,66.37,100,66.38,700,KO
2025-10-08,9:32:38.483797322,T,66.36,400,66.38,700,KO
2025-10-08,9:32:38.483797322,T,66.36,400,66.38,600,KO
2025-10-08,9:32:38.483797322,T,66.36,400,66.38,500,KO
2025-10-08,9:32:38.483822288,T,66.36,400,66.38,600,KO
2025-10-08,9:32:38.483832330,T,66.36,400,66.38,800,KO
2025-10-08,9:32:38.484318551,T,66.36,400,66.38,900,KO
2025-10-08,9:32:38.484328535,T,66.36,400,66.38,1000,KO
2025-10-08,9:32:38.484338539,T,66.36,500,66.38,1000,KO
2025-10-08,9:32:38.484729535,T,66.36,500,66.38,900,KO
2025-10-08,9:32:38.484889902,T,66.36,500,66.38,800,KO
2025-10-08,9:32:38.485225768,T,66.36,600,66.38,800,KO
2025-10-08,9:32:38.485235644,T,66.36,700,66.38,800,KO
2025-10-08,9:32:38.485235644,T,66.36,700,66.38,600,KO
2025-10-08,9:32:38.485265714,T,66.36,700,66.38,200,KO
2025-10-08,9:32:38.485336083,T,66.36,600,66.38,200,KO
2025-10-08,9:32:38.485350933,T,66.37,100,66.38,200,KO
2025-10-08,9:32:38.485375985,T,66.37,100,66.38,100,KO
2025-10-08,9:32:38.485375985,T,66.37,100,66.38,500,KO
2025-10-08,9:32:38.485701795,T,66.37,200,66.38,500,KO
2025-10-08,9:32:38.485701795,T,66.37,200,66.38,100,KO
2025-10-08,9:32:38.657465863,T,66.37,100,66.38,100,KO
2025-10-08,9:32:38.657465863,T,66.36,400,66.38,100,KO
2025-10-08,9:32:38.657480939,T,66.36,400,66.38,200,KO
2025-10-08,9:32:38.657491057,T,66.36,400,66.38,300,KO
2025-10-08,9:32:38.657496000,T,66.36,400,66.38,400,KO
2025-10-08,9:32:38.657496000,T,66.36,400,66.38,600,KO
2025-10-08,9:32:38.657501025,T,66.36,400,66.38,1000,KO
2025-10-08,9:32:38.657791763,T,66.35,600,66.38,1000,KO
2025-10-08,9:32:38.657912229,T,66.35,600,66.38,900,KO
2025-10-08,9:32:38.658047402,T,66.35,600,66.38,800,KO
2025-10-08,9:32:38.658829211,T,66.35,600,66.38,900,KO
2025-10-08,9:32:39.484124815,T,66.36,300,66.38,900,KO
2025-10-08,9:32:39.515564726,T,66.36,300,66.37,400,KO
2025-10-08,9:32:39.515740249,T,66.36,300,66.37,500,KO
2025-10-08,9:32:39.515745141,T,66.36,300,66.37,600,KO
2025-10-08,9:32:39.515745141,T,66.36,300,66.37,800,KO
2025-10-08,9:32:39.515780275,T,66.35,600,66.37,800,KO
2025-10-08,9:32:39.515805369,T,66.35,600,66.37,900,KO
2025-10-08,9:32:39.515810524,T,66.35,600,66.37,1000,KO
2025-10-08,9:32:39.515815268,T,66.35,400,66.37,1000,KO
2025-10-08,9:32:39.515825334,T,66.34,700,66.37,1000,KO
2025-10-08,9:32:39.515860402,T,66.34,700,66.37,900,KO
2025-10-08,9:32:39.516301404,T,66.34,700,66.37,800,KO
2025-10-08,9:32:39.519834908,T,66.34,600,66.37,800,KO
2025-10-08,9:32:39.529111938,T,66.34,600,66.37,700,KO
2025-10-08,9:32:40.055981869,T,66.34,600,66.36,100,KO
2025-10-08,9:32:40.675803111,T,66.34,600,66.36,200,KO
2025-10-08,9:32:40.675808197,T,66.34,600,66.36,600,KO
2025-10-08,9:32:40.675828606,T,66.34,600,66.36,700,KO
2025-10-08,9:32:40.675833262,T,66.34,600,66.36,800,KO
2025-10-08,9:32:40.675838319,T,66.34,600,66.36,1000,KO
2025-10-08,9:32:40.675868393,T,66.34,600,66.36,1100,KO
2025-10-08,9:32:40.675878316,T,66.34,600,66.36,1200,KO
2025-10-08,9:32:40.675923798,T,66.34,600,66.36,1300,KO
2025-10-08,9:32:40.675948478,T,66.34,600,66.36,1100,KO
2025-10-08,9:32:40.675953469,T,66.34,600,66.36,1000,KO
2025-10-08,9:32:40.675953469,T,66.34,600,66.35,100,KO
2025-10-08,9:32:40.676595081,T,66.34,200,66.35,100,KO
2025-10-08,9:32:40.910587329,T,66.34,200,66.36,700,KO
2025-10-08,9:32:40.910607403,T,66.34,300,66.36,700,KO
2025-10-08,9:32:40.910612624,T,66.34,400,66.36,700,KO
2025-10-08,9:32:40.910622754,T,66.34,500,66.36,700,KO
2025-10-08,9:32:40.910627408,T,66.34,900,66.36,700,KO
2025-10-08,9:32:40.911163743,T,66.34,800,66.36,700,KO
2025-10-08,9:32:40.919328368,T,66.34,700,66.36,700,KO
2025-10-08,9:32:40.919328368,T,66.34,700,66.36,800,KO
2025-10-08,9:32:40.919353249,T,66.34,600,66.36,800,KO
2025-10-08,9:32:40.919353249,T,66.34,600,66.35,100,KO
2025-10-08,9:32:40.919373233,T,66.34,600,66.36,800,KO
2025-10-08,9:32:40.919408399,T,66.34,700,66.36,800,KO
2025-10-08,9:32:41.086802039,T,66.34,600,66.36,800,KO
2025-10-08,9:32:41.200673214,T,66.34,200,66.36,800,KO
2025-10-08,9:32:41.919660735,T,66.34,200,66.36,700,KO
2025-10-08,9:32:41.921054066,T,66.34,200,66.35,100,KO
2025-10-08,9:32:42.445523152,T,66.34,200,66.35,200,KO
2025-10-08,9:32:42.603233819,T,66.34,200,66.35,300,KO
2025-10-08,9:32:42.918604909,T,66.34,200,66.35,200,KO
2025-10-08,9:32:42.994641096,T,66.34,200,66.35,100,KO
2025-10-08,9:32:42.994641096,T,66.34,200,66.36,700,KO
2025-10-08,9:32:42.994671153,T,66.34,300,66.36,700,KO
2025-10-08,9:32:42.994671153,T,66.34,400,66.36,700,KO
2025-10-08,9:32:42.994676315,T,66.34,500,66.36,700,KO
2025-10-08,9:32:42.994676315,T,66.34,500,66.36,500,KO
2025-10-08,9:32:42.994681407,T,66.34,500,66.36,100,KO
2025-10-08,9:32:42.994681407,T,66.34,900,66.36,100,KO
2025-10-08,9:32:42.995222402,T,66.34,800,66.36,100,KO
2025-10-08,9:32:42.995247446,T,66.34,1200,66.36,100,KO
2025-10-08,9:32:42.995327729,T,66.35,100,66.36,100,KO
2025-10-08,9:32:42.995327729,T,66.35,500,66.36,100,KO
2025-10-08,9:32:42.995347720,T,66.35,500,66.37,600,KO
2025-10-08,9:32:42.995372816,T,66.35,500,66.37,700,KO
2025-10-08,9:32:42.995437972,T,66.35,800,66.37,700,KO
2025-10-08,9:32:42.996921460,T,66.35,400,66.37,700,KO
2025-10-08,9:32:42.997146976,T,66.35,500,66.37,700,KO
2025-10-08,9:32:43.038054479,T,66.35,400,66.37,700,KO
2025-10-08,9:32:43.239694683,T,66.35,300,66.37,700,KO
2025-10-08,9:32:43.239769933,T,66.35,700,66.37,700,KO
2025-10-08,9:32:43.239779940,T,66.35,700,66.37,500,KO
2025-10-08,9:32:43.239890192,T,66.35,700,66.37,100,KO
2025-10-08,9:32:45.519404349,T,66.35,700,66.38,900,KO
2025-10-08,9:32:45.519419447,T,66.36,100,66.38,900,KO
2025-10-08,9:32:45.519424416,T,66.36,200,66.38,900,KO
2025-10-08,9:32:45.519424416,T,66.36,300,66.38,900,KO
2025-10-08,9:32:45.519429483,T,66.36,400,66.38,900,KO
2025-10-08,9:32:45.519434456,T,66.36,600,66.38,900,KO
2025-10-08,9:32:45.519434456,T,66.36,700,66.38,900,KO
2025-10-08,9:32:45.519439527,T,66.36,700,66.38,1000,KO
2025-10-08,9:32:45.519449548,T,66.36,700,66.38,900,KO
2025-10-08,9:32:45.519454830,T,66.36,700,66.38,700,KO
2025-10-08,9:32:45.519459468,T,66.36,1100,66.38,700,KO
2025-10-08,9:32:45.519459468,T,66.36,900,66.38,700,KO
2025-10-08,9:32:45.519464485,T,66.36,900,66.38,300,KO
2025-10-08,9:32:45.519469602,T,66.36,1000,66.38,300,KO
2025-10-08,9:32:45.519474535,T,66.36,900,66.38,300,KO
2025-10-08,9:32:45.519479549,T,66.36,1100,66.38,300,KO
2025-10-08,9:32:45.519599878,T,66.37,100,66.38,300,KO
2025-10-08,9:32:45.519780256,T,66.37,100,66.38,200,KO
2025-10-08,9:32:45.520847862,T,66.36,1000,66.38,200,KO
2025-10-08,9:32:45.520847862,T,66.36,900,66.38,200,KO
2025-10-08,9:32:45.523243521,T,66.36,800,66.38,200,KO
2025-10-08,9:32:45.525413687,T,66.36,800,66.38,100,KO
2025-10-08,9:32:45.525413687,T,66.36,800,66.39,600,KO
2025-10-08,9:32:45.525423751,T,66.36,800,66.38,100,KO
2025-10-08,9:32:45.525438805,T,66.36,800,66.39,600,KO
2025-10-08,9:32:45.525438805,T,66.37,100,66.39,600,KO
2025-10-08,9:32:45.525449128,T,66.37,500,66.39,600,KO
2025-10-08,9:32:45.525453789,T,66.37,600,66.39,600,KO
2025-10-08,9:32:45.525884793,T,66.37,700,66.39,600,KO
2025-10-08,9:32:45.527569524,T,66.37,600,66.39,600,KO
2025-10-08,9:32:45.527569524,T,66.37,500,66.39,600,KO
2025-10-08,9:32:45.532470483,T,66.37,400,66.39,600,KO
2025-10-08,9:32:45.545792247,T,66.36,700,66.39,600,KO
2025-10-08,9:32:45.619462710,T,66.36,600,66.39,600,KO
2025-10-08,9:32:45.700601399,T,66.37,100,66.39,600,KO
2025-10-08,9:32:45.700605991,T,66.37,200,66.39,600,KO
2025-10-08,9:32:45.700605991,T,66.37,400,66.39,600,KO
2025-10-08,9:32:45.700636412,T,66.37,800,66.39,600,KO
2025-10-08,9:32:45.700876604,T,66.37,800,66.39,200,KO
2025-10-08,9:32:45.700876604,T,66.37,900,66.39,200,KO
2025-10-08,9:32:45.700886595,T,66.37,900,66.4,600,KO
2025-10-08,9:32:45.700901722,T,66.37,1000,66.4,600,KO
2025-10-08,9:32:45.701041995,T,66.38,100,66.4,600,KO
2025-10-08,9:32:45.701608342,T,66.38,100,66.4,400,KO
2025-10-08,9:32:45.701934085,T,66.37,800,66.4,400,KO
2025-10-08,9:32:45.701944168,T,66.37,800,66.41,600,KO
2025-10-08,9:32:45.701959480,T,66.37,600,66.41,600,KO
2025-10-08,9:32:45.702154690,T,66.37,500,66.41,600,KO
2025-10-08,9:32:45.705447504,T,66.37,400,66.41,600,KO
2025-10-08,9:32:51.836249572,T,66.37,400,66.41,400,KO
2025-10-08,9:32:52.752416699,T,66.36,400,66.41,400,KO
2025-10-08,9:32:52.752752562,T,66.36,400,66.41,1200,KO
2025-10-08,9:32:52.784813806,T,66.36,400,66.41,400,KO
2025-10-08,9:32:53.991743437,T,66.36,400,66.4,100,KO
2025-10-08,9:32:54.112902025,T,66.36,400,66.41,400,KO
2025-10-08,9:32:54.112922052,T,66.37,100,66.41,400,KO
2025-10-08,9:32:54.112992251,T,66.38,400,66.41,400,KO
2025-10-08,9:32:55.414522263,T,66.38,400,66.42,900,KO
2025-10-08,9:32:55.414562390,T,66.38,500,66.42,900,KO
2025-10-08,9:32:56.685850121,T,66.38,500,66.41,100,KO
2025-10-08,9:32:57.424183621,T,66.38,100,66.41,100,KO
2025-10-08,9:32:58.461664526,T,66.38,500,66.41,100,KO
2025-10-08,9:32:58.461734706,T,66.38,400,66.41,100,KO
2025-10-08,9:32:58.461854991,T,66.38,400,66.42,900,KO
2025-10-08,9:32:58.604224044,T,66.38,500,66.42,900,KO
2025-10-08,9:32:59.359212353,T,66.38,500,66.42,800,KO
2025-10-08,9:32:59.360906365,T,66.38,500,66.39,100,KO
2025-10-08,9:32:59.361467726,T,66.38,100,66.39,100,KO
2025-10-08,9:32:59.733157913,T,66.38,100,66.39,200,KO
2025-10-08,9:33:00.701013164,T,66.38,100,66.39,300,KO
2025-10-08,9:33:00.952216512,T,66.38,100,66.39,400,KO
2025-10-08,9:33:00.953093517,T,66.37,500,66.39,400,KO
2025-10-08,9:33:00.953118565,T,66.37,500,66.39,800,KO
2025-10-08,9:33:00.953123611,T,66.37,500,66.39,900,KO
2025-10-08,9:33:00.953128668,T,66.37,500,66.39,1100,KO
2025-10-08,9:33:00.953404296,T,66.37,500,66.39,1200,KO
2025-10-08,9:33:00.953424339,T,66.37,500,66.39,1100,KO
2025-10-08,9:33:00.953444342,T,66.37,100,66.39,1100,KO
2025-10-08,9:33:00.953474584,T,66.36,400,66.39,1100,KO
2025-10-08,9:33:00.953604771,T,66.36,400,66.38,100,KO
2025-10-08,9:33:00.953614735,T,66.37,100,66.38,100,KO
2025-10-08,9:33:00.953865396,T,66.36,400,66.38,100,KO
2025-10-08,9:33:00.953890489,T,66.36,400,66.38,500,KO
2025-10-08,9:33:00.953890489,T,66.36,400,66.38,600,KO
2025-10-08,9:33:00.953890489,T,66.36,400,66.38,800,KO
2025-10-08,9:33:00.953900519,T,66.36,400,66.38,900,KO
2025-10-08,9:33:00.953910581,T,66.36,400,66.38,700,KO
2025-10-08,9:33:00.953915547,T,66.36,400,66.37,100,KO
2025-10-08,9:33:00.954000855,T,66.35,500,66.37,100,KO
2025-10-08,9:33:00.954030728,T,66.35,400,66.37,100,KO
