DATE,TIME_M,EX,BID,BIDSIZ,ASK,ASKSIZ,SYM_ROOT
2025-12-26,9:30:00.642242861,T,69.84,100,70.2,200,KO
2025-12-26,9:30:00.653965756,T,69.8,1500,70.2,200,KO
2025-12-26,9:30:00.653965756,T,69.9,100,70.2,200,KO
2025-12-26,9:30:00.653985856,T,69.92,100,70.2,200,KO
2025-12-26,9:30:00.920836563,T,69.8,1500,70.2,200,KO
2025-12-26,9:30:00.920841510,T,69.95,100,70.2,200,KO
2025-12-26,9:30:01.103862360,T,69.8,1500,70.2,200,KO
2025-12-26,9:30:01.103912518,T,69.81,100,70.2,200,KO
2025-12-26,9:30:01.104183129,T,69.8,1500,70.2,200,KO
2025-12-26,9:30:01.104183129,T,69.91,100,70.2,200,KO
2025-12-26,9:30:01.105436224,T,69.91,100,70.2,200,KO
2025-12-26,9:30:01.136655526,T,69.91,100,70.0,100,KO
2025-12-26,9:30:01.136655526,T,69.91,100,70.04,100,KO
2025-12-26,9:30:01.136685534,T,69.91,100,70.1,100,KO
2025-12-26,9:30:01.137111603,T,69.96,100,70.1,100,KO
2025-12-26,9:30:01.137201848,T,69.91,100,70.1,100,KO
2025-12-26,9:30:01.137211851,T,69.91,100,70.2,200,KO
2025-12-26,9:30:01.137251887,T,69.8,1500,70.2,200,KO
2025-12-26,9:30:01.137773182,T,69.97,100,70.2,200,KO
2025-12-26,9:30:01.138349515,T,69.97,100,70.1,100,KO
2025-12-26,9:30:01.138379658,T,69.99,100,70.1,100,KO
2025-12-26,9:30:01.138765494,T,69.99,100,70.13,100,KO
2025-12-26,9:30:01.138835650,T,69.99,100,70.2,200,KO
2025-12-26,9:30:01.139011134,T,69.95,100,70.2,200,KO
2025-12-26,9:30:01.139066255,T,69.98,100,70.2,200,KO
2025-12-26,9:30:01.139216653,T,70.0,100,70.2,200,KO
2025-12-26,9:30:01.139256689,T,70.02,100,70.2,200,KO
2025-12-26,9:30:01.142694852,T,70.02,200,70.2,200,KO
2025-12-26,9:30:01.144223520,T,70.02,200,70.08,100,KO
2025-12-26,9:30:01.144764840,T,70.02,200,70.08,200,KO
2025-12-26,9:30:01.156858639,T,70.02,100,70.08,200,KO
2025-12-26,9:30:01.156908794,T,70.02,100,70.08,100,KO
2025-12-26,9:30:01.156943887,T,70.02,100,70.2,200,KO
2025-12-26,9:30:01.173393049,T,70.02,100,70.13,100,KO
2025-12-26,9:30:01.173698752,T,70.02,100,70.2,200,KO
2025-12-26,9:30:01.342811493,T,69.98,100,70.2,200,KO
2025-12-26,9:30:01.342856666,T,69.98,100,70.09,100,KO
2025-12-26,9:30:01.342861709,T,70.01,100,70.09,100,KO
2025-12-26,9:30:01.342886814,T,70.01,100,70.09,200,KO
2025-12-26,9:30:01.342941909,T,70.01,100,70.08,100,KO
2025-12-26,9:30:01.343167392,T,70.01,100,70.08,200,KO
2025-12-26,9:30:01.343212475,T,70.01,100,70.08,300,KO
2025-12-26,9:30:01.343212475,T,70.01,100,70.08,200,KO
2025-12-26,9:30:01.343252615,T,70.01,100,70.08,100,KO
2025-12-26,9:30:01.343382875,T,70.01,100,70.08,200,KO
2025-12-26,9:30:01.343448032,T,70.01,100,70.08,100,KO
2025-12-26,9:30:01.343543326,T,70.01,200,70.08,100,KO
2025-12-26,9:30:01.343573412,T,70.01,100,70.08,100,KO
2025-12-26,9:30:01.343583366,T,70.01,100,70.08,200,KO
2025-12-26,9:30:01.343603472,T,70.0,100,70.08,200,KO
2025-12-26,9:30:01.343753845,T,70.02,100,70.08,200,KO
2025-12-26,9:30:01.343798893,T,70.02,200,70.08,200,KO
2025-12-26,9:30:01.343819000,T,70.02,300,70.08,200,KO
2025-12-26,9:30:01.345046848,T,70.02,200,70.08,200,KO
2025-12-26,9:30:01.345056849,T,70.02,300,70.08,200,KO
2025-12-26,9:30:01.345071988,T,70.05,100,70.08,200,KO
2025-12-26,9:30:01.362929457,T,70.05,100,70.08,100,KO
2025-12-26,9:30:01.362954473,T,70.05,100,70.1,100,KO
2025-12-26,9:30:01.363616060,T,70.02,200,70.1,100,KO
2025-12-26,9:30:01.363636147,T,70.02,200,70.07,100,KO
2025-12-26,9:30:01.363646199,T,70.03,100,70.07,100,KO
2025-12-26,9:30:01.364212516,T,70.03,100,70.07,200,KO
2025-12-26,9:30:01.364773894,T,70.03,200,70.07,200,KO
2025-12-26,9:30:01.364874137,T,70.03,100,70.07,200,KO
2025-12-26,9:30:01.364899154,T,70.0,100,70.07,200,KO
2025-12-26,9:30:01.365084580,T,70.03,100,70.07,200,KO
2025-12-26,9:30:01.365380344,T,70.03,100,70.07,100,KO
2025-12-26,9:30:01.383638805,T,70.03,100,70.1,100,KO
2025-12-26,9:30:01.405160063,T,70.04,100,70.1,100,KO
2025-12-26,9:30:01.452317314,T,70.04,100,70.13,100,KO
2025-12-26,9:30:01.452598062,T,70.04,200,70.13,100,KO
2025-12-26,9:30:01.452693187,T,70.04,100,70.13,100,KO
2025-12-26,9:30:01.452728282,T,70.03,200,70.13,100,KO
2025-12-26,9:30:01.452763369,T,70.03,100,70.13,100,KO
2025-12-26,9:30:01.453189368,T,70.04,100,70.13,100,KO
2025-12-26,9:30:01.453224523,T,70.04,200,70.13,100,KO
2025-12-26,9:30:01.457725274,T,70.04,100,70.13,100,KO
2025-12-26,9:30:01.457730193,T,70.05,100,70.13,100,KO
2025-12-26,9:30:01.458271521,T,70.0,100,70.13,100,KO
2025-12-26,9:30:01.458291563,T,70.0,100,70.09,100,KO
2025-12-26,9:30:01.458321683,T,70.0,100,70.09,200,KO
2025-12-26,9:30:01.458346673,T,70.0,100,70.08,100,KO
2025-12-26,9:30:01.458381732,T,70.0,100,70.09,300,KO
2025-12-26,9:30:01.458411815,T,70.0,100,70.09,200,KO
2025-12-26,9:30:01.458416868,T,70.0,100,70.09,100,KO
2025-12-26,9:30:01.458416868,T,70.0,100,70.09,200,KO
2025-12-26,9:30:01.478294251,T,70.0,100,70.09,100,KO
2025-12-26,9:30:01.478324271,T,70.0,100,70.1,100,KO
2025-12-26,9:30:01.570528896,T,70.03,100,70.1,100,KO
2025-12-26,9:30:01.570985008,T,70.0,100,70.1,100,KO
2025-12-26,9:30:01.570994977,T,70.03,100,70.1,100,KO
2025-12-26,9:30:01.570994977,T,70.05,100,70.1,100,KO
2025-12-26,9:30:01.574834166,T,70.03,100,70.1,100,KO
2025-12-26,9:30:01.610288551,T,70.0,100,70.1,100,KO
2025-12-26,9:30:01.610293597,T,70.0,100,70.13,100,KO
2025-12-26,9:30:01.801789602,T,69.98,200,70.13,100,KO
2025-12-26,9:30:02.010296312,T,70.03,100,70.13,100,KO
2025-12-26,9:30:02.117125760,T,70.03,100,70.09,100,KO
2025-12-26,9:30:02.321728132,T,70.03,100,70.08,100,KO
2025-12-26,9:30:02.437183048,T,70.05,100,70.08,100,KO
2025-12-26,9:30:02.617216874,T,70.03,100,70.08,100,KO
2025-12-26,9:30:03.044459256,T,70.03,100,70.08,200,KO
2025-12-26,9:30:03.044464318,T,69.98,200,70.08,200,KO
2025-12-26,9:30:03.044474726,T,69.98,200,70.07,100,KO
2025-12-26,9:30:03.044589718,T,70.03,100,70.07,100,KO
2025-12-26,9:30:03.044679784,T,70.03,200,70.07,100,KO
2025-12-26,9:30:03.094543549,T,70.03,200,70.08,200,KO
2025-12-26,9:30:03.315499704,T,70.03,200,70.06,200,KO
2025-12-26,9:30:03.883522560,T,70.04,100,70.06,200,KO
2025-12-26,9:30:03.883572677,T,70.04,300,70.06,200,KO
2025-12-26,9:30:04.061752056,T,70.04,300,70.08,100,KO
2025-12-26,9:30:04.061772013,T,70.05,100,70.08,100,KO
2025-12-26,9:30:04.061797174,T,70.05,300,70.08,100,KO
2025-12-26,9:30:04.061812106,T,70.05,400,70.08,100,KO
2025-12-26,9:30:04.062844622,T,70.05,300,70.08,100,KO
2025-12-26,9:30:04.062889740,T,70.06,100,70.08,100,KO
2025-12-26,9:30:04.224945673,T,70.05,200,70.08,100,KO
2025-12-26,9:30:04.224985982,T,70.03,200,70.08,100,KO
2025-12-26,9:30:04.224995753,T,70.03,200,70.08,200,KO
2025-12-26,9:30:04.225010847,T,70.05,200,70.08,200,KO
2025-12-26,9:30:04.225421782,T,70.05,100,70.08,200,KO
2025-12-26,9:30:04.409089230,T,69.98,200,70.08,200,KO
2025-12-26,9:30:04.519321765,T,69.98,100,70.08,200,KO
2025-12-26,9:30:04.938820748,T,69.98,200,70.08,200,KO
2025-12-26,9:30:04.938845916,T,70.03,100,70.08,200,KO
2025-12-26,9:30:04.938850823,T,70.04,100,70.08,200,KO
2025-12-26,9:30:04.938880893,T,70.04,100,70.08,100,KO
2025-12-26,9:30:04.949706758,T,70.03,100,70.08,100,KO
2025-12-26,9:30:06.374715691,T,70.03,100,70.08,600,KO
2025-12-26,9:30:06.401845265,T,69.98,200,70.08,600,KO
2025-12-26,9:30:06.401855249,T,69.98,200,70.08,700,KO
2025-12-26,9:30:06.401860270,T,69.98,200,70.07,100,KO
2025-12-26,9:30:06.401870589,T,69.98,100,70.07,100,KO
2025-12-26,9:30:06.401890266,T,69.98,100,70.05,100,KO
2025-12-26,9:30:06.421893004,T,69.98,100,70.08,700,KO
2025-12-26,9:30:06.421917986,T,69.98,100,70.08,600,KO
2025-12-26,9:30:06.923246970,T,69.98,100,70.08,700,KO
2025-12-26,9:30:07.689236215,T,69.98,100,70.08,600,KO
2025-12-26,9:30:08.690646218,T,69.98,200,70.08,600,KO
2025-12-26,9:30:08.690711414,T,69.98,100,70.08,600,KO
2025-12-26,9:30:08.783086447,T,69.98,100,70.08,500,KO
2025-12-26,9:30:09.895375682,T,69.98,100,70.1,100,KO
2025-12-26,9:30:10.590215370,T,69.98,100,70.07,100,KO
2025-12-26,9:30:10.590245418,T,69.98,100,70.07,200,KO
2025-12-26,9:30:10.590490996,T,69.98,100,70.07,100,KO
2025-12-26,9:30:10.590636367,T,69.98,100,70.07,200,KO
2025-12-26,9:30:10.648825059,T,69.98,100,70.07,100,KO
2025-12-26,9:30:10.784924130,T,69.98,100,70.05,100,KO
2025-12-26,9:30:10.785981620,T,69.98,100,70.06,100,KO
2025-12-26,9:30:10.786447773,T,69.98,100,70.07,200,KO
2025-12-26,9:30:11.656068726,T,69.98,200,70.07,200,KO
2025-12-26,9:30:11.656108841,T,69.98,100,70.07,200,KO
2025-12-26,9:30:11.656133909,T,69.98,100,70.05,100,KO
2025-12-26,9:30:11.663411327,T,69.98,100,70.07,200,KO
2025-12-26,9:30:11.663416267,T,69.98,100,70.07,100,KO
2025-12-26,9:30:11.663436277,T,69.98,200,70.07,100,KO
2025-12-26,9:30:11.663441304,T,70.01,100,70.07,100,KO
2025-12-26,9:30:11.663466408,T,70.03,100,70.07,100,KO
2025-12-26,9:30:11.663837256,T,70.04,100,70.07,100,KO
2025-12-26,9:30:12.577668777,T,70.01,100,70.07,100,KO
2025-12-26,9:30:12.577688836,T,70.01,100,70.06,100,KO
2025-12-26,9:30:12.577719013,T,70.01,100,70.06,200,KO
2025-12-26,9:30:12.578159908,T,70.01,100,70.06,300,KO
2025-12-26,9:30:13.649722015,T,70.02,100,70.06,300,KO
2025-12-26,9:30:13.649722015,T,70.02,100,70.06,200,KO
2025-12-26,9:30:13.649752132,T,70.02,200,70.06,200,KO
2025-12-26,9:30:13.649807219,T,70.02,100,70.06,200,KO
2025-12-26,9:30:13.651110276,T,70.02,100,70.06,100,KO
2025-12-26,9:30:13.651140411,T,70.02,100,70.07,200,KO
2025-12-26,9:30:13.669318654,T,70.02,100,70.07,100,KO
2025-12-26,9:30:13.669348800,T,70.01,100,70.07,100,KO
2025-12-26,9:30:14.427870207,T,70.01,200,70.07,100,KO
2025-12-26,9:30:14.427910252,T,70.01,200,70.06,100,KO
2025-12-26,9:30:14.427940336,T,70.01,200,70.06,200,KO
2025-12-26,9:30:14.427980427,T,70.01,200,70.06,100,KO
2025-12-26,9:30:14.428211007,T,70.01,200,70.06,200,KO
2025-12-26,9:30:14.428396466,T,70.01,100,70.06,200,KO
2025-12-26,9:30:14.428747279,T,70.01,100,70.05,100,KO
2025-12-26,9:30:14.436540765,T,70.01,100,70.06,200,KO
2025-12-26,9:30:14.447912876,T,70.01,100,70.06,100,KO
2025-12-26,9:30:14.447937912,T,70.01,100,70.07,200,KO
2025-12-26,9:30:14.995326653,T,70.02,100,70.07,200,KO
2025-12-26,9:30:14.995351614,T,70.02,200,70.07,200,KO
2025-12-26,9:30:14.995376866,T,70.02,300,70.07,200,KO
2025-12-26,9:30:14.995386727,T,70.02,200,70.07,200,KO
2025-12-26,9:30:14.999992678,T,70.02,200,70.07,100,KO
2025-12-26,9:30:15.000017797,T,70.02,200,70.1,100,KO
2025-12-26,9:30:15.299911972,T,70.02,100,70.1,100,KO
2025-12-26,9:30:15.783539006,T,70.02,100,70.07,100,KO
2025-12-26,9:30:15.783569029,T,70.01,300,70.07,100,KO
2025-12-26,9:30:16.730995416,T,70.02,100,70.07,100,KO
2025-12-26,9:30:16.812544684,T,70.01,300,70.07,100,KO
2025-12-26,9:30:20.321411435,T,70.01,300,70.05,100,KO
2025-12-26,9:30:20.321807339,T,70.01,200,70.05,100,KO
2025-12-26,9:30:20.321832345,T,70.01,200,70.04,100,KO
2025-12-26,9:30:20.321832345,T,70.01,200,70.04,200,KO
2025-12-26,9:30:20.321842441,T,70.01,100,70.04,200,KO
2025-12-26,9:30:20.321852646,T,70.01,100,70.03,100,KO
2025-12-26,9:30:20.321867765,T,69.98,100,70.03,100,KO
2025-12-26,9:30:20.321887552,T,69.98,200,70.03,100,KO
2025-12-26,9:30:20.321907585,T,70.0,100,70.03,100,KO
2025-12-26,9:30:20.321957746,T,70.0,100,70.03,200,KO
2025-12-26,9:30:20.321957746,T,70.0,200,70.03,200,KO
2025-12-26,9:30:20.322042900,T,70.0,200,70.03,100,KO
2025-12-26,9:30:20.322328604,T,70.0,200,70.04,400,KO
2025-12-26,9:30:20.322338561,T,70.0,100,70.04,400,KO
2025-12-26,9:30:20.322574179,T,70.0,100,70.04,300,KO
2025-12-26,9:30:20.332803480,T,70.0,100,70.04,200,KO
2025-12-26,9:30:20.341824990,T,70.0,100,70.04,100,KO
2025-12-26,9:30:20.341855053,T,70.0,100,70.05,200,KO
2025-12-26,9:30:21.871793781,T,70.01,100,70.05,200,KO
2025-12-26,9:30:21.871818946,T,70.01,200,70.05,200,KO
2025-12-26,9:30:21.871873992,T,70.01,100,70.05,200,KO
2025-12-26,9:30:21.962570099,T,70.0,100,70.05,200,KO
2025-12-26,9:30:22.114035731,T,70.0,100,70.05,100,KO
2025-12-26,9:30:22.114060787,T,70.0,100,70.06,200,KO
2025-12-26,9:30:23.289415153,T,70.01,100,70.06,200,KO
2025-12-26,9:30:23.289415153,T,70.01,200,70.06,200,KO
2025-12-26,9:30:23.289440204,T,70.01,300,70.06,200,KO
2025-12-26,9:30:23.289570477,T,70.02,100,70.06,200,KO
2025-12-26,9:30:23.289725878,T,70.02,100,70.06,100,KO
2025-12-26,9:30:23.290728283,T,70.02,100,70.04,100,KO
2025-12-26,9:30:23.291580302,T,70.01,400,70.04,100,KO
2025-12-26,9:30:23.327014703,T,70.01,400,70.04,200,KO
2025-12-26,9:30:23.327044723,T,70.01,300,70.04,200,KO
2025-12-26,9:30:24.815665199,T,70.01,200,70.04,200,KO
2025-12-26,9:30:24.923081078,T,70.01,200,70.04,100,KO
2025-12-26,9:30:24.923111184,T,70.01,100,70.04,100,KO
2025-12-26,9:30:25.860964779,T,70.01,100,70.04,500,KO
2025-12-26,9:30:26.263588653,T,70.0,200,70.04,500,KO
2025-12-26,9:30:26.264591045,T,70.01,100,70.04,500,KO
2025-12-26,9:30:26.321712081,T,70.0,200,70.04,500,KO
2025-12-26,9:30:26.321742125,T,70.0,100,70.04,500,KO
2025-12-26,9:30:26.321942578,T,70.0,100,70.04,400,KO
2025-12-26,9:30:28.350343559,T,69.98,300,70.04,400,KO
2025-12-26,9:30:28.350343559,T,69.98,200,70.04,400,KO
2025-12-26,9:30:28.350348494,T,69.98,200,70.03,100,KO
2025-12-26,9:30:28.350363722,T,69.98,200,70.03,200,KO
2025-12-26,9:30:28.350363722,T,69.98,200,70.03,300,KO
2025-12-26,9:30:28.350368940,T,69.98,200,70.02,100,KO
2025-12-26,9:30:28.350945094,T,69.98,200,70.02,200,KO
2025-12-26,9:30:28.351060229,T,69.98,200,70.02,300,KO
2025-12-26,9:30:28.351261088,T,69.98,100,70.02,300,KO
2025-12-26,9:30:28.351265692,T,69.98,100,70.01,100,KO
2025-12-26,9:30:28.351832076,T,69.98,100,70.02,300,KO
2025-12-26,9:30:28.351912276,T,69.98,100,70.02,200,KO
2025-12-26,9:30:28.354197733,T,69.98,200,70.02,200,KO
2025-12-26,9:30:28.354227728,T,69.98,300,70.02,200,KO
2025-12-26,9:30:28.379332607,T,69.98,300,70.02,100,KO
2025-12-26,9:30:28.379342546,T,69.98,200,70.02,100,KO
2025-12-26,9:30:28.379362713,T,69.98,200,70.01,100,KO
2025-12-26,9:30:28.379888840,T,69.98,300,70.01,100,KO
2025-12-26,9:30:28.380039297,T,69.99,100,70.01,100,KO
2025-12-26,9:30:28.380044232,T,69.99,200,70.01,100,KO
2025-12-26,9:30:28.380264810,T,69.99,300,70.01,100,KO
2025-12-26,9:30:28.380405095,T,69.99,400,70.01,100,KO
2025-12-26,9:30:28.380420204,T,69.99,400,70.02,100,KO
2025-12-26,9:30:28.380505377,T,70.0,100,70.02,100,KO
2025-12-26,9:30:28.381116846,T,69.99,200,70.02,100,KO
2025-12-26,9:30:28.399751177,T,69.99,200,70.03,100,KO
2025-12-26,9:30:28.399771241,T,69.99,200,70.04,600,KO
2025-12-26,9:30:28.400132052,T,69.99,200,70.03,100,KO
2025-12-26,9:30:28.460621189,T,69.99,200,70.04,600,KO
2025-12-26,9:30:28.461062227,T,70.0,100,70.04,600,KO
2025-12-26,9:30:28.485310034,T,69.99,200,70.04,600,KO
2025-12-26,9:30:28.688809671,T,69.99,200,70.04,500,KO
2025-12-26,9:30:29.116317881,T,69.99,200,70.04,400,KO
2025-12-26,9:30:29.341794793,T,69.99,200,70.03,100,KO
2025-12-26,9:30:29.341819846,T,69.99,200,70.03,200,KO
2025-12-26,9:30:29.342065444,T,69.99,200,70.03,100,KO
2025-12-26,9:30:30.020997497,T,69.99,200,70.03,700,KO
2025-12-26,9:30:30.137910974,T,69.99,200,70.03,600,KO
2025-12-26,9:30:30.137931005,T,69.99,200,70.04,100,KO
2025-12-26,9:30:30.137946059,T,70.0,100,70.04,100,KO
2025-12-26,9:30:30.137951792,T,70.01,100,70.04,100,KO
2025-12-26,9:30:30.137951792,T,70.02,100,70.04,100,KO
2025-12-26,9:30:30.137951792,T,70.02,200,70.04,100,KO
2025-12-26,9:30:30.137966123,T,70.02,200,70.05,100,KO
2025-12-26,9:30:30.138507436,T,70.02,100,70.05,100,KO
2025-12-26,9:30:30.138512451,T,70.02,100,70.05,200,KO
2025-12-26,9:30:30.138712929,T,70.02,200,70.05,200,KO
2025-12-26,9:30:30.138717953,T,70.02,200,70.05,100,KO
2025-12-26,9:30:30.138748022,T,70.03,100,70.05,100,KO
2025-12-26,9:30:30.139008665,T,70.03,100,70.06,200,KO
2025-12-26,9:30:30.139755368,T,70.01,100,70.06,200,KO
2025-12-26,9:30:30.152616004,T,70.01,100,70.04,100,KO
2025-12-26,9:30:30.570681795,T,70.01,100,70.05,100,KO
2025-12-26,9:30:30.570692059,T,70.01,100,70.04,100,KO
2025-12-26,9:30:30.570696989,T,70.01,100,70.05,100,KO
2025-12-26,9:30:30.570696989,T,70.02,100,70.05,100,KO
2025-12-26,9:30:30.570696989,T,70.03,100,70.05,100,KO
2025-12-26,9:30:30.571258112,T,70.02,400,70.05,100,KO
2025-12-26,9:30:30.571679383,T,70.02,400,70.05,200,KO
2025-12-26,9:30:30.571789509,T,70.02,300,70.05,200,KO
2025-12-26,9:30:30.571789509,T,70.02,200,70.05,200,KO
2025-12-26,9:30:30.610506679,T,70.02,100,70.05,200,KO
2025-12-26,9:30:30.610651950,T,70.01,200,70.05,200,KO
2025-12-26,9:30:30.611098031,T,70.01,200,70.05,100,KO
2025-12-26,9:30:30.715516746,T,70.01,100,70.05,100,KO
2025-12-26,9:30:30.715541716,T,70.0,200,70.05,100,KO
2025-12-26,9:30:30.730056390,T,70.0,200,70.05,200,KO
2025-12-26,9:30:30.730066410,T,70.0,200,70.05,300,KO
2025-12-26,9:30:30.766914236,T,70.0,200,70.05,200,KO
2025-12-26,9:30:30.766919108,T,70.0,200,70.04,100,KO
2025-12-26,9:30:30.779133245,T,70.0,200,70.05,200,KO
2025-12-26,9:30:30.886443752,T,70.0,100,70.05,200,KO
2025-12-26,9:30:31.001823531,T,70.0,200,70.05,200,KO
2025-12-26,9:30:31.001828629,T,70.0,200,70.04,100,KO
2025-12-26,9:30:31.001843657,T,70.0,100,70.04,100,KO
2025-12-26,9:30:31.001853689,T,70.0,100,70.04,200,KO
2025-12-26,9:30:31.001853689,T,70.0,100,70.04,300,KO
2025-12-26,9:30:31.001878991,T,70.0,100,70.04,200,KO
2025-12-26,9:30:31.002645542,T,70.0,200,70.04,200,KO
2025-12-26,9:30:31.002881031,T,70.0,200,70.04,100,KO
2025-12-26,9:30:31.022407536,T,70.0,100,70.04,100,KO
2025-12-26,9:30:31.087703085,T,70.0,100,70.05,200,KO
2025-12-26,9:30:32.672758061,T,70.0,100,70.05,100,KO
2025-12-26,9:30:33.658550880,T,69.99,200,70.05,100,KO
2025-12-26,9:30:36.258447751,T,69.99,100,70.05,100,KO
2025-12-26,9:30:36.698781434,T,69.98,300,70.05,100,KO
2025-12-26,9:30:36.698786492,T,69.98,300,70.04,100,KO
2025-12-26,9:30:36.698816540,T,69.98,300,70.04,200,KO
2025-12-26,9:30:36.699042084,T,69.98,300,70.04,100,KO
2025-12-26,9:30:36.699207384,T,69.98,300,70.04,200,KO
2025-12-26,9:30:36.699422976,T,69.98,300,70.03,100,KO
2025-12-26,9:30:36.699473123,T,69.98,300,70.04,200,KO
2025-12-26,9:30:36.699984288,T,69.98,300,70.03,100,KO
2025-12-26,9:30:36.765991470,T,69.98,300,70.04,200,KO
2025-12-26,9:30:36.766437555,T,69.98,300,70.04,100,KO
2025-12-26,9:30:38.054846271,T,69.99,100,70.04,100,KO
2025-12-26,9:30:38.054881367,T,69.99,200,70.04,100,KO
2025-12-26,9:30:38.087368697,T,70.01,100,70.04,100,KO
2025-12-26,9:30:38.087418823,T,69.99,100,70.04,100,KO
2025-12-26,9:30:38.087443912,T,70.0,100,70.04,100,KO
2025-12-26,9:30:38.119951281,T,69.99,100,70.04,100,KO
2025-12-26,9:30:38.771102042,T,69.99,100,70.05,100,KO
2025-12-26,9:30:40.128198924,T,70.0,100,70.05,100,KO
2025-12-26,9:30:40.128229019,T,70.0,200,70.05,100,KO
2025-12-26,9:30:40.128334277,T,70.0,100,70.05,100,KO
2025-12-26,9:30:40.194642192,T,69.98,200,70.05,100,KO
2025-12-26,9:30:40.196702159,T,69.98,200,70.04,100,KO
2025-12-26,9:30:40.196732149,T,69.98,200,70.04,200,KO
2025-12-26,9:30:40.196762281,T,69.98,200,70.04,100,KO
2025-12-26,9:30:40.197268474,T,69.99,100,70.04,100,KO
2025-12-26,9:30:40.197293538,T,69.99,200,70.04,100,KO
2025-12-26,9:30:40.241814566,T,70.0,100,70.04,100,KO
2025-12-26,9:30:40.241879689,T,70.0,200,70.04,100,KO
2025-12-26,9:30:40.242310783,T,70.0,100,70.04,100,KO
2025-12-26,9:30:40.242335820,T,70.01,100,70.04,100,KO
2025-12-26,9:30:40.242405909,T,70.0,100,70.04,100,KO
2025-12-26,9:30:40.678860389,T,69.98,200,70.04,100,KO
2025-12-26,9:30:40.678890490,T,69.99,100,70.04,100,KO
2025-12-26,9:30:40.678920515,T,69.99,200,70.04,100,KO
2025-12-26,9:30:41.300761609,T,69.99,100,70.04,100,KO
2025-12-26,9:30:41.371715572,T,70.0,100,70.04,100,KO
2025-12-26,9:30:41.371755635,T,69.99,100,70.04,100,KO
2025-12-26,9:30:41.371810744,T,70.0,100,70.04,100,KO
2025-12-26,9:30:41.420105767,T,70.01,100,70.04,100,KO
2025-12-26,9:30:41.420155941,T,70.0,100,70.04,100,KO
2025-12-26,9:30:43.448186072,T,70.01,100,70.04,100,KO
2025-12-26,9:30:43.448231202,T,70.0,100,70.04,100,KO
2025-12-26,9:30:43.502931375,T,69.98,200,70.04,100,KO
2025-12-26,9:30:43.502971481,T,69.99,100,70.04,100,KO
2025-12-26,9:30:43.502996597,T,69.99,200,70.04,100,KO
2025-12-26,9:30:43.503026656,T,69.99,100,70.04,100,KO
2025-12-26,9:30:44.301719037,T,69.99,100,70.04,200,KO
2025-12-26,9:30:44.331229383,T,69.99,100,70.04,100,KO
2025-12-26,9:30:44.921881120,T,69.99,100,70.04,200,KO
2025-12-26,9:30:44.921956202,T,70.0,100,70.04,200,KO
2025-12-26,9:30:44.921986282,T,70.0,200,70.04,200,KO
2025-12-26,9:30:44.922066647,T,70.0,300,70.04,200,KO
2025-12-26,9:30:44.922096579,T,70.0,400,70.04,200,KO
2025-12-26,9:30:44.922101594,T,70.0,400,70.04,100,KO
2025-12-26,9:30:44.922161763,T,70.0,400,70.04,200,KO
2025-12-26,9:30:44.922201873,T,70.01,100,70.04,200,KO
2025-12-26,9:30:44.922236900,T,70.01,200,70.04,200,KO
2025-12-26,9:30:44.922256915,T,70.01,100,70.04,200,KO
2025-12-26,9:30:44.922282206,T,70.0,400,70.04,200,KO
2025-12-26,9:30:44.922292067,T,70.0,300,70.04,200,KO
2025-12-26,9:30:44.922302133,T,70.01,100,70.04,200,KO
2025-12-26,9:30:44.922337185,T,70.01,200,70.04,200,KO
2025-12-26,9:30:44.922347135,T,70.01,300,70.04,200,KO
2025-12-26,9:30:44.922352203,T,70.01,200,70.04,200,KO
2025-12-26,9:30:44.922512604,T,70.02,100,70.04,200,KO
2025-12-26,9:30:44.922542652,T,70.02,200,70.04,200,KO
2025-12-26,9:30:44.922552693,T,70.02,300,70.04,200,KO
2025-12-26,9:30:44.922587766,T,70.03,100,70.04,200,KO
2025-12-26,9:30:44.922607822,T,70.03,100,70.04,100,KO
2025-12-26,9:30:44.922607822,T,70.03,100,70.05,200,KO
2025-12-26,9:30:44.922632851,T,70.02,400,70.05,200,KO
2025-12-26,9:30:44.922677927,T,70.02,400,70.05,100,KO
2025-12-26,9:30:44.923028828,T,70.02,400,70.04,100,KO
2025-12-26,9:30:44.923184144,T,70.02,400,70.05,200,KO
2025-12-26,9:30:44.923445170,T,70.02,300,70.05,200,KO
2025-12-26,9:30:44.923445170,T,70.02,200,70.05,200,KO
2025-12-26,9:30:44.923450065,T,70.02,200,70.05,300,KO
2025-12-26,9:30:44.923459801,T,70.02,200,70.05,400,KO
2025-12-26,9:30:44.923479852,T,70.02,100,70.05,400,KO
2025-12-26,9:30:44.923560149,T,70.02,100,70.04,100,KO
2025-12-26,9:30:44.923605208,T,70.02,200,70.04,100,KO
2025-12-26,9:30:44.923620227,T,70.02,200,70.05,300,KO
2025-12-26,9:30:44.923680415,T,70.02,200,70.04,100,KO
2025-12-26,9:30:44.923765935,T,70.03,100,70.04,100,KO
2025-12-26,9:30:44.923765935,T,70.03,100,70.05,300,KO
2025-12-26,9:30:44.923926035,T,70.03,100,70.05,200,KO
2025-12-26,9:30:44.924266748,T,70.03,100,70.04,100,KO
2025-12-26,9:30:44.924326880,T,70.02,200,70.04,100,KO
2025-12-26,9:30:44.924336887,T,70.03,100,70.04,100,KO
2025-12-26,9:30:44.924352401,T,70.03,200,70.04,100,KO
2025-12-26,9:30:44.924376995,T,70.03,100,70.04,100,KO
2025-12-26,9:30:44.924702768,T,70.03,100,70.05,200,KO
2025-12-26,9:30:44.924863200,T,70.03,200,70.05,200,KO
2025-12-26,9:30:44.924903317,T,70.03,100,70.05,200,KO
2025-12-26,9:30:44.924908309,T,70.02,200,70.05,200,KO
2025-12-26,9:30:44.924928306,T,70.02,300,70.05,200,KO
2025-12-26,9:30:44.925474756,T,70.02,200,70.05,200,KO
2025-12-26,9:30:44.925514765,T,70.02,100,70.05,200,KO
2025-12-26,9:30:44.925760296,T,70.02,100,70.04,100,KO
2025-12-26,9:30:44.926116171,T,70.02,100,70.04,200,KO
2025-12-26,9:30:44.927544550,T,70.0,200,70.04,200,KO
2025-12-26,9:30:44.932290885,T,70.0,300,70.04,200,KO
2025-12-26,9:30:44.932336001,T,70.0,300,70.04,300,KO
2025-12-26,9:30:44.932807129,T,70.01,100,70.04,300,KO
2025-12-26,9:30:44.933082782,T,70.01,100,70.04,200,KO
2025-12-26,9:30:44.933593956,T,70.01,100,70.04,100,KO
2025-12-26,9:30:44.952183192,T,70.01,100,70.05,300,KO
2025-12-26,9:30:44.983918793,T,70.0,200,70.05,300,KO
2025-12-26,9:30:44.998187811,T,70.0,200,70.05,200,KO
2025-12-26,9:30:44.998603768,T,70.01,100,70.05,200,KO
2025-12-26,9:30:44.998794191,T,70.01,100,70.05,300,KO
2025-12-26,9:30:45.025412648,T,70.0,200,70.05,300,KO
2025-12-26,9:30:45.025417696,T,70.0,200,70.05,200,KO
2025-12-26,9:30:45.251435909,T,70.0,200,70.05,100,KO
2025-12-26,9:30:46.304609308,T,70.01,100,70.05,100,KO
2025-12-26,9:30:48.626062976,T,70.02,100,70.05,100,KO
2025-12-26,9:30:48.626088016,T,70.02,200,70.05,100,KO
2025-12-26,9:30:48.626243372,T,70.02,200,70.05,200,KO
2025-12-26,9:30:48.626248428,T,70.02,100,70.05,200,KO
2025-12-26,9:30:48.626273454,T,70.01,200,70.05,200,KO
2025-12-26,9:30:48.633575891,T,70.01,100,70.05,200,KO
2025-12-26,9:30:48.633661015,T,70.01,100,70.05,300,KO
2025-12-26,9:30:48.633721148,T,70.0,200,70.05,300,KO
2025-12-26,9:30:48.660229328,T,70.0,100,70.05,300,KO
2025-12-26,9:30:48.660519974,T,70.0,100,70.04,100,KO
2025-12-26,9:30:48.660700431,T,70.0,100,70.05,300,KO
2025-12-26,9:30:48.703236761,T,69.99,200,70.05,300,KO
2025-12-26,9:30:49.300920189,T,69.99,100,70.05,300,KO
2025-12-26,9:30:51.314932018,T,69.99,100,70.05,200,KO
2025-12-26,9:30:51.466723492,T,69.99,100,70.05,100,KO
2025-12-26,9:30:51.469926010,T,70.0,100,70.05,100,KO
2025-12-26,9:30:51.469956084,T,70.0,200,70.05,100,KO
2025-12-26,9:30:51.470021326,T,70.0,100,70.05,100,KO
2025-12-26,9:30:51.470071422,T,70.0,100,70.05,200,KO
2025-12-26,9:30:51.526450661,T,69.99,100,70.05,200,KO
2025-12-26,9:30:51.986145471,T,69.99,100,70.04,100,KO
2025-12-26,9:30:51.986170622,T,69.99,100,70.04,200,KO
2025-12-26,9:30:51.986606640,T,69.99,100,70.04,100,KO
2025-12-26,9:30:52.024206158,T,69.99,100,70.05,200,KO
2025-12-26,9:30:52.612853421,T,69.99,100,70.05,300,KO
2025-12-26,9:30:52.612858146,T,69.99,100,70.04,100,KO
2025-12-26,9:30:52.612928210,T,69.99,100,70.04,200,KO
2025-12-26,9:30:52.612988399,T,69.99,100,70.02,100,KO
2025-12-26,9:30:52.613018448,T,69.99,100,70.02,200,KO
2025-12-26,9:30:52.613544658,T,69.99,100,70.02,100,KO
2025-12-26,9:30:52.613569821,T,69.99,100,70.03,100,KO
2025-12-26,9:30:52.650868580,T,70.0,100,70.03,100,KO
2025-12-26,9:30:52.650898664,T,70.0,200,70.03,100,KO
2025-12-26,9:30:52.650928716,T,70.0,200,70.04,200,KO
2025-12-26,9:30:52.650933769,T,70.01,100,70.04,200,KO
2025-12-26,9:30:52.651244524,T,70.01,100,70.04,100,KO
2025-12-26,9:30:52.651279986,T,70.01,100,70.05,300,KO
2025-12-26,9:30:52.651966228,T,70.01,200,70.05,300,KO
2025-12-26,9:30:52.659293683,T,70.01,100,70.05,300,KO
2025-12-26,9:30:52.699935446,T,70.01,100,70.05,200,KO
2025-12-26,9:30:52.786727160,T,70.0,200,70.05,200,KO
2025-12-26,9:30:52.866762748,T,70.0,100,70.05,200,KO
2025-12-26,9:30:52.993444503,T,70.01,100,70.05,200,KO
2025-12-26,9:30:52.993479561,T,70.0,200,70.05,200,KO
2025-12-26,9:30:52.993880541,T,70.0,200,70.05,300,KO
2025-12-26,9:30:53.251408835,T,70.0,100,70.05,300,KO
2025-12-26,9:30:54.255184706,T,69.99,200,70.05,300,KO
2025-12-26,9:30:54.762427767,T,70.0,100,70.05,300,KO
2025-12-26,9:30:54.762908921,T,70.0,100,70.05,200,KO
2025-12-26,9:30:54.762913851,T,70.0,100,70.05,100,KO
2025-12-26,9:30:54.762928946,T,70.01,100,70.05,100,KO
2025-12-26,9:30:54.762958981,T,70.0,100,70.05,100,KO
2025-12-26,9:30:55.097656106,T,70.0,100,70.05,200,KO
2025-12-26,9:30:55.097661061,T,70.0,100,70.05,300,KO
2025-12-26,9:30:55.097716190,T,70.0,100,70.04,100,KO
2025-12-26,9:30:55.097721566,T,70.0,100,70.03,100,KO
2025-12-26,9:30:55.097746377,T,69.99,200,70.03,100,KO
2025-12-26,9:30:55.097971880,T,69.99,100,70.03,100,KO
2025-12-26,9:30:55.098282547,T,69.99,100,70.04,200,KO
2025-12-26,9:30:55.098307942,T,69.99,100,70.03,100,KO
2025-12-26,9:30:55.117668803,T,69.99,100,70.04,200,KO
2025-12-26,9:30:55.280772233,T,69.98,300,70.04,200,KO
2025-12-26,9:30:56.560775588,T,69.98,300,70.03,100,KO
2025-12-26,9:30:57.551024043,T,69.99,100,70.03,100,KO
2025-12-26,9:30:58.193854982,T,69.98,300,70.03,100,KO
2025-12-26,9:30:58.827539323,T,69.99,100,70.03,100,KO
2025-12-26,9:30:59.000862079,T,69.98,300,70.03,100,KO
2025-12-26,9:30:59.869505864,T,69.99,100,70.03,100,KO
2025-12-26,9:31:00.006843302,T,70.0,100,70.03,100,KO
2025-12-26,9:31:00.006868075,T,70.0,200,70.03,100,KO
2025-12-26,9:31:00.027051095,T,70.0,200,70.05,200,KO
2025-12-26,9:31:00.027086189,T,70.0,200,70.05,100,KO
2025-12-26,9:31:00.901318371,T,70.0,100,70.05,100,KO
2025-12-26,9:31:01.084419565,T,70.0,100,70.05,200,KO
2025-12-26,9:31:01.253276630,T,70.0,100,70.05,300,KO
2025-12-26,9:31:01.253617487,T,70.0,100,70.04,100,KO
2025-12-26,9:31:01.253878132,T,69.98,200,70.04,100,KO
2025-12-26,9:31:01.253888120,T,69.99,100,70.04,100,KO
2025-12-26,9:31:01.253918187,T,69.99,200,70.04,100,KO
2025-12-26,9:31:01.316412004,T,69.99,200,70.05,300,KO
2025-12-26,9:31:01.656156260,T,69.99,100,70.05,300,KO
2025-12-26,9:31:01.926294679,T,69.99,100,70.04,100,KO
2025-12-26,9:31:01.926299849,T,69.99,100,70.04,200,KO
2025-12-26,9:31:01.926435031,T,69.99,100,70.03,100,KO
2025-12-26,9:31:01.926971238,T,69.98,200,70.03,100,KO
2025-12-26,9:31:01.927196842,T,69.99,100,70.03,100,KO
2025-12-26,9:31:01.931857863,T,69.99,200,70.03,100,KO
2025-12-26,9:31:01.931988250,T,69.99,200,70.04,200,KO
2025-12-26,9:31:02.297398478,T,69.99,200,70.04,100,KO
2025-12-26,9:31:02.300931851,T,69.99,200,70.05,300,KO
2025-12-26,9:31:02.301403010,T,70.0,100,70.05,300,KO
2025-12-26,9:31:02.308755418,T,69.99,200,70.05,300,KO
2025-12-26,9:31:02.900775443,T,70.0,100,70.05,300,KO
2025-12-26,9:31:02.901121211,T,70.01,100,70.05,300,KO
2025-12-26,9:31:02.901783060,T,70.0,100,70.05,300,KO
2025-12-26,9:31:02.904063264,T,70.0,100,70.04,100,KO
2025-12-26,9:31:02.904098317,T,70.0,100,70.04,200,KO
2025-12-26,9:31:02.904103307,T,69.99,200,70.04,200,KO
2025-12-26,9:31:02.904108369,T,69.99,200,70.03,100,KO
2025-12-26,9:31:02.904138361,T,69.99,200,70.03,200,KO
2025-12-26,9:31:02.904153472,T,69.99,200,70.02,100,KO
2025-12-26,9:31:02.904218576,T,69.99,100,70.02,100,KO
2025-12-26,9:31:02.904709787,T,69.99,100,70.03,300,KO
2025-12-26,9:31:02.904739871,T,69.99,100,70.03,200,KO
2025-12-26,9:31:02.934901641,T,69.99,100,70.03,100,KO
2025-12-26,9:31:02.934926689,T,69.99,100,70.04,200,KO
2025-12-26,9:31:02.945682288,T,69.99,200,70.04,200,KO
2025-12-26,9:31:03.498027785,T,69.99,200,70.04,100,KO
2025-12-26,9:31:03.498047858,T,69.99,200,70.05,300,KO
2025-12-26,9:31:03.872449590,T,70.0,100,70.05,300,KO
2025-12-26,9:31:03.872755226,T,70.01,100,70.05,300,KO
2025-12-26,9:31:03.872815406,T,70.0,100,70.05,300,KO
2025-12-26,9:31:03.990129839,T,69.99,200,70.05,300,KO
2025-12-26,9:31:03.993497872,T,70.0,100,70.05,300,KO
2025-12-26,9:31:04.024927659,T,69.99,200,70.05,300,KO
2025-12-26,9:31:04.083131287,T,70.02,100,70.05,300,KO
2025-12-26,9:31:04.083181487,T,70.02,200,70.05,300,KO
2025-12-26,9:31:04.083211501,T,70.02,100,70.05,300,KO
2025-12-26,9:31:04.083271675,T,70.01,100,70.05,300,KO
2025-12-26,9:31:04.083301850,T,70.01,100,70.03,100,KO
2025-12-26,9:31:04.083306788,T,70.0,100,70.03,100,KO
2025-12-26,9:31:04.083376915,T,70.0,100,70.03,200,KO
2025-12-26,9:31:04.083612614,T,70.0,100,70.03,100,KO
2025-12-26,9:31:04.083642513,T,70.0,100,70.02,100,KO
2025-12-26,9:31:04.083682633,T,70.0,100,70.02,200,KO
2025-12-26,9:31:04.083682633,T,70.0,200,70.02,200,KO
2025-12-26,9:31:04.083787884,T,70.0,100,70.02,200,KO
2025-12-26,9:31:04.083817948,T,69.99,200,70.02,200,KO
2025-12-26,9:31:04.105309213,T,69.99,200,70.02,100,KO
2025-12-26,9:31:04.105309213,T,69.99,200,70.04,200,KO
2025-12-26,9:31:04.105329270,T,70.01,100,70.04,200,KO
2025-12-26,9:31:04.105334203,T,70.01,200,70.04,200,KO
2025-12-26,9:31:04.105424472,T,70.01,300,70.04,200,KO
2025-12-26,9:31:04.105609902,T,70.02,100,70.04,200,KO
2025-12-26,9:31:04.105690387,T,70.01,300,70.04,200,KO
2025-12-26,9:31:04.105700068,T,70.01,300,70.04,100,KO
2025-12-26,9:31:04.105700068,T,70.01,300,70.05,300,KO
2025-12-26,9:31:04.105710164,T,70.01,300,70.03,100,KO
2025-12-26,9:31:04.105975858,T,70.01,200,70.03,100,KO
2025-12-26,9:31:04.106060972,T,70.01,200,70.03,200,KO
2025-12-26,9:31:04.106376720,T,70.01,100,70.03,200,KO
2025-12-26,9:31:04.112461152,T,70.01,100,70.03,100,KO
2025-12-26,9:31:04.112476325,T,70.02,100,70.03,100,KO
2025-12-26,9:31:04.112481268,T,70.02,200,70.03,100,KO
2025-12-26,9:31:04.112491375,T,70.02,200,70.04,200,KO
2025-12-26,9:31:04.112511299,T,70.02,200,70.04,100,KO
2025-12-26,9:31:04.112571438,T,70.02,200,70.05,300,KO
2025-12-26,9:31:04.128534484,T,70.02,200,70.05,200,KO
2025-12-26,9:31:04.179240253,T,70.02,200,70.05,100,KO
2025-12-26,9:31:06.082443105,T,70.03,100,70.05,100,KO
2025-12-26,9:31:06.082483120,T,70.03,200,70.05,100,KO
2025-12-26,9:31:06.082613358,T,70.03,200,70.05,200,KO
2025-12-26,9:31:06.082748688,T,70.03,200,70.05,300,KO
2025-12-26,9:31:06.083019355,T,70.03,200,70.05,400,KO
2025-12-26,9:31:06.083575651,T,70.03,200,70.05,300,KO
2025-12-26,9:31:06.083926553,T,70.03,100,70.05,300,KO
2025-12-26,9:31:06.089515220,T,70.02,300,70.05,300,KO
2025-12-26,9:31:06.093669697,T,70.02,200,70.05,300,KO
2025-12-26,9:31:06.109652761,T,70.02,100,70.05,300,KO
2025-12-26,9:31:06.109657831,T,70.02,100,70.04,100,KO
2025-12-26,9:31:06.109697953,T,70.02,100,70.04,200,KO
2025-12-26,9:31:06.109712905,T,70.02,100,70.04,300,KO
2025-12-26,9:31:06.109778137,T,70.01,100,70.04,300,KO
2025-12-26,9:31:06.109833210,T,70.0,200,70.04,300,KO
2025-12-26,9:31:06.110209136,T,70.0,200,70.04,200,KO
2025-12-26,9:31:06.114203622,T,70.01,100,70.04,200,KO
2025-12-26,9:31:06.133414407,T,70.0,200,70.04,200,KO
2025-12-26,9:31:07.924464931,T,70.0,100,70.04,200,KO
2025-12-26,9:31:07.965587885,T,69.99,200,70.04,200,KO
2025-12-26,9:31:08.303683081,T,70.0,100,70.04,200,KO
2025-12-26,9:31:08.438408979,T,69.99,200,70.04,200,KO
2025-12-26,9:31:08.438494195,T,70.0,100,70.04,200,KO
2025-12-26,9:31:08.438564347,T,70.01,100,70.04,200,KO
2025-12-26,9:31:08.438624499,T,70.0,200,70.04,200,KO
2025-12-26,9:31:08.438634458,T,70.0,200,70.04,100,KO
2025-12-26,9:31:11.240517674,T,70.0,100,70.04,100,KO
2025-12-26,9:31:14.029720442,T,70.0,100,70.05,100,KO
2025-12-26,9:31:14.029740540,T,70.02,100,70.05,100,KO
2025-12-26,9:31:14.029740540,T,70.02,200,70.05,100,KO
2025-12-26,9:31:14.029770582,T,70.02,300,70.05,100,KO
2025-12-26,9:31:14.029795608,T,70.02,400,70.05,100,KO
2025-12-26,9:31:14.030296878,T,70.02,300,70.05,100,KO
2025-12-26,9:31:14.030602507,T,70.03,100,70.05,100,KO
2025-12-26,9:31:14.030687752,T,70.03,100,70.05,200,KO
2025-12-26,9:31:14.031158918,T,70.02,300,70.05,200,KO
2025-12-26,9:31:14.036782256,T,70.02,200,70.05,200,KO
2025-12-26,9:31:14.056409005,T,70.02,100,70.05,200,KO
2025-12-26,9:31:14.131793616,T,70.01,200,70.05,200,KO
2025-12-26,9:31:15.205305229,T,70.01,200,70.05,300,KO
2025-12-26,9:31:15.205560870,T,70.01,200,70.04,100,KO
2025-12-26,9:31:15.205590974,T,70.01,200,70.04,200,KO
2025-12-26,9:31:15.205595917,T,70.01,200,70.04,100,KO
2025-12-26,9:31:15.205611271,T,70.01,200,70.04,200,KO
2025-12-26,9:31:15.205616036,T,70.01,200,70.04,100,KO
2025-12-26,9:31:15.205616036,T,70.03,100,70.04,100,KO
2025-12-26,9:31:15.205621048,T,70.03,200,70.04,100,KO
2025-12-26,9:31:15.205636102,T,70.03,200,70.05,200,KO
2025-12-26,9:31:15.206172277,T,70.03,100,70.05,200,KO
2025-12-26,9:31:15.212532461,T,70.02,200,70.05,200,KO
2025-12-26,9:31:15.212532461,T,70.02,100,70.05,200,KO
2025-12-26,9:31:15.212552558,T,70.02,100,70.04,100,KO
2025-12-26,9:31:15.212572634,T,70.01,200,70.04,100,KO
2025-12-26,9:31:15.212793054,T,70.01,200,70.04,200,KO
2025-12-26,9:31:15.213103838,T,70.01,200,70.04,100,KO
2025-12-26,9:31:15.220300932,T,70.01,200,70.05,400,KO
2025-12-26,9:31:15.222606469,T,70.02,100,70.05,400,KO
2025-12-26,9:31:15.222606469,T,70.02,200,70.05,400,KO
2025-12-26,9:31:15.222716786,T,70.03,100,70.05,400,KO
2025-12-26,9:31:15.223002461,T,70.03,100,70.05,300,KO
2025-12-26,9:31:15.223207890,T,70.03,200,70.05,300,KO
2025-12-26,9:31:15.234700230,T,70.03,300,70.05,300,KO
2025-12-26,9:31:15.234750366,T,70.03,200,70.05,300,KO
2025-12-26,9:31:15.234860710,T,70.03,200,70.05,200,KO
2025-12-26,9:31:15.235136274,T,70.03,100,70.05,200,KO
2025-12-26,9:31:15.235241514,T,70.04,100,70.05,200,KO
2025-12-26,9:31:15.235371821,T,70.04,100,70.05,100,KO
2025-12-26,9:31:15.235381884,T,70.04,100,70.05,200,KO
2025-12-26,9:31:15.235401893,T,70.03,100,70.05,200,KO
2025-12-26,9:31:15.235426995,T,70.03,100,70.05,300,KO
2025-12-26,9:31:15.235426995,T,70.03,100,70.05,200,KO
2025-12-26,9:31:15.235452080,T,70.03,100,70.05,300,KO
2025-12-26,9:31:15.235978296,T,70.03,100,70.05,200,KO
2025-12-26,9:31:15.236243896,T,70.03,200,70.05,200,KO
2025-12-26,9:31:15.236259352,T,70.03,300,70.05,200,KO
2025-12-26,9:31:15.236284075,T,70.03,200,70.05,200,KO
2025-12-26,9:31:15.236289100,T,70.03,200,70.05,100,KO
2025-12-26,9:31:15.236309091,T,70.04,100,70.05,100,KO
2025-12-26,9:31:15.237512324,T,70.03,200,70.05,100,KO
2025-12-26,9:31:15.237517028,T,70.03,100,70.05,100,KO
2025-12-26,9:31:15.244368344,T,70.03,100,70.05,200,KO
2025-12-26,9:31:15.244378350,T,70.03,100,70.05,100,KO
2025-12-26,9:31:15.244393355,T,70.03,200,70.05,100,KO
2025-12-26,9:31:15.244418443,T,70.04,100,70.05,100,KO
2025-12-26,9:31:15.244458480,T,70.03,200,70.05,100,KO
2025-12-26,9:31:15.244468556,T,70.04,100,70.05,100,KO
2025-12-26,9:31:15.244473520,T,70.04,200,70.05,100,KO
2025-12-26,9:31:15.244483565,T,70.04,300,70.05,100,KO
2025-12-26,9:31:15.244488590,T,70.04,300,70.07,200,KO
2025-12-26,9:31:15.244508692,T,70.04,200,70.07,200,KO
2025-12-26,9:31:15.244598903,T,70.04,100,70.07,200,KO
2025-12-26,9:31:15.244694021,T,70.04,200,70.07,200,KO
2025-12-26,9:31:15.244734174,T,70.04,100,70.07,200,KO
2025-12-26,9:31:15.244744252,T,70.04,100,70.07,100,KO
2025-12-26,9:31:15.244764239,T,70.04,200,70.07,100,KO
2025-12-26,9:31:15.244779289,T,70.04,200,70.07,200,KO
2025-12-26,9:31:15.244904562,T,70.04,200,70.05,100,KO
2025-12-26,9:31:15.245040181,T,70.04,100,70.05,100,KO
2025-12-26,9:31:15.245380873,T,70.04,100,70.07,100,KO
2025-12-26,9:31:15.245390800,T,70.05,100,70.07,100,KO
2025-12-26,9:31:15.245400813,T,70.05,200,70.07,100,KO
2025-12-26,9:31:15.245415849,T,70.05,200,70.07,200,KO
2025-12-26,9:31:15.245671382,T,70.05,200,70.06,100,KO
2025-12-26,9:31:15.245681376,T,70.05,100,70.06,100,KO
2025-12-26,9:31:15.245681376,T,70.03,200,70.06,100,KO
2025-12-26,9:31:15.245711554,T,70.03,200,70.06,200,KO
2025-12-26,9:31:15.245716545,T,70.03,200,70.06,100,KO
2025-12-26,9:31:15.245771607,T,70.03,200,70.06,200,KO
2025-12-26,9:31:15.245807078,T,70.03,200,70.06,100,KO
2025-12-26,9:31:15.245821743,T,70.05,100,70.06,100,KO
2025-12-26,9:31:15.245836787,T,70.05,100,70.06,200,KO
2025-12-26,9:31:15.245851849,T,70.05,100,70.06,100,KO
2025-12-26,9:31:15.245967065,T,70.05,100,70.06,200,KO
2025-12-26,9:31:15.246022206,T,70.05,100,70.06,300,KO
2025-12-26,9:31:15.246032227,T,70.05,100,70.06,200,KO
2025-12-26,9:31:15.246072334,T,70.05,100,70.06,100,KO
2025-12-26,9:31:15.246222740,T,70.05,100,70.06,200,KO
2025-12-26,9:31:15.246528437,T,70.05,100,70.06,100,KO
2025-12-26,9:31:15.246914340,T,70.03,200,70.06,100,KO
2025-12-26,9:31:15.258201306,T,70.03,100,70.06,100,KO
2025-12-26,9:31:15.264761880,T,70.02,200,70.06,100,KO
2025-12-26,9:31:15.266080010,T,70.02,200,70.07,100,KO
2025-12-26,9:31:15.266095057,T,70.03,100,70.07,100,KO
2025-12-26,9:31:15.266100021,T,70.04,100,70.07,100,KO
2025-12-26,9:31:15.266105034,T,70.04,200,70.07,100,KO
2025-12-26,9:31:15.266105034,T,70.04,300,70.07,100,KO
2025-12-26,9:31:15.266330664,T,70.05,100,70.07,100,KO
2025-12-26,9:31:15.266365678,T,70.05,100,70.08,300,KO
2025-12-26,9:31:15.266546164,T,70.05,100,70.07,100,KO
2025-12-26,9:31:15.266886974,T,70.04,400,70.07,100,KO
2025-12-26,9:31:15.267598684,T,70.04,300,70.07,100,KO
2025-12-26,9:31:15.267603588,T,70.04,200,70.07,100,KO
2025-12-26,9:31:15.267613659,T,70.04,200,70.07,200,KO
2025-12-26,9:31:15.315347371,T,70.04,200,70.07,100,KO
2025-12-26,9:31:15.366935160,T,70.04,100,70.07,100,KO
2025-12-26,9:31:15.366965311,T,70.03,200,70.07,100,KO
2025-12-26,9:31:15.404264093,T,70.03,200,70.06,100,KO
2025-12-26,9:31:15.404815448,T,70.03,100,70.06,100,KO
2025-12-26,9:31:15.404820404,T,70.03,100,70.07,200,KO
2025-12-26,9:31:15.405928049,T,70.03,200,70.07,200,KO
2025-12-26,9:31:15.428526896,T,70.03,200,70.07,100,KO
2025-12-26,9:31:15.539496238,T,70.03,100,70.07,100,KO
2025-12-26,9:31:15.552366840,T,70.02,200,70.07,100,KO
2025-12-26,9:31:16.028912073,T,70.04,100,70.07,100,KO
2025-12-26,9:31:16.028982140,T,70.02,200,70.07,100,KO
2025-12-26,9:31:16.082680034,T,70.02,200,70.07,200,KO
2025-12-26,9:31:16.107283559,T,70.02,200,70.07,100,KO
2025-12-26,9:31:16.213155710,T,70.02,200,70.07,200,KO
2025-12-26,9:31:16.213160710,T,70.02,100,70.07,200,KO
2025-12-26,9:31:16.213195823,T,70.02,100,70.06,100,KO
2025-12-26,9:31:16.213306123,T,70.02,100,70.06,200,KO
2025-12-26,9:31:16.213331116,T,70.01,200,70.06,200,KO
2025-12-26,9:31:16.245788412,T,70.01,200,70.06,100,KO
2025-12-26,9:31:16.245803762,T,70.02,100,70.06,100,KO
2025-12-26,9:31:16.245803762,T,70.02,100,70.07,200,KO
2025-12-26,9:31:16.245808520,T,70.03,100,70.07,200,KO
2025-12-26,9:31:16.245843569,T,70.03,200,70.07,200,KO
2025-12-26,9:31:16.245843569,T,70.03,300,70.07,200,KO
2025-12-26,9:31:16.245873996,T,70.04,100,70.07,200,KO
2025-12-26,9:31:16.246169370,T,70.04,100,70.07,100,KO
2025-12-26,9:31:16.246174427,T,70.04,100,70.08,300,KO
2025-12-26,9:31:16.246430011,T,70.03,500,70.08,300,KO
2025-12-26,9:31:16.253361475,T,70.03,400,70.08,300,KO
2025-12-26,9:31:16.268392336,T,70.03,300,70.08,300,KO
2025-12-26,9:31:17.044505620,T,70.03,200,70.08,300,KO
2025-12-26,9:31:17.302199341,T,70.03,100,70.08,300,KO
2025-12-26,9:31:17.303397120,T,70.03,100,70.07,100,KO
2025-12-26,9:31:17.303988549,T,70.03,100,70.06,100,KO
2025-12-26,9:31:17.640214244,T,70.02,200,70.06,100,KO
2025-12-26,9:31:17.654758975,T,70.02,100,70.06,100,KO
2025-12-26,9:31:17.655265107,T,70.01,200,70.06,100,KO
2025-12-26,9:31:18.044938159,T,70.02,100,70.06,100,KO
2025-12-26,9:31:18.045058457,T,70.01,200,70.06,100,KO
2025-12-26,9:31:19.045050121,T,70.02,100,70.06,100,KO
2025-12-26,9:31:19.516853944,T,70.01,200,70.06,100,KO
2025-12-26,9:31:19.998886969,T,70.02,100,70.06,100,KO
2025-12-26,9:31:20.210335553,T,70.01,200,70.06,100,KO
2025-12-26,9:31:20.893282080,T,70.01,200,70.06,200,KO
2025-12-26,9:31:20.893287004,T,70.01,200,70.05,100,KO
2025-12-26,9:31:20.893317146,T,70.01,200,70.05,200,KO
2025-12-26,9:31:20.893317146,T,70.01,100,70.05,200,KO
2025-12-26,9:31:20.893327183,T,70.01,100,70.05,300,KO
2025-12-26,9:31:20.893662948,T,70.01,100,70.05,200,KO
2025-12-26,9:31:20.893838312,T,70.01,100,70.05,100,KO
2025-12-26,9:31:20.894003741,T,70.01,100,70.05,200,KO
2025-12-26,9:31:20.896183953,T,70.0,200,70.05,200,KO
2025-12-26,9:31:20.896219296,T,70.0,200,70.05,300,KO
2025-12-26,9:31:20.896484685,T,70.0,200,70.05,400,KO
2025-12-26,9:31:20.930415525,T,70.0,200,70.05,300,KO
2025-12-26,9:31:21.372373012,T,70.0,100,70.05,300,KO
2025-12-26,9:31:21.426882784,T,70.0,200,70.05,300,KO
2025-12-26,9:31:21.598386311,T,70.0,200,70.05,400,KO
2025-12-26,9:31:21.613457170,T,70.0,200,70.05,300,KO
2025-12-26,9:31:21.950875734,T,70.0,200,70.05,200,KO
2025-12-26,9:31:21.977599452,T,70.0,200,70.05,300,KO
2025-12-26,9:31:22.978799184,T,70.0,200,70.05,200,KO
2025-12-26,9:31:22.981039489,T,70.01,100,70.05,200,KO
2025-12-26,9:31:23.004179544,T,70.0,200,70.05,200,KO
2025-12-26,9:31:23.538431966,T,70.0,200,70.05,100,KO
2025-12-26,9:31:24.270580590,T,70.0,200,70.06,300,KO
2025-12-26,9:31:24.433774245,T,70.0,200,70.06,200,KO
2025-12-26,9:31:24.433804321,T,70.01,100,70.06,200,KO
2025-12-26,9:31:24.869862870,T,70.0,200,70.06,200,KO
2025-12-26,9:31:25.330093934,T,70.01,100,70.06,200,KO
2025-12-26,9:31:25.968604695,T,70.0,200,70.06,200,KO
2025-12-26,9:31:25.969186049,T,70.0,200,70.06,300,KO
2025-12-26,9:31:26.129547905,T,70.0,200,70.06,200,KO
2025-12-26,9:31:26.347677401,T,70.01,100,70.06,200,KO
2025-12-26,9:31:27.204493016,T,70.01,100,70.06,300,KO
2025-12-26,9:31:27.204533062,T,70.01,100,70.05,100,KO
2025-12-26,9:31:27.205901402,T,70.0,200,70.05,100,KO
2025-12-26,9:31:27.538618800,T,70.0,200,70.05,200,KO
2025-12-26,9:31:27.858721145,T,70.01,100,70.05,200,KO
2025-12-26,9:31:27.874979860,T,70.0,200,70.05,200,KO
2025-12-26,9:31:28.362054892,T,70.0,200,70.05,300,KO
2025-12-26,9:31:28.362531040,T,70.0,200,70.05,400,KO
2025-12-26,9:31:28.374053545,T,70.0,200,70.05,300,KO
2025-12-26,9:31:28.487373384,T,70.0,100,70.05,300,KO
2025-12-26,9:31:28.984848177,T,70.0,200,70.05,300,KO
2025-12-26,9:31:28.995744204,T,70.0,100,70.05,300,KO
2025-12-26,9:31:29.049667608,T,70.0,100,70.05,400,KO
2025-12-26,9:31:29.050213898,T,70.0,100,70.04,100,KO
2025-12-26,9:31:29.050223946,T,69.99,200,70.04,100,KO
2025-12-26,9:31:29.050248985,T,69.99,200,70.04,200,KO
2025-12-26,9:31:29.050324191,T,69.99,200,70.03,100,KO
2025-12-26,9:31:29.050725084,T,69.99,200,70.03,200,KO
2025-12-26,9:31:29.050735147,T,69.99,200,70.02,100,KO
2025-12-26,9:31:29.050740213,T,69.99,200,70.02,200,KO
2025-12-26,9:31:29.050750225,T,69.99,100,70.02,200,KO
2025-12-26,9:31:29.051141144,T,69.98,300,70.02,200,KO
2025-12-26,9:31:29.051191486,T,69.98,300,70.01,100,KO
2025-12-26,9:31:29.051401942,T,69.98,300,70.01,200,KO
2025-12-26,9:31:29.051767588,T,70.0,100,70.01,200,KO
2025-12-26,9:31:29.051772656,T,69.99,100,70.01,200,KO
2025-12-26,9:31:29.051802932,T,69.98,300,70.01,200,KO
2025-12-26,9:31:29.051807726,T,69.98,200,70.01,200,KO
2025-12-26,9:31:29.051918319,T,69.99,100,70.01,200,KO
2025-12-26,9:31:29.052158546,T,69.99,100,70.01,300,KO
2025-12-26,9:31:29.052168511,T,69.99,100,70.01,400,KO
2025-12-26,9:31:29.052173560,T,69.99,100,70.01,300,KO
2025-12-26,9:31:29.052188634,T,69.98,200,70.01,300,KO
2025-12-26,9:31:29.052258745,T,69.98,300,70.01,300,KO
2025-12-26,9:31:29.052293866,T,69.98,400,70.01,300,KO
2025-12-26,9:31:29.052313891,T,69.99,100,70.01,300,KO
2025-12-26,9:31:29.052714849,T,69.99,100,70.01,200,KO
2025-12-26,9:31:29.052925334,T,69.99,200,70.01,200,KO
2025-12-26,9:31:29.052945457,T,70.0,100,70.01,200,KO
2025-12-26,9:31:29.065921281,T,69.98,200,70.01,200,KO
2025-12-26,9:31:29.065941410,T,69.98,200,70.0,100,KO
2025-12-26,9:31:29.066302231,T,69.98,300,70.0,100,KO
2025-12-26,9:31:29.066357411,T,69.98,300,70.0,200,KO
2025-12-26,9:31:29.066502673,T,69.98,300,70.0,100,KO
2025-12-26,9:31:29.074732242,T,69.98,300,70.01,200,KO
2025-12-26,9:31:29.074752374,T,70.0,100,70.01,200,KO
2025-12-26,9:31:29.074757419,T,70.0,200,70.01,200,KO
2025-12-26,9:31:29.074767703,T,70.0,300,70.01,200,KO
2025-12-26,9:31:29.075313727,T,70.0,200,70.01,200,KO
2025-12-26,9:31:29.075860004,T,70.0,100,70.01,200,KO
2025-12-26,9:31:29.081814162,T,69.98,200,70.01,200,KO
2025-12-26,9:31:29.081849309,T,69.98,300,70.01,200,KO
2025-12-26,9:31:29.102714005,T,69.98,300,70.01,100,KO
2025-12-26,9:31:29.202892498,T,69.98,200,70.01,100,KO
2025-12-26,9:31:29.648147982,T,69.98,200,70.01,200,KO
2025-12-26,9:31:29.914502424,T,69.98,100,70.01,200,KO
2025-12-26,9:31:29.914542590,T,69.97,300,70.01,200,KO
2025-12-26,9:31:31.052467541,T,69.98,100,70.01,200,KO
2025-12-26,9:31:31.052507635,T,69.98,200,70.01,200,KO
2025-12-26,9:31:31.387119551,T,69.98,100,70.01,200,KO
2025-12-26,9:31:32.167032068,T,69.97,300,70.01,200,KO
2025-12-26,9:31:32.167052070,T,69.97,300,70.0,100,KO
2025-12-26,9:31:32.167052070,T,69.97,200,70.0,100,KO
2025-12-26,9:31:32.167072400,T,69.97,200,70.0,200,KO
2025-12-26,9:31:32.167137287,T,69.97,200,70.0,300,KO
2025-12-26,9:31:32.167377911,T,69.97,100,70.0,300,KO
2025-12-26,9:31:32.167407941,T,69.97,100,70.0,400,KO
2025-12-26,9:31:32.167593413,T,69.97,100,70.0,300,KO
2025-12-26,9:31:32.167608485,T,69.97,100,70.0,200,KO
2025-12-26,9:31:32.185791719,T,69.97,100,70.0,100,KO
2025-12-26,9:31:32.382144560,T,69.97,100,70.01,200,KO
2025-12-26,9:31:32.382164462,T,69.99,100,70.01,200,KO
2025-12-26,9:31:32.382164462,T,69.99,200,70.01,200,KO
2025-12-26,9:31:32.382390035,T,69.99,300,70.01,200,KO
2025-12-26,9:31:32.382720834,T,69.99,200,70.01,200,KO
2025-12-26,9:31:32.397415804,T,69.99,100,70.01,200,KO
2025-12-26,9:31:32.401114627,T,69.98,200,70.01,200,KO
2025-12-26,9:31:32.417278115,T,69.98,100,70.01,200,KO
2025-12-26,9:31:32.571395232,T,69.98,100,70.01,700,KO
2025-12-26,9:31:32.834306352,T,69.98,200,70.01,700,KO
2025-12-26,9:31:32.834361417,T,69.99,100,70.01,700,KO
2025-12-26,9:31:33.093608902,T,69.99,100,70.01,600,KO
2025-12-26,9:31:33.093608902,T,69.99,100,70.01,500,KO
2025-12-26,9:31:33.093613963,T,69.99,100,70.03,400,KO
2025-12-26,9:31:33.093628951,T,70.01,100,70.03,400,KO
2025-12-26,9:31:33.093634010,T,70.01,100,70.03,300,KO
2025-12-26,9:31:33.093649349,T,70.01,100,70.03,200,KO
2025-12-26,9:31:33.093664067,T,70.01,100,70.03,100,KO
2025-12-26,9:31:33.094180245,T,70.0,400,70.03,100,KO
2025-12-26,9:31:33.094636299,T,70.0,300,70.03,100,KO
2025-12-26,9:31:33.094681522,T,70.0,200,70.03,100,KO
2025-12-26,9:31:34.957327546,T,70.0,100,70.03,100,KO
2025-12-26,9:31:35.001587957,T,70.0,200,70.03,100,KO
2025-12-26,9:31:39.318779937,T,70.0,100,70.03,100,KO
2025-12-26,9:31:39.318799894,T,70.0,100,70.03,200,KO
2025-12-26,9:31:39.318845020,T,69.99,100,70.03,200,KO
2025-12-26,9:31:39.318850022,T,69.98,200,70.03,200,KO
2025-12-26,9:31:39.318870085,T,69.98,200,70.02,100,KO
2025-12-26,9:31:39.664312834,T,69.98,100,70.02,100,KO
2025-12-26,9:31:39.664342853,T,69.98,100,70.02,200,KO
2025-12-26,9:31:40.916229466,T,69.98,200,70.02,200,KO
2025-12-26,9:31:41.031328612,T,69.98,100,70.02,200,KO
2025-12-26,9:31:41.544575919,T,69.98,200,70.02,200,KO
2025-12-26,9:31:41.544726228,T,69.98,200,70.02,100,KO
2025-12-26,9:31:41.553797905,T,69.98,200,70.01,100,KO
2025-12-26,9:31:41.600158311,T,69.98,100,70.01,100,KO
2025-12-26,9:31:41.893857758,T,69.98,100,70.01,200,KO
2025-12-26,9:31:41.893862828,T,69.98,100,70.01,300,KO
2025-12-26,9:31:41.894138464,T,69.97,300,70.01,300,KO
2025-12-26,9:31:41.894414143,T,69.97,300,70.01,200,KO
2025-12-26,9:31:41.894594546,T,69.97,200,70.01,200,KO
2025-12-26,9:31:41.894649625,T,69.97,200,70.01,100,KO
2025-12-26,9:31:41.894654663,T,69.97,200,70.0,100,KO
2025-12-26,9:31:42.290602701,T,69.97,100,70.0,100,KO
2025-12-26,9:31:43.469761263,T,69.97,100,70.01,200,KO
2025-12-26,9:31:43.469766013,T,69.97,100,70.01,100,KO
2025-12-26,9:31:43.469781039,T,69.99,100,70.01,100,KO
2025-12-26,9:31:43.469786265,T,69.99,200,70.01,100,KO
2025-12-26,9:31:43.469786265,T,69.99,200,70.02,200,KO
2025-12-26,9:31:43.469786265,T,69.99,200,70.01,100,KO
2025-12-26,9:31:43.469851247,T,69.99,200,70.01,200,KO
2025-12-26,9:31:43.469886383,T,69.99,300,70.01,200,KO
2025-12-26,9:31:43.470001592,T,69.99,300,70.01,300,KO
2025-12-26,9:31:43.470247237,T,69.99,300,70.01,200,KO
2025-12-26,9:31:43.470337452,T,69.99,200,70.01,200,KO
2025-12-26,9:31:43.470918763,T,69.99,100,70.01,200,KO
2025-12-26,9:31:43.475600003,T,69.99,100,70.0,100,KO
2025-12-26,9:31:43.477394252,T,69.98,200,70.0,100,KO
2025-12-26,9:31:43.487809070,T,69.98,100,70.0,100,KO
2025-12-26,9:31:43.496584898,T,69.99,100,70.0,100,KO
2025-12-26,9:31:43.496630080,T,69.98,200,70.0,100,KO
2025-12-26,9:31:43.502529125,T,69.98,200,70.01,100,KO
2025-12-26,9:31:43.525639252,T,70.0,100,70.01,100,KO
2025-12-26,9:31:43.525654177,T,70.0,200,70.01,100,KO
2025-12-26,9:31:43.525849613,T,70.0,100,70.01,100,KO
2025-12-26,9:31:43.525854691,T,69.98,200,70.01,100,KO
2025-12-26,9:31:43.525874667,T,69.98,200,70.0,100,KO
2025-12-26,9:31:43.525890087,T,69.98,100,70.0,100,KO
2025-12-26,9:31:43.525909804,T,69.97,300,70.0,100,KO
2025-12-26,9:31:43.525914804,T,69.98,100,70.0,100,KO
2025-12-26,9:31:43.525924899,T,69.98,100,70.0,200,KO
2025-12-26,9:31:43.526085151,T,69.98,200,70.0,200,KO
2025-12-26,9:31:43.526105218,T,69.98,100,70.0,200,KO
2025-12-26,9:31:43.526231007,T,69.97,300,70.0,200,KO
2025-12-26,9:31:43.526250606,T,69.97,300,70.0,300,KO
2025-12-26,9:31:43.526255571,T,69.97,300,70.0,400,KO
2025-12-26,9:31:43.526255571,T,69.97,200,70.0,400,KO
2025-12-26,9:31:43.526280701,T,69.97,200,70.0,500,KO
2025-12-26,9:31:43.526405936,T,69.97,200,70.0,400,KO
2025-12-26,9:31:43.526476124,T,69.98,100,70.0,400,KO
2025-12-26,9:31:43.526496186,T,69.98,100,70.0,300,KO
2025-12-26,9:31:43.529312883,T,69.98,100,70.0,200,KO
2025-12-26,9:31:43.535642915,T,69.98,100,70.0,100,KO
2025-12-26,9:31:43.535642915,T,69.98,100,70.01,200,KO
2025-12-26,9:31:43.535652983,T,69.98,100,70.01,100,KO
2025-12-26,9:31:43.535673018,T,69.98,200,70.01,100,KO
2025-12-26,9:31:43.535678034,T,69.99,100,70.01,100,KO
2025-12-26,9:31:43.535733222,T,69.99,200,70.01,100,KO
2025-12-26,9:31:43.535808372,T,69.99,300,70.01,100,KO
2025-12-26,9:31:43.536364707,T,69.99,200,70.01,100,KO
2025-12-26,9:31:43.539812907,T,69.99,100,70.01,100,KO
2025-12-26,9:31:44.331152714,T,69.99,100,70.03,200,KO
2025-12-26,9:31:44.595121381,T,69.99,100,70.03,100,KO
2025-12-26,9:31:45.670291954,T,69.99,200,70.03,100,KO
2025-12-26,9:31:45.670352147,T,69.99,200,70.04,200,KO
2025-12-26,9:31:45.710232034,T,69.99,200,70.04,100,KO
2025-12-26,9:31:45.710322326,T,69.99,200,70.05,200,KO
2025-12-26,9:31:45.710577887,T,70.0,100,70.05,200,KO
2025-12-26,9:31:45.710602985,T,70.0,200,70.05,200,KO
2025-12-26,9:31:45.711058997,T,70.0,300,70.05,200,KO
2025-12-26,9:31:45.731362409,T,70.0,200,70.05,200,KO
2025-12-26,9:31:45.731387449,T,70.0,100,70.05,200,KO
2025-12-26,9:31:46.120669530,T,70.0,200,70.05,200,KO
2025-12-26,9:31:46.122844743,T,70.0,100,70.05,200,KO
2025-12-26,9:31:46.132437548,T,70.0,100,70.03,100,KO
2025-12-26,9:31:46.132492668,T,70.0,100,70.04,100,KO
2025-12-26,9:31:46.612425736,T,70.0,100,70.05,100,KO
2025-12-26,9:31:46.623998319,T,70.0,100,70.04,100,KO
2025-12-26,9:31:46.624028392,T,70.0,100,70.04,200,KO
2025-12-26,9:31:46.624499503,T,70.0,100,70.04,100,KO
2025-12-26,9:31:46.996836259,T,70.0,100,70.05,100,KO
2025-12-26,9:31:47.120931774,T,70.0,100,70.04,100,KO
2025-12-26,9:31:47.120956788,T,70.0,100,70.04,200,KO
2025-12-26,9:31:47.121006977,T,70.0,100,70.04,100,KO
2025-12-26,9:31:47.206425366,T,70.0,100,70.05,100,KO
2025-12-26,9:31:48.136931516,T,70.0,100,70.04,100,KO
2025-12-26,9:31:48.136961605,T,70.0,100,70.04,200,KO
2025-12-26,9:31:48.137006684,T,70.0,100,70.04,100,KO
2025-12-26,9:31:48.206411988,T,70.0,100,70.05,200,KO
2025-12-26,9:31:48.206547328,T,70.0,100,70.05,100,KO
2025-12-26,9:31:48.259227878,T,70.0,100,70.04,100,KO
2025-12-26,9:31:48.259257835,T,70.0,100,70.04,200,KO
2025-12-26,9:31:48.259292869,T,70.0,100,70.04,100,KO
2025-12-26,9:31:48.946920604,T,70.0,100,70.03,100,KO
2025-12-26,9:31:48.946940637,T,70.0,100,70.02,100,KO
2025-12-26,9:31:48.946995755,T,70.0,100,70.02,200,KO
2025-12-26,9:31:49.130061753,T,69.99,100,70.02,200,KO
2025-12-26,9:31:49.612049691,T,69.99,100,70.01,100,KO
2025-12-26,9:31:51.239164832,T,70.0,100,70.01,100,KO
2025-12-26,9:31:55.216913254,T,70.0,100,70.02,100,KO
2025-12-26,9:31:55.216998477,T,70.0,100,70.01,100,KO
2025-12-26,9:31:55.217264123,T,70.0,200,70.01,100,KO
2025-12-26,9:31:55.217264123,T,70.0,200,70.02,100,KO
2025-12-26,9:31:55.217299185,T,70.0,300,70.02,100,KO
2025-12-26,9:31:55.217314239,T,70.0,200,70.02,100,KO
2025-12-26,9:31:55.217424438,T,70.0,200,70.04,300,KO
2025-12-26,9:31:55.217444508,T,70.01,100,70.04,300,KO
2025-12-26,9:31:55.218326607,T,70.0,100,70.04,300,KO
2025-12-26,9:31:55.218782758,T,70.0,200,70.04,300,KO
2025-12-26,9:31:55.227393278,T,70.0,100,70.04,300,KO
2025-12-26,9:31:55.227423322,T,70.0,100,70.03,100,KO
2025-12-26,9:31:55.227423322,T,69.99,200,70.03,100,KO
2025-12-26,9:31:55.227428301,T,69.99,200,70.03,200,KO
2025-12-26,9:31:55.234485101,T,69.99,200,70.03,100,KO
2025-12-26,9:31:56.181475469,T,70.01,100,70.03,100,KO
2025-12-26,9:31:56.181490590,T,70.01,200,70.03,100,KO
2025-12-26,9:31:56.182132020,T,70.01,100,70.03,100,KO
2025-12-26,9:31:56.182137319,T,69.99,200,70.03,100,KO
2025-12-26,9:31:56.182152858,T,69.99,200,70.01,100,KO
2025-12-26,9:31:56.182202202,T,69.99,200,70.01,200,KO
2025-12-26,9:31:56.182713487,T,69.99,200,70.01,100,KO
2025-12-26,9:31:56.986653083,T,69.99,100,70.01,100,KO
2025-12-26,9:31:56.986723285,T,69.99,100,70.03,100,KO
2025-12-26,9:31:56.986783449,T,69.98,200,70.03,100,KO
2025-12-26,9:31:56.988186793,T,69.98,200,70.03,200,KO
2025-12-26,9:31:56.992938135,T,69.98,200,70.03,300,KO
2025-12-26,9:31:56.992943217,T,69.98,200,70.02,100,KO
2025-12-26,9:31:56.992943217,T,69.98,200,70.02,200,KO
2025-12-26,9:31:56.992948071,T,69.98,200,70.01,100,KO
2025-12-26,9:31:56.992988219,T,69.98,200,70.01,200,KO
2025-12-26,9:31:56.993504504,T,69.98,200,70.01,100,KO
2025-12-26,9:31:56.994887729,T,69.98,100,70.01,100,KO
2025-12-26,9:31:57.005954153,T,69.98,200,70.01,100,KO
2025-12-26,9:31:57.035299016,T,69.98,100,70.01,100,KO
2025-12-26,9:31:57.206125804,T,69.98,200,70.01,100,KO
2025-12-26,9:31:57.554946554,T,69.98,100,70.01,100,KO
2025-12-26,9:31:57.591749282,T,69.98,100,70.02,100,KO
2025-12-26,9:31:57.857537309,T,69.97,200,70.02,100,KO
2025-12-26,9:31:57.866077577,T,69.97,200,70.02,200,KO
2025-12-26,9:31:58.056451039,T,69.97,200,70.02,100,KO
2025-12-26,9:31:58.488008912,T,69.98,100,70.02,100,KO
2025-12-26,9:31:58.488043994,T,69.97,200,70.02,100,KO
2025-12-26,9:31:58.488495021,T,69.98,100,70.02,100,KO
2025-12-26,9:31:58.493682444,T,69.97,200,70.02,100,KO
2025-12-26,9:31:58.494148470,T,69.97,200,70.02,200,KO
2025-12-26,9:31:58.726321473,T,69.97,200,70.02,100,KO
2025-12-26,9:31:58.733308124,T,69.97,200,70.03,300,KO
2025-12-26,9:31:58.733578870,T,69.98,100,70.03,300,KO
2025-12-26,9:31:58.843580765,T,69.97,200,70.03,300,KO
2025-12-26,9:31:58.849534894,T,69.97,200,70.01,100,KO
2025-12-26,9:31:58.849560014,T,69.97,200,70.01,200,KO
2025-12-26,9:31:58.849564991,T,69.97,200,70.01,300,KO
2025-12-26,9:31:58.849645209,T,69.97,200,70.01,400,KO
2025-12-26,9:31:58.849685518,T,69.97,200,70.0,100,KO
2025-12-26,9:31:58.849870698,T,69.97,100,70.0,100,KO
2025-12-26,9:31:58.849995960,T,69.97,200,70.0,100,KO
2025-12-26,9:31:58.850016115,T,69.99,100,70.0,100,KO
2025-12-26,9:31:58.850196521,T,69.99,100,70.0,200,KO
2025-12-26,9:31:58.850211486,T,69.97,200,70.0,200,KO
2025-12-26,9:31:58.850241592,T,69.97,200,70.0,100,KO
2025-12-26,9:31:58.850276673,T,69.99,100,70.0,100,KO
2025-12-26,9:31:58.850812969,T,69.99,200,70.0,100,KO
2025-12-26,9:31:58.850858085,T,69.99,100,70.0,100,KO
2025-12-26,9:31:58.851329137,T,69.98,200,70.0,100,KO
2025-12-26,9:31:58.851349249,T,69.98,100,70.0,100,KO
2025-12-26,9:31:59.415522850,T,69.97,200,70.0,100,KO
2025-12-26,9:31:59.415522850,T,69.97,200,70.02,100,KO
2025-12-26,9:31:59.416194541,T,69.97,200,70.02,200,KO
2025-12-26,9:31:59.416294764,T,69.97,200,70.01,100,KO
2025-12-26,9:31:59.422995737,T,69.97,200,70.0,100,KO
2025-12-26,9:32:00.864198134,T,69.98,100,70.0,100,KO
2025-12-26,9:32:02.236511602,T,69.98,200,70.0,100,KO
2025-12-26,9:32:02.299516600,T,69.98,100,70.0,100,KO
2025-12-26,9:32:02.567855664,T,69.98,100,70.03,200,KO
2025-12-26,9:32:02.567895737,T,69.99,100,70.03,200,KO
2025-12-26,9:32:02.567900926,T,69.99,200,70.03,200,KO
2025-12-26,9:32:02.567905768,T,69.99,300,70.03,200,KO
2025-12-26,9:32:02.567905768,T,69.99,400,70.03,200,KO
2025-12-26,9:32:02.568512518,T,70.0,100,70.03,200,KO
2025-12-26,9:32:02.568517411,T,70.0,200,70.03,200,KO
2025-12-26,9:32:02.568517411,T,70.0,300,70.03,200,KO
2025-12-26,9:32:02.568807951,T,70.0,300,70.03,100,KO
2025-12-26,9:32:02.568812913,T,70.0,400,70.03,100,KO
2025-12-26,9:32:02.569369323,T,70.0,300,70.03,100,KO
2025-12-26,9:32:02.569559776,T,70.0,200,70.03,100,KO
2025-12-26,9:32:03.240201984,T,70.0,100,70.03,100,KO
2025-12-26,9:32:03.240212014,T,70.0,100,70.03,200,KO
2025-12-26,9:32:03.240232030,T,69.99,100,70.03,200,KO
2025-12-26,9:32:03.240352313,T,69.99,100,70.02,100,KO
2025-12-26,9:32:03.241069014,T,69.99,200,70.02,100,KO
2025-12-26,9:32:03.244502144,T,69.99,100,70.02,100,KO
2025-12-26,9:32:03.419945061,T,69.98,200,70.02,100,KO
2025-12-26,9:32:04.207385343,T,69.99,100,70.02,100,KO
2025-12-26,9:32:04.208021861,T,69.99,200,70.02,100,KO
2025-12-26,9:32:04.208041931,T,69.99,200,70.03,100,KO
2025-12-26,9:32:04.252006584,T,69.99,100,70.03,100,KO
2025-12-26,9:32:05.359905234,T,69.99,200,70.03,100,KO
2025-12-26,9:32:05.397780417,T,69.99,100,70.03,100,KO
2025-12-26,9:32:05.698972724,T,69.99,200,70.03,100,KO
2025-12-26,9:32:06.845919388,T,69.99,100,70.03,100,KO
2025-12-26,9:32:06.846686191,T,69.99,200,70.03,100,KO
2025-12-26,9:32:07.418282464,T,69.99,200,70.04,200,KO
2025-12-26,9:32:07.418312570,T,69.99,200,70.04,100,KO
2025-12-26,9:32:08.376695086,T,69.99,100,70.04,100,KO
2025-12-26,9:32:08.384689094,T,69.99,100,70.04,200,KO
2025-12-26,9:32:08.665773641,T,69.99,200,70.04,200,KO
2025-12-26,9:32:08.665793687,T,69.99,200,70.04,100,KO
2025-12-26,9:32:08.888754682,T,69.99,100,70.04,100,KO
2025-12-26,9:32:09.012534465,T,69.99,200,70.04,100,KO
2025-12-26,9:32:09.117734997,T,69.99,100,70.04,100,KO
2025-12-26,9:32:09.118035688,T,69.99,100,70.04,200,KO
2025-12-26,9:32:10.806512139,T,69.99,100,70.04,100,KO
2025-12-26,9:32:10.854741914,T,69.99,200,70.04,100,KO
2025-12-26,9:32:11.474808898,T,69.99,200,70.04,200,KO
2025-12-26,9:32:11.759602171,T,69.99,100,70.04,200,KO
2025-12-26,9:32:11.760829995,T,69.98,200,70.04,200,KO
2025-12-26,9:32:11.818918237,T,69.99,100,70.04,200,KO
2025-12-26,9:32:12.109269754,T,69.98,200,70.04,200,KO
2025-12-26,9:32:12.280101610,T,69.99,100,70.04,200,KO
2025-12-26,9:32:12.479962830,T,69.98,200,70.04,200,KO
2025-12-26,9:32:13.242734447,T,69.99,100,70.04,200,KO
2025-12-26,9:32:13.346952681,T,69.98,200,70.04,200,KO
2025-12-26,9:32:14.157924006,T,69.99,100,70.04,200,KO
2025-12-26,9:32:15.857877643,T,69.99,200,70.04,200,KO
2025-12-26,9:32:15.858243462,T,69.99,200,70.04,100,KO
2025-12-26,9:32:16.418933903,T,70.01,100,70.04,100,KO
2025-12-26,9:32:16.418944275,T,70.01,100,70.05,200,KO
2025-12-26,9:32:16.418954009,T,70.01,200,70.05,200,KO
2025-12-26,9:32:16.418969467,T,70.01,300,70.05,200,KO
2025-12-26,9:32:16.418994095,T,70.02,100,70.05,200,KO
2025-12-26,9:32:16.419004134,T,70.02,200,70.05,200,KO
2025-12-26,9:32:16.419174477,T,70.02,200,70.05,100,KO
2025-12-26,9:32:16.419194536,T,70.02,200,70.06,1000,KO
2025-12-26,9:32:16.419294821,T,70.02,300,70.06,1000,KO
2025-12-26,9:32:16.419500382,T,70.02,200,70.06,1000,KO
2025-12-26,9:32:16.422151561,T,70.02,200,70.06,200,KO
2025-12-26,9:32:16.427795067,T,70.02,200,70.04,100,KO
2025-12-26,9:32:16.427815054,T,70.02,100,70.04,100,KO
2025-12-26,9:32:16.427850179,T,70.02,100,70.06,100,KO
2025-12-26,9:32:16.427865178,T,70.02,100,70.05,100,KO
2025-12-26,9:32:16.436044687,T,70.02,200,70.05,100,KO
2025-12-26,9:32:16.436054752,T,70.02,200,70.06,100,KO
2025-12-26,9:32:16.436265216,T,70.02,200,70.06,200,KO
2025-12-26,9:32:16.436285254,T,70.03,100,70.06,200,KO
2025-12-26,9:32:16.446504592,T,70.02,300,70.06,200,KO
2025-12-26,9:32:16.447256381,T,70.02,200,70.06,200,KO
2025-12-26,9:32:16.452358534,T,70.02,300,70.06,200,KO
2025-12-26,9:32:16.452423961,T,70.03,100,70.06,200,KO
2025-12-26,9:32:16.452428692,T,70.03,200,70.06,200,KO
2025-12-26,9:32:16.452428692,T,70.03,200,70.06,100,KO
2025-12-26,9:32:16.452453905,T,70.04,100,70.06,100,KO
2025-12-26,9:32:16.458783832,T,70.04,100,70.05,100,KO
2025-12-26,9:32:16.458828913,T,70.04,100,70.05,200,KO
2025-12-26,9:32:16.459901476,T,70.03,200,70.05,200,KO
2025-12-26,9:32:16.462783354,T,70.03,200,70.05,100,KO
2025-12-26,9:32:16.462783354,T,70.03,200,70.07,100,KO
2025-12-26,9:32:16.462798419,T,70.05,100,70.07,100,KO
2025-12-26,9:32:16.462878602,T,70.05,100,70.07,200,KO
2025-12-26,9:32:16.465855721,T,70.03,200,70.07,200,KO
2025-12-26,9:32:16.470496708,T,70.03,200,70.07,100,KO
2025-12-26,9:32:16.470506744,T,70.04,100,70.07,100,KO
2025-12-26,9:32:16.470516830,T,70.05,100,70.07,100,KO
2025-12-26,9:32:16.470566957,T,70.05,200,70.07,100,KO
2025-12-26,9:32:16.470662172,T,70.05,200,70.08,300,KO
2025-12-26,9:32:16.470667375,T,70.05,100,70.08,300,KO
2025-12-26,9:32:16.470937807,T,70.05,100,70.08,200,KO
2025-12-26,9:32:16.470988258,T,70.05,100,70.07,100,KO
2025-12-26,9:32:16.471028079,T,70.05,100,70.07,200,KO
2025-12-26,9:32:16.481322601,T,70.05,100,70.07,100,KO
2025-12-26,9:32:16.481332603,T,70.05,100,70.08,200,KO
2025-12-26,9:32:16.485587680,T,70.05,100,70.08,100,KO
2025-12-26,9:32:16.485607922,T,70.06,100,70.08,100,KO
2025-12-26,9:32:16.485723021,T,70.06,100,70.09,200,KO
2025-12-26,9:32:16.486139258,T,70.06,100,70.09,300,KO
2025-12-26,9:32:16.486169064,T,70.06,200,70.09,300,KO
2025-12-26,9:32:16.486550044,T,70.06,100,70.09,300,KO
2025-12-26,9:32:16.486570261,T,70.06,100,70.07,100,KO
2025-12-26,9:32:16.486585133,T,70.05,200,70.07,100,KO
2025-12-26,9:32:16.486605110,T,70.05,100,70.07,100,KO
2025-12-26,9:32:16.486670255,T,70.05,200,70.07,100,KO
2025-12-26,9:32:16.486920906,T,70.05,100,70.07,100,KO
2025-12-26,9:32:16.493356258,T,70.05,100,70.08,200,KO
2025-12-26,9:32:16.493526629,T,70.06,100,70.08,200,KO
2025-12-26,9:32:16.493531625,T,70.06,200,70.08,200,KO
2025-12-26,9:32:16.493581763,T,70.06,300,70.08,200,KO
2025-12-26,9:32:16.493586771,T,70.06,400,70.08,200,KO
2025-12-26,9:32:16.493621876,T,70.06,400,70.08,100,KO
2025-12-26,9:32:16.493621876,T,70.06,300,70.08,100,KO
2025-12-26,9:32:16.493677002,T,70.06,300,70.09,300,KO
2025-12-26,9:32:16.493702081,T,70.06,300,70.09,200,KO
2025-12-26,9:32:16.493742189,T,70.06,400,70.09,200,KO
2025-12-26,9:32:16.493752122,T,70.06,500,70.09,200,KO
2025-12-26,9:32:16.493782269,T,70.06,400,70.09,200,KO
2025-12-26,9:32:16.494047861,T,70.06,300,70.09,200,KO
2025-12-26,9:32:16.494087921,T,70.06,200,70.09,200,KO
2025-12-26,9:32:16.494188203,T,70.06,100,70.09,200,KO
2025-12-26,9:32:16.494574150,T,70.06,200,70.09,200,KO
2025-12-26,9:32:16.494589115,T,70.06,200,70.09,300,KO
2025-12-26,9:32:16.494604143,T,70.06,100,70.09,300,KO
2025-12-26,9:32:16.494839715,T,70.05,200,70.09,300,KO
2025-12-26,9:32:16.496278133,T,70.05,200,70.08,100,KO
2025-12-26,9:32:16.496914715,T,70.05,200,70.08,200,KO
2025-12-26,9:32:16.496929702,T,70.05,200,70.08,300,KO
2025-12-26,9:32:16.505660579,T,70.05,100,70.08,300,KO
2025-12-26,9:32:16.505700588,T,70.05,100,70.08,200,KO
2025-12-26,9:32:16.577386373,T,70.05,100,70.08,100,KO
2025-12-26,9:32:16.577391644,T,70.05,100,70.08,200,KO
2025-12-26,9:32:16.577391644,T,70.05,100,70.08,100,KO
2025-12-26,9:32:16.577506699,T,70.05,100,70.09,200,KO
2025-12-26,9:32:16.577536781,T,70.05,100,70.08,100,KO
2025-12-26,9:32:16.577566805,T,70.05,100,70.08,200,KO
2025-12-26,9:32:16.581556463,T,70.05,100,70.08,100,KO
2025-12-26,9:32:16.581811900,T,70.05,100,70.09,200,KO
2025-12-26,9:32:16.594827930,T,70.05,200,70.09,200,KO
2025-12-26,9:32:16.619160829,T,70.05,200,70.09,100,KO
2025-12-26,9:32:16.629510558,T,70.05,200,70.09,200,KO
2025-12-26,9:32:16.643137983,T,70.05,200,70.09,100,KO
2025-12-26,9:32:16.716607929,T,70.05,100,70.09,100,KO
2025-12-26,9:32:16.717389802,T,70.05,100,70.09,200,KO
2025-12-26,9:32:16.717389802,T,70.05,100,70.08,100,KO
2025-12-26,9:32:16.717560226,T,70.05,100,70.07,100,KO
2025-12-26,9:32:16.721730171,T,70.05,100,70.09,200,KO
2025-12-26,9:32:17.943935977,T,70.04,200,70.09,200,KO
2025-12-26,9:32:17.944362006,T,70.04,200,70.08,100,KO
2025-12-26,9:32:17.944793087,T,70.04,200,70.08,200,KO
2025-12-26,9:32:18.005322261,T,70.04,200,70.08,100,KO
2025-12-26,9:32:18.006660412,T,70.04,100,70.08,100,KO
2025-12-26,9:32:18.052880483,T,70.04,100,70.09,200,KO
2025-12-26,9:32:18.839052906,T,70.04,100,70.09,300,KO
2025-12-26,9:32:18.914297086,T,70.04,100,70.08,100,KO
2025-12-26,9:32:18.923328578,T,70.03,200,70.08,100,KO
2025-12-26,9:32:18.923363718,T,70.03,200,70.08,200,KO
2025-12-26,9:32:18.966275922,T,70.03,200,70.08,100,KO
2025-12-26,9:32:19.638552004,T,70.03,100,70.08,100,KO
2025-12-26,9:32:20.372184249,T,70.03,200,70.08,100,KO
2025-12-26,9:32:20.400687158,T,70.03,100,70.08,100,KO
2025-12-26,9:32:21.010659932,T,70.03,200,70.08,100,KO
2025-12-26,9:32:21.362277292,T,70.03,100,70.08,100,KO
2025-12-26,9:32:21.853923214,T,70.03,200,70.08,100,KO
2025-12-26,9:32:21.853923214,T,70.03,200,70.09,300,KO
2025-12-26,9:32:22.137924602,T,70.03,200,70.08,100,KO
2025-12-26,9:32:22.269903958,T,70.03,200,70.09,300,KO
2025-12-26,9:32:24.702196852,T,70.03,200,70.09,200,KO
2025-12-26,9:32:25.083880871,T,70.03,200,70.09,300,KO
2025-12-26,9:32:25.084687933,T,70.03,200,70.09,200,KO
2025-12-26,9:32:25.278915452,T,70.04,100,70.09,200,KO
2025-12-26,9:32:25.279025635,T,70.04,200,70.09,200,KO
2025-12-26,9:32:25.279070820,T,70.05,100,70.09,200,KO
2025-12-26,9:32:25.279090814,T,70.05,200,70.09,200,KO
2025-12-26,9:32:25.288823973,T,70.05,200,70.09,100,KO
2025-12-26,9:32:26.157528023,T,70.05,100,70.09,100,KO
2025-12-26,9:32:28.204803813,T,70.05,100,70.09,200,KO
2025-12-26,9:32:28.204833956,T,70.04,200,70.09,200,KO
2025-12-26,9:32:28.204949233,T,70.04,200,70.09,100,KO
2025-12-26,9:32:28.205109596,T,70.04,200,70.09,200,KO
2025-12-26,9:32:28.248522967,T,70.04,100,70.09,200,KO
2025-12-26,9:32:29.131856738,T,70.04,100,70.09,300,KO
2025-12-26,9:32:29.132613594,T,70.04,100,70.08,100,KO
2025-12-26,9:32:29.243206972,T,70.03,200,70.08,100,KO
2025-12-26,9:32:29.244369770,T,70.03,100,70.08,100,KO
2025-12-26,9:32:29.326906331,T,70.03,200,70.08,100,KO
2025-12-26,9:32:29.590233480,T,70.03,100,70.08,100,KO
2025-12-26,9:32:30.244877831,T,70.03,200,70.08,100,KO
2025-12-26,9:32:30.244877831,T,70.03,200,70.09,300,KO
2025-12-26,9:32:30.245053132,T,70.03,200,70.09,200,KO
2025-12-26,9:32:30.262630010,T,70.03,200,70.09,300,KO
2025-12-26,9:32:30.969789339,T,70.03,200,70.08,100,KO
2025-12-26,9:32:31.410674281,T,70.03,200,70.08,200,KO
2025-12-26,9:32:31.439838825,T,70.03,100,70.08,200,KO
2025-12-26,9:32:32.257907012,T,70.03,100,70.07,100,KO
2025-12-26,9:32:32.257952161,T,70.02,200,70.07,100,KO
2025-12-26,9:32:32.374705203,T,70.02,200,70.08,200,KO
2025-12-26,9:32:34.944199703,T,70.02,200,70.07,100,KO
2025-12-26,9:32:35.265068798,T,70.02,200,70.08,200,KO
2025-12-26,9:32:35.279292722,T,70.02,200,70.08,100,KO
2025-12-26,9:32:35.307534894,T,70.03,100,70.08,100,KO
2025-12-26,9:32:35.311589627,T,70.02,200,70.08,100,KO
2025-12-26,9:32:35.594137531,T,70.02,200,70.08,200,KO
2025-12-26,9:32:35.947880005,T,70.02,200,70.07,100,KO
2025-12-26,9:32:35.962163973,T,70.02,200,70.08,200,KO
2025-12-26,9:32:37.356750553,T,70.03,100,70.08,200,KO
2025-12-26,9:32:37.402243947,T,70.02,200,70.08,200,KO
2025-12-26,9:32:38.263555456,T,70.02,200,70.07,100,KO
2025-12-26,9:32:38.312767630,T,70.02,200,70.08,200,KO
2025-12-26,9:32:38.836154079,T,70.03,100,70.08,200,KO
2025-12-26,9:32:38.907453907,T,70.02,200,70.08,200,KO
2025-12-26,9:32:40.217844853,T,70.03,100,70.08,200,KO
2025-12-26,9:32:40.250231909,T,70.03,100,70.08,100,KO
2025-12-26,9:32:40.405526768,T,70.03,100,70.08,200,KO
2025-12-26,9:32:41.325678342,T,70.03,100,70.08,100,KO
2025-12-26,9:32:42.036069939,T,70.02,200,70.08,100,KO
2025-12-26,9:32:42.036079986,T,70.02,200,70.08,200,KO
2025-12-26,9:32:42.036135084,T,70.03,100,70.08,200,KO
2025-12-26,9:32:42.036175306,T,70.03,200,70.08,200,KO
2025-12-26,9:32:42.036205319,T,70.03,100,70.08,200,KO
2025-12-26,9:32:42.036275502,T,70.04,100,70.08,200,KO
2025-12-26,9:32:42.036305492,T,70.04,200,70.08,200,KO
2025-12-26,9:32:42.036345594,T,70.04,100,70.08,200,KO
2025-12-26,9:32:42.066803121,T,70.03,200,70.08,200,KO
2025-12-26,9:32:44.421280737,T,70.03,200,70.08,100,KO
2025-12-26,9:32:44.637971787,T,70.04,100,70.08,100,KO
2025-12-26,9:32:44.638006847,T,70.04,100,70.09,400,KO
2025-12-26,9:32:44.638031936,T,70.04,100,70.09,300,KO
2025-12-26,9:32:44.700320240,T,70.03,200,70.09,300,KO
2025-12-26,9:32:44.700846502,T,70.03,200,70.08,100,KO
2025-12-26,9:32:44.700876637,T,70.03,200,70.08,200,KO
2025-12-26,9:32:44.700901651,T,70.03,200,70.08,100,KO
2025-12-26,9:32:44.828610796,T,70.03,200,70.09,300,KO
2025-12-26,9:32:45.194176433,T,70.04,100,70.09,300,KO
2025-12-26,9:32:45.200722017,T,70.04,100,70.09,200,KO
2025-12-26,9:32:45.207768946,T,70.04,100,70.09,100,KO
2025-12-26,9:32:45.223095273,T,70.05,100,70.09,100,KO
2025-12-26,9:32:45.223105341,T,70.05,200,70.09,100,KO
2025-12-26,9:32:45.223115342,T,70.05,300,70.09,100,KO
2025-12-26,9:32:45.223255674,T,70.06,100,70.09,100,KO
2025-12-26,9:32:45.227089774,T,70.05,300,70.09,100,KO
2025-12-26,9:32:45.246516069,T,70.06,100,70.09,100,KO
2025-12-26,9:32:45.246536133,T,70.07,100,70.09,100,KO
2025-12-26,9:32:45.246676417,T,70.07,100,70.1,200,KO
2025-12-26,9:32:45.246746572,T,70.07,100,70.1,100,KO
2025-12-26,9:32:45.246826829,T,70.07,100,70.11,300,KO
2025-12-26,9:32:45.247578547,T,70.07,100,70.1,100,KO
2025-12-26,9:32:45.253998923,T,70.06,200,70.1,100,KO
2025-12-26,9:32:45.297602714,T,70.06,200,70.11,300,KO
2025-12-26,9:32:45.624651584,T,70.06,200,70.1,100,KO
2025-12-26,9:32:45.712180127,T,70.06,100,70.1,100,KO
2025-12-26,9:32:45.841172275,T,70.06,100,70.1,200,KO
2025-12-26,9:32:45.918827225,T,70.06,100,70.1,100,KO
2025-12-26,9:32:47.795151039,T,70.06,100,70.11,300,KO
2025-12-26,9:32:48.220574377,T,70.06,100,70.1,100,KO
2025-12-26,9:32:49.573085416,T,70.06,100,70.1,200,KO
2025-12-26,9:32:49.573922512,T,70.05,200,70.1,200,KO
2025-12-26,9:32:49.917806430,T,70.05,100,70.1,200,KO
2025-12-26,9:32:49.917806430,T,70.05,100,70.09,100,KO
2025-12-26,9:32:49.917806430,T,70.05,100,70.08,100,KO
2025-12-26,9:32:49.917826458,T,70.04,200,70.08,100,KO
2025-12-26,9:32:49.917841500,T,70.04,200,70.08,200,KO
2025-12-26,9:32:49.918362718,T,70.04,200,70.08,100,KO
2025-12-26,9:32:49.918463003,T,70.04,200,70.08,200,KO
2025-12-26,9:32:49.925284251,T,70.04,200,70.08,100,KO
2025-12-26,9:32:49.946875720,T,70.04,200,70.09,200,KO
2025-12-26,9:32:50.154234582,T,70.04,200,70.09,300,KO
2025-12-26,9:32:50.154394846,T,70.04,100,70.09,300,KO
2025-12-26,9:32:50.154540221,T,70.04,100,70.08,100,KO
2025-12-26,9:32:50.154595370,T,70.04,100,70.08,200,KO
2025-12-26,9:32:50.177179190,T,70.03,200,70.08,200,KO
2025-12-26,9:32:50.183418936,T,70.03,200,70.07,100,KO
2025-12-26,9:32:50.183469100,T,70.03,200,70.07,200,KO
2025-12-26,9:32:50.183479133,T,70.03,100,70.07,200,KO
2025-12-26,9:32:50.183504183,T,70.03,100,70.07,300,KO
2025-12-26,9:32:51.224077555,T,70.02,200,70.07,300,KO
2025-12-26,9:32:51.254374775,T,70.02,200,70.06,100,KO
2025-12-26,9:32:51.254384728,T,70.02,200,70.05,100,KO
2025-12-26,9:32:51.254404776,T,70.02,200,70.05,200,KO
2025-12-26,9:32:51.254655417,T,70.02,100,70.05,200,KO
2025-12-26,9:32:51.254665503,T,70.02,100,70.05,300,KO
2025-12-26,9:32:51.254670399,T,70.01,300,70.05,300,KO
2025-12-26,9:32:51.254830788,T,70.01,300,70.04,100,KO
2025-12-26,9:32:51.254926083,T,70.01,300,70.05,200,KO
2025-12-26,9:32:51.254941098,T,70.01,300,70.05,100,KO
2025-12-26,9:32:51.254946204,T,70.02,100,70.05,100,KO
2025-12-26,9:32:51.254971171,T,70.03,100,70.05,100,KO
2025-12-26,9:32:51.255196748,T,70.03,100,70.06,200,KO
2025-12-26,9:32:51.261977883,T,70.02,200,70.06,200,KO
2025-12-26,9:32:51.286260698,T,70.02,200,70.06,100,KO
2025-12-26,9:32:51.360211796,T,70.02,100,70.06,100,KO
2025-12-26,9:32:51.581398611,T,70.02,100,70.07,300,KO
2025-12-26,9:32:53.924799580,T,70.02,200,70.07,300,KO
2025-12-26,9:32:54.792230393,T,70.02,100,70.07,300,KO
2025-12-26,9:32:54.837653658,T,70.02,200,70.07,300,KO
2025-12-26,9:32:54.879052175,T,70.02,100,70.07,300,KO
2025-12-26,9:32:55.479978384,T,70.02,200,70.07,300,KO
2025-12-26,9:32:55.502817812,T,70.02,100,70.07,300,KO
2025-12-26,9:32:55.700844505,T,70.02,200,70.07,300,KO
2025-12-26,9:32:55.706903926,T,70.02,100,70.07,300,KO
2025-12-26,9:32:55.706908850,T,70.02,100,70.06,100,KO
2025-12-26,9:32:55.715770025,T,70.02,200,70.06,100,KO
2025-12-26,9:32:55.715785035,T,70.02,200,70.06,200,KO
2025-12-26,9:32:55.722014913,T,70.02,100,70.06,200,KO
2025-12-26,9:32:56.629125274,T,70.01,300,70.06,200,KO
2025-12-26,9:32:57.512574346,T,70.01,300,70.06,100,KO
2025-12-26,9:32:57.522898937,T,70.01,300,70.06,200,KO
2025-12-26,9:32:57.537358365,T,70.02,100,70.06,200,KO
2025-12-26,9:32:57.537428572,T,70.02,200,70.06,200,KO
2025-12-26,9:32:57.554378821,T,70.02,100,70.06,200,KO
2025-12-26,9:32:57.565695855,T,70.02,200,70.06,200,KO
2025-12-26,9:32:57.691164669,T,70.02,100,70.06,200,KO
2025-12-26,9:32:57.691735996,T,70.02,100,70.06,100,KO
2025-12-26,9:33:01.012795571,T,70.02,200,70.06,100,KO
2025-12-26,9:33:01.046616118,T,70.02,200,70.07,300,KO
2025-12-26,9:33:04.102098057,T,70.02,200,70.06,100,KO
2025-12-26,9:33:04.102268472,T,70.02,100,70.06,100,KO
2025-12-26,9:33:04.198758259,T,70.02,100,70.07,300,KO
2025-12-26,9:33:05.382412222,T,70.02,100,70.06,100,KO
2025-12-26,9:33:05.415034947,T,70.02,100,70.07,300,KO
2025-12-26,9:33:05.827627565,T,70.02,100,70.06,100,KO
2025-12-26,9:33:05.829421904,T,70.01,300,70.06,100,KO
2025-12-26,9:33:05.912815466,T,70.02,100,70.06,100,KO
2025-12-26,9:33:05.913537162,T,70.02,100,70.07,300,KO
2025-12-26,9:33:09.555410813,T,70.02,200,70.07,300,KO
2025-12-26,9:33:12.956160236,T,70.02,100,70.07,300,KO
2025-12-26,9:33:12.956195323,T,70.02,100,70.06,100,KO
2025-12-26,9:33:12.956225373,T,70.01,300,70.06,100,KO
2025-12-26,9:33:12.956982256,T,70.01,300,70.07,300,KO
2025-12-26,9:33:12.959072214,T,70.02,100,70.07,300,KO
2025-12-26,9:33:13.581359145,T,70.01,300,70.07,300,KO
2025-12-26,9:33:13.581374174,T,70.02,100,70.07,300,KO
2025-12-26,9:33:13.581449355,T,70.02,200,70.07,300,KO
2025-12-26,9:33:15.710098966,T,70.02,100,70.07,300,KO
2025-12-26,9:33:16.399656420,T,70.01,300,70.07,300,KO
2025-12-26,9:33:16.399947284,T,70.01,300,70.06,100,KO
2025-12-26,9:33:16.399957244,T,70.01,300,70.06,200,KO
2025-12-26,9:33:16.400283070,T,70.01,300,70.05,100,KO
2025-12-26,9:33:16.400292982,T,70.01,300,70.06,200,KO
2025-12-26,9:33:16.400378196,T,70.01,300,70.05,100,KO
2025-12-26,9:33:16.400633752,T,70.01,300,70.06,200,KO
2025-12-26,9:33:16.401395605,T,70.01,300,70.04,100,KO
2025-12-26,9:33:16.401415623,T,70.01,300,70.04,200,KO
2025-12-26,9:33:16.408437320,T,70.01,300,70.04,100,KO
2025-12-26,9:33:16.408467357,T,70.01,300,70.05,200,KO
2025-12-26,9:33:16.408497510,T,70.01,300,70.05,100,KO
2025-12-26,9:33:16.409991050,T,70.01,300,70.05,200,KO
2025-12-26,9:33:16.410056165,T,70.01,300,70.04,100,KO
2025-12-26,9:33:16.410121404,T,70.01,200,70.04,100,KO
2025-12-26,9:33:16.410387030,T,70.01,200,70.04,200,KO
2025-12-26,9:33:16.410437118,T,70.01,200,70.04,100,KO
2025-12-26,9:33:16.410702741,T,70.01,200,70.05,200,KO
2025-12-26,9:33:16.447445183,T,70.01,100,70.05,200,KO
2025-12-26,9:33:16.500722138,T,70.01,100,70.05,100,KO
2025-12-26,9:33:16.643231518,T,70.0,400,70.05,100,KO
2025-12-26,9:33:16.892700546,T,70.0,400,70.05,200,KO
2025-12-26,9:33:17.013132374,T,70.0,400,70.05,100,KO
2025-12-26,9:33:17.131273806,T,70.0,400,70.06,200,KO
2025-12-26,9:33:17.355437590,T,70.01,100,70.06,200,KO
2025-12-26,9:33:17.388897307,T,70.0,400,70.06,200,KO
2025-12-26,9:33:18.059519445,T,70.0,300,70.06,200,KO
2025-12-26,9:33:18.424533745,T,70.0,200,70.06,200,KO
2025-12-26,9:33:20.767859702,T,70.0,200,70.05,100,KO
2025-12-26,9:33:22.190507985,T,70.0,100,70.05,100,KO
2025-12-26,9:33:22.423828661,T,70.0,200,70.05,100,KO
2025-12-26,9:33:22.424495331,T,70.0,100,70.05,100,KO
2025-12-26,9:33:22.736182683,T,70.0,100,70.04,100,KO
2025-12-26,9:33:23.066694807,T,70.0,100,70.05,200,KO
2025-12-26,9:33:23.066709862,T,70.0,200,70.05,200,KO
2025-12-26,9:33:23.066734869,T,70.0,200,70.05,100,KO
2025-12-26,9:33:24.967100958,T,70.0,100,70.05,100,KO
2025-12-26,9:33:24.967672316,T,70.0,100,70.05,200,KO
2025-12-26,9:33:25.143140190,T,70.0,200,70.05,200,KO
2025-12-26,9:33:25.143556125,T,70.0,100,70.05,200,KO
2025-12-26,9:33:25.148558035,T,70.0,100,70.04,100,KO
2025-12-26,9:33:25.148798605,T,69.99,200,70.04,100,KO
2025-12-26,9:33:25.495780008,T,69.99,200,70.05,200,KO
2025-12-26,9:33:26.079049107,T,69.99,200,70.05,100,KO
2025-12-26,9:33:26.079334845,T,70.0,100,70.05,100,KO
2025-12-26,9:33:26.079530351,T,70.01,100,70.05,100,KO
2025-12-26,9:33:26.079560421,T,70.0,200,70.05,100,KO
2025-12-26,9:33:27.320315437,T,70.0,100,70.05,100,KO
2025-12-26,9:33:27.360806869,T,70.0,100,70.05,200,KO
2025-12-26,9:33:28.613655721,T,69.99,200,70.05,200,KO
2025-12-26,9:33:28.613936427,T,69.99,200,70.04,100,KO
2025-12-26,9:33:28.672801589,T,69.99,200,70.05,200,KO
2025-12-26,9:33:28.673423099,T,70.0,100,70.05,200,KO
2025-12-26,9:33:28.674169916,T,70.0,100,70.05,100,KO
2025-12-26,9:33:28.747689971,T,70.0,100,70.05,200,KO
2025-12-26,9:33:28.815506453,T,69.99,200,70.05,200,KO
2025-12-26,9:33:29.515954719,T,70.0,100,70.05,200,KO
2025-12-26,9:33:29.661195609,T,69.99,200,70.05,200,KO
2025-12-26,9:33:29.935233361,T,69.99,200,70.05,100,KO
2025-12-26,9:33:29.935268401,T,70.0,100,70.05,100,KO
2025-12-26,9:33:30.309765415,T,70.0,200,70.05,100,KO
2025-12-26,9:33:30.309780441,T,70.01,100,70.05,100,KO
2025-12-26,9:33:30.309780441,T,70.01,200,70.05,100,KO
2025-12-26,9:33:30.309825592,T,70.01,100,70.05,100,KO
2025-12-26,9:33:30.410214731,T,70.01,100,70.06,200,KO
2025-12-26,9:33:31.352834737,T,70.01,100,70.05,100,KO
2025-12-26,9:33:31.352859627,T,70.01,100,70.05,200,KO
2025-12-26,9:33:31.904874374,T,70.01,100,70.05,100,KO
2025-12-26,9:33:31.904899409,T,70.01,100,70.06,200,KO
2025-12-26,9:33:32.045764828,T,70.01,200,70.06,200,KO
2025-12-26,9:33:32.045835002,T,70.01,300,70.06,200,KO
2025-12-26,9:33:32.836472981,T,70.02,100,70.06,200,KO
2025-12-26,9:33:32.836482942,T,70.03,100,70.06,200,KO
2025-12-26,9:33:32.836488112,T,70.03,200,70.06,200,KO
2025-12-26,9:33:32.836673402,T,70.03,200,70.04,100,KO
2025-12-26,9:33:32.836698560,T,70.03,100,70.04,100,KO
2025-12-26,9:33:32.836698560,T,70.02,200,70.04,100,KO
2025-12-26,9:33:32.836698560,T,70.02,100,70.04,100,KO
2025-12-26,9:33:32.836718567,T,70.02,100,70.06,200,KO
2025-12-26,9:33:32.836723608,T,70.02,100,70.04,100,KO
2025-12-26,9:33:32.836763714,T,70.02,100,70.04,200,KO
2025-12-26,9:33:32.836768700,T,70.02,100,70.04,300,KO
2025-12-26,9:33:32.836773721,T,70.01,200,70.04,300,KO
2025-12-26,9:33:32.836939040,T,70.01,200,70.04,200,KO
2025-12-26,9:33:32.837024460,T,70.01,200,70.04,300,KO
2025-12-26,9:33:32.837289952,T,70.01,100,70.04,300,KO
2025-12-26,9:33:32.837315001,T,70.01,100,70.04,200,KO
2025-12-26,9:33:32.837345045,T,70.01,100,70.04,100,KO
2025-12-26,9:33:32.837370296,T,70.0,200,70.04,100,KO
2025-12-26,9:33:32.837370296,T,70.0,200,70.03,100,KO
2025-12-26,9:33:32.837700924,T,70.0,200,70.03,200,KO
2025-12-26,9:33:32.838252213,T,70.0,200,70.03,300,KO
2025-12-26,9:33:32.838262216,T,70.0,200,70.03,200,KO
2025-12-26,9:33:32.838287339,T,70.0,200,70.02,100,KO
2025-12-26,9:33:32.886416945,T,70.0,100,70.02,100,KO
2025-12-26,9:33:32.886527181,T,69.99,300,70.02,100,KO
2025-12-26,9:33:33.861519233,T,70.0,100,70.02,100,KO
2025-12-26,9:33:34.293212307,T,70.0,100,70.02,200,KO
2025-12-26,9:33:34.297216857,T,70.0,100,70.02,100,KO
2025-12-26,9:33:34.300454503,T,69.99,200,70.02,100,KO
2025-12-26,9:33:34.300484635,T,69.99,200,70.02,200,KO
2025-12-26,9:33:34.300665059,T,69.99,100,70.02,200,KO
2025-12-26,9:33:34.300715140,T,69.99,100,70.01,100,KO
2025-12-26,9:33:34.300730181,T,69.99,100,70.01,200,KO
2025-12-26,9:33:34.300735231,T,69.99,100,70.01,300,KO
2025-12-26,9:33:34.300775326,T,69.99,100,70.01,400,KO
2025-12-26,9:33:34.301266423,T,69.99,100,70.01,300,KO
2025-12-26,9:33:34.301291569,T,69.99,100,70.01,200,KO
2025-12-26,9:33:34.301336597,T,69.99,100,70.01,300,KO
2025-12-26,9:33:34.301346670,T,69.99,100,70.01,200,KO
2025-12-26,9:33:34.301371776,T,69.99,100,70.0,100,KO
2025-12-26,9:33:34.913965713,T,69.99,100,70.0,200,KO
2025-12-26,9:33:38.231687357,T,69.99,100,70.0,400,KO
2025-12-26,9:33:38.309106730,T,69.97,300,70.0,400,KO
2025-12-26,9:33:38.311231810,T,69.97,400,70.0,400,KO
2025-12-26,9:33:38.313106326,T,69.97,400,70.0,500,KO
2025-12-26,9:33:38.989231605,T,69.97,400,70.0,600,KO
2025-12-26,9:33:38.989241654,T,69.97,300,70.0,600,KO
2025-12-26,9:33:38.989261677,T,69.97,300,70.0,700,KO
2025-12-26,9:33:38.989266695,T,69.97,300,70.0,600,KO
2025-12-26,9:33:38.989296720,T,69.97,300,70.0,700,KO
2025-12-26,9:33:38.989507237,T,69.97,200,70.0,700,KO
2025-12-26,9:33:38.989657586,T,69.97,100,70.0,700,KO
2025-12-26,9:33:38.989782997,T,69.97,100,70.0,600,KO
2025-12-26,9:33:38.996729496,T,69.97,100,70.0,500,KO
2025-12-26,9:33:41.987657753,T,69.97,100,70.0,300,KO
2025-12-26,9:33:42.009670165,T,69.97,200,70.0,300,KO
2025-12-26,9:33:42.009675244,T,69.98,100,70.0,300,KO
2025-12-26,9:33:42.009720287,T,69.98,200,70.0,300,KO
2025-12-26,9:33:42.009955897,T,69.98,200,70.0,200,KO
2025-12-26,9:33:42.010276702,T,69.98,100,70.0,200,KO
2025-12-26,9:33:42.010597466,T,69.98,200,70.0,200,KO
2025-12-26,9:33:42.010817887,T,69.99,100,70.0,200,KO
2025-12-26,9:33:42.013719862,T,69.98,200,70.0,200,KO
2025-12-26,9:33:42.074970686,T,69.98,100,70.0,200,KO
2025-12-26,9:33:42.075005859,T,69.97,200,70.0,200,KO
2025-12-26,9:33:42.075276640,T,69.97,200,70.0,100,KO
2025-12-26,9:33:42.075281431,T,69.97,200,70.01,200,KO
2025-12-26,9:33:42.075286475,T,69.97,200,70.0,100,KO
2025-12-26,9:33:42.075301564,T,69.97,200,70.01,200,KO
2025-12-26,9:33:42.075301564,T,69.97,200,70.01,100,KO
2025-12-26,9:33:42.075306476,T,69.98,100,70.01,100,KO
2025-12-26,9:33:42.075311514,T,69.98,200,70.01,100,KO
2025-12-26,9:33:42.075321904,T,69.99,100,70.01,100,KO
2025-12-26,9:33:42.075321904,T,69.99,200,70.01,100,KO
2025-12-26,9:33:42.075326554,T,69.99,300,70.01,100,KO
2025-12-26,9:33:42.075877949,T,69.99,200,70.01,100,KO
2025-12-26,9:33:42.079065471,T,69.99,200,70.03,400,KO
2025-12-26,9:33:42.079090571,T,69.99,200,70.03,300,KO
2025-12-26,9:33:42.175334808,T,69.99,100,70.03,300,KO
2025-12-26,9:33:42.175354823,T,69.98,200,70.03,300,KO
2025-12-26,9:33:44.865677209,T,69.98,200,70.03,200,KO
2025-12-26,9:33:44.976255591,T,69.98,200,70.03,100,KO
2025-12-26,9:33:44.983638134,T,69.98,200,70.03,200,KO
2025-12-26,9:33:45.137384248,T,69.98,200,70.03,100,KO
2025-12-26,9:33:46.139681456,T,69.98,200,70.03,200,KO
2025-12-26,9:33:46.208670695,T,69.98,200,70.03,100,KO
2025-12-26,9:33:46.662732123,T,69.98,200,70.03,200,KO
2025-12-26,9:33:46.698261756,T,69.98,200,70.03,100,KO
2025-12-26,9:33:46.846690338,T,69.98,200,70.03,200,KO
2025-12-26,9:33:47.279992239,T,69.99,100,70.03,200,KO
2025-12-26,9:33:47.279992239,T,70.01,100,70.03,200,KO
2025-12-26,9:33:47.280022288,T,70.01,100,70.03,100,KO
2025-12-26,9:33:47.280052314,T,70.01,200,70.03,100,KO
2025-12-26,9:33:47.280057346,T,70.01,200,70.04,200,KO
2025-12-26,9:33:47.280548514,T,70.01,100,70.04,200,KO
2025-12-26,9:33:47.281796540,T,70.0,200,70.04,200,KO
2025-12-26,9:33:47.281856696,T,70.01,100,70.04,200,KO
2025-12-26,9:33:47.281871732,T,70.01,100,70.04,100,KO
2025-12-26,9:33:47.287475035,T,70.0,200,70.04,100,KO
2025-12-26,9:33:47.340606588,T,70.0,200,70.05,200,KO
2025-12-26,9:33:47.947527196,T,70.01,100,70.05,200,KO
2025-12-26,9:33:48.100922601,T,70.0,200,70.05,200,KO
2025-12-26,9:33:57.620995718,T,70.0,200,70.05,100,KO
2025-12-26,9:33:57.621045913,T,70.01,100,70.05,100,KO
2025-12-26,9:33:57.715079772,T,70.0,200,70.05,100,KO
2025-12-26,9:34:00.865578378,T,70.01,100,70.05,100,KO
2025-12-26,9:34:00.916860573,T,70.01,200,70.05,100,KO
2025-12-26,9:34:00.986436287,T,70.01,200,70.06,200,KO
2025-12-26,9:34:01.661338630,T,70.02,100,70.06,200,KO
2025-12-26,9:34:01.718594983,T,70.01,200,70.06,200,KO
2025-12-26,9:34:02.633213213,T,70.01,100,70.06,200,KO
2025-12-26,9:34:03.192284651,T,70.01,100,70.05,100,KO
2025-12-26,9:34:03.580724735,T,70.01,100,70.06,200,KO
2025-12-26,9:34:03.724446968,T,70.01,100,70.05,100,KO
2025-12-26,9:34:04.110035363,T,70.0,200,70.05,100,KO
2025-12-26,9:34:04.171251177,T,70.01,100,70.05,100,KO
2025-12-26,9:34:04.185891031,T,70.01,100,70.06,200,KO
2025-12-26,9:34:05.650970426,T,70.01,200,70.06,200,KO
2025-12-26,9:34:05.986319025,T,70.01,200,70.05,100,KO
2025-12-26,9:34:06.459250299,T,70.01,100,70.05,100,KO
2025-12-26,9:34:10.004634125,T,70.01,100,70.06,200,KO
2025-12-26,9:34:11.417093074,T,70.01,100,70.05,100,KO
2025-12-26,9:34:11.423122350,T,70.01,100,70.05,200,KO
2025-12-26,9:34:11.423132435,T,70.01,100,70.03,100,KO
2025-12-26,9:34:11.423207621,T,70.01,100,70.03,200,KO
2025-12-26,9:34:11.423693756,T,70.01,100,70.03,100,KO
2025-12-26,9:34:11.430605171,T,70.01,100,70.04,200,KO
2025-12-26,9:34:12.666423494,T,70.01,100,70.04,100,KO
2025-12-26,9:34:13.031823842,T,70.01,100,70.05,200,KO
2025-12-26,9:34:13.564352405,T,70.01,100,70.04,100,KO
2025-12-26,9:34:13.564352405,T,70.01,100,70.04,200,KO
2025-12-26,9:34:13.817053993,T,70.01,100,70.02,100,KO
2025-12-26,9:34:13.817083995,T,70.01,100,70.02,200,KO
2025-12-26,9:34:14.639733347,T,70.0,100,70.02,200,KO
2025-12-26,9:34:15.295861069,T,69.99,300,70.02,200,KO
2025-12-26,9:34:19.086690187,T,69.99,300,70.02,100,KO
2025-12-26,9:34:19.086709420,T,69.99,300,70.03,100,KO
2025-12-26,9:34:19.086714352,T,70.0,100,70.03,100,KO
2025-12-26,9:34:19.086719484,T,70.0,100,70.04,200,KO
2025-12-26,9:34:19.086734484,T,70.0,200,70.04,200,KO
2025-12-26,9:34:19.086739625,T,70.01,100,70.04,200,KO
2025-12-26,9:34:19.086739625,T,70.01,200,70.04,200,KO
2025-12-26,9:34:19.087175521,T,70.01,200,70.04,100,KO
2025-12-26,9:34:19.087190467,T,70.01,200,70.05,400,KO
2025-12-26,9:34:19.087215562,T,70.01,200,70.05,300,KO
2025-12-26,9:34:19.087265719,T,70.01,300,70.05,300,KO
2025-12-26,9:34:19.159628090,T,70.01,200,70.05,300,KO
2025-12-26,9:34:21.046256347,T,70.01,300,70.05,300,KO
2025-12-26,9:34:22.330229250,T,70.02,100,70.05,300,KO
2025-12-26,9:34:22.567985538,T,70.01,300,70.05,300,KO
2025-12-26,9:34:23.565030110,T,70.01,200,70.05,300,KO
2025-12-26,9:34:23.618953552,T,70.01,300,70.05,300,KO
2025-12-26,9:34:25.234827047,T,70.01,200,70.05,300,KO
2025-12-26,9:34:25.235503577,T,70.01,100,70.05,300,KO
2025-12-26,9:34:25.385119968,T,70.0,200,70.05,300,KO
2025-12-26,9:34:28.559409901,T,70.0,300,70.05,300,KO
2025-12-26,9:34:29.079784320,T,70.0,300,70.04,100,KO
2025-12-26,9:34:29.079789387,T,70.0,200,70.04,100,KO
2025-12-26,9:34:29.079799289,T,70.0,200,70.04,200,KO
2025-12-26,9:34:29.079819369,T,70.0,200,70.03,100,KO
2025-12-26,9:34:29.079849479,T,70.0,100,70.03,100,KO
2025-12-26,9:34:29.083788836,T,70.0,100,70.04,200,KO
2025-12-26,9:34:35.716861476,T,70.0,100,70.04,100,KO
2025-12-26,9:34:35.716921652,T,70.0,200,70.04,100,KO
2025-12-26,9:34:35.716926656,T,70.0,200,70.05,300,KO
2025-12-26,9:34:36.608053958,T,70.01,100,70.05,300,KO
2025-12-26,9:34:36.608079062,T,70.01,200,70.05,300,KO
2025-12-26,9:34:36.608119186,T,70.01,100,70.05,300,KO
2025-12-26,9:34:36.683122741,T,70.0,300,70.05,300,KO
2025-12-26,9:34:43.152460317,T,70.0,200,70.05,300,KO
2025-12-26,9:34:43.152490397,T,70.0,200,70.04,100,KO
2025-12-26,9:34:43.152550534,T,70.0,200,70.03,100,KO
2025-12-26,9:34:43.152600678,T,70.0,200,70.04,200,KO
2025-12-26,9:34:43.152625668,T,70.0,100,70.04,200,KO
2025-12-26,9:34:43.796173379,T,70.0,100,70.04,100,KO
2025-12-26,9:34:44.523676069,T,70.0,100,70.04,200,KO
2025-12-26,9:34:45.765834468,T,70.0,100,70.04,100,KO
2025-12-26,9:34:45.772450224,T,70.0,100,70.05,300,KO
2025-12-26,9:34:45.772455202,T,70.0,200,70.05,300,KO
2025-12-26,9:34:52.255335106,T,70.0,200,70.04,100,KO
2025-12-26,9:34:52.255615808,T,70.0,200,70.03,100,KO
2025-12-26,9:34:52.255630864,T,70.0,100,70.03,100,KO
2025-12-26,9:34:52.255650920,T,70.0,100,70.04,200,KO
2025-12-26,9:34:55.224050472,T,70.0,100,70.03,100,KO
2025-12-26,9:34:55.224120689,T,70.0,100,70.03,200,KO
2025-12-26,9:34:55.224246016,T,70.0,100,70.02,100,KO
2025-12-26,9:34:55.229598762,T,69.99,200,70.02,100,KO
2025-12-26,9:34:55.233006869,T,69.99,100,70.02,100,KO
2025-12-26,9:34:55.233011883,T,69.99,100,70.03,200,KO
2025-12-26,9:34:57.198698253,T,69.99,100,70.02,100,KO
2025-12-26,9:34:57.207008073,T,69.99,100,70.02,200,KO
2025-12-26,9:34:57.207008073,T,69.99,100,70.01,100,KO
2025-12-26,9:34:57.207028198,T,69.99,100,70.01,200,KO
2025-12-26,9:34:57.207318804,T,69.98,200,70.01,200,KO
2025-12-26,9:34:57.207569409,T,69.98,200,70.01,100,KO
2025-12-26,9:34:57.207749885,T,69.98,200,70.02,300,KO
2025-12-26,9:34:57.207920314,T,69.99,100,70.02,300,KO
2025-12-26,9:34:57.207945358,T,69.99,100,70.02,200,KO
2025-12-26,9:34:57.207960411,T,69.99,200,70.02,200,KO
2025-12-26,9:34:57.208160892,T,69.99,200,70.01,100,KO
2025-12-26,9:34:57.209208318,T,69.99,200,70.02,300,KO
2025-12-26,9:34:57.215097331,T,69.99,200,70.02,200,KO
2025-12-26,9:34:57.215107344,T,69.99,200,70.02,100,KO
2025-12-26,9:34:57.243575189,T,70.0,100,70.02,100,KO
2025-12-26,9:34:57.243585235,T,70.0,200,70.02,100,KO
2025-12-26,9:34:57.244081354,T,70.0,100,70.02,100,KO
2025-12-26,9:34:57.244141557,T,69.99,200,70.02,100,KO
2025-12-26,9:34:57.245209024,T,69.99,200,70.02,600,KO
2025-12-26,9:34:57.250175965,T,70.0,100,70.02,600,KO
2025-12-26,9:35:00.026157363,T,70.0,100,70.02,100,KO
2025-12-26,9:35:00.027445466,T,70.0,100,70.02,300,KO
2025-12-26,9:35:00.096108930,T,70.0,100,70.02,200,KO
2025-12-26,9:35:00.096108930,T,70.0,100,70.03,100,KO
2025-12-26,9:35:00.096113961,T,70.0,100,70.02,200,KO
2025-12-26,9:35:00.096129275,T,70.0,100,70.02,100,KO
2025-12-26,9:35:00.096134069,T,70.01,100,70.02,100,KO
2025-12-26,9:35:00.096134069,T,70.01,200,70.02,100,KO
2025-12-26,9:35:00.096134069,T,70.01,300,70.02,100,KO
2025-12-26,9:35:00.096139397,T,70.01,400,70.02,100,KO
2025-12-26,9:35:00.096139397,T,70.01,400,70.03,200,KO
2025-12-26,9:35:00.096139397,T,70.01,400,70.03,100,KO
2025-12-26,9:35:00.096144390,T,70.01,400,70.02,100,KO
2025-12-26,9:35:00.096149053,T,70.01,400,70.03,100,KO
2025-12-26,9:35:00.096154094,T,70.01,500,70.03,100,KO
2025-12-26,9:35:00.096164336,T,70.01,500,70.04,200,KO
2025-12-26,9:35:00.096575090,T,70.01,600,70.04,200,KO
2025-12-26,9:35:00.096685316,T,70.01,500,70.04,200,KO
2025-12-26,9:35:00.097166704,T,70.01,400,70.04,200,KO
2025-12-26,9:35:00.097196570,T,70.01,300,70.04,200,KO
2025-12-26,9:35:00.097256740,T,70.01,300,70.04,100,KO
2025-12-26,9:35:00.097582502,T,70.01,200,70.04,100,KO
2025-12-26,9:35:00.101742412,T,70.01,200,70.04,200,KO
2025-12-26,9:35:00.151861831,T,70.01,200,70.04,100,KO
2025-12-26,9:35:00.151881880,T,70.02,100,70.04,100,KO
2025-12-26,9:35:00.151901924,T,70.02,200,70.04,100,KO
2025-12-26,9:35:00.152102343,T,70.02,300,70.04,100,KO
2025-12-26,9:35:00.152262700,T,70.02,400,70.04,100,KO
2025-12-26,9:35:00.152693752,T,70.02,400,70.05,300,KO
2025-12-26,9:35:00.152969412,T,70.02,300,70.05,300,KO
2025-12-26,9:35:00.307091489,T,70.02,200,70.05,300,KO
2025-12-26,9:35:00.351953337,T,70.02,100,70.05,300,KO
2025-12-26,9:35:00.364914304,T,70.01,400,70.05,300,KO
2025-12-26,9:35:00.635669164,T,70.01,300,70.05,300,KO
2025-12-26,9:35:00.890781752,T,70.01,400,70.05,300,KO
2025-12-26,9:35:01.370599475,T,70.01,400,70.03,100,KO
2025-12-26,9:35:01.379235036,T,70.01,300,70.03,100,KO
2025-12-26,9:35:01.379260005,T,70.01,200,70.03,100,KO
2025-12-26,9:35:01.521558971,T,70.01,200,70.04,300,KO
2025-12-26,9:35:01.909628290,T,70.01,200,70.04,200,KO
2025-12-26,9:35:01.909838609,T,70.01,200,70.03,100,KO
2025-12-26,9:35:01.919025508,T,70.01,100,70.03,100,KO
2025-12-26,9:35:01.929089464,T,70.0,100,70.03,100,KO
2025-12-26,9:35:02.062151464,T,70.0,100,70.04,200,KO
2025-12-26,9:35:03.019305981,T,70.0,100,70.03,100,KO
2025-12-26,9:35:03.452738274,T,70.0,100,70.03,200,KO
2025-12-26,9:35:03.527310882,T,70.0,100,70.03,100,KO
2025-12-26,9:35:04.336337579,T,70.0,200,70.03,100,KO
2025-12-26,9:35:04.336342646,T,70.01,100,70.03,100,KO
2025-12-26,9:35:04.349103066,T,70.0,300,70.03,100,KO
2025-12-26,9:35:04.366399245,T,70.01,100,70.03,100,KO
2025-12-26,9:35:04.373430974,T,70.0,300,70.03,100,KO
2025-12-26,9:35:04.377721187,T,70.01,100,70.03,100,KO
2025-12-26,9:35:04.377781389,T,70.01,200,70.03,100,KO
2025-12-26,9:35:04.377786304,T,70.01,300,70.03,100,KO
2025-12-26,9:35:04.397157485,T,70.01,200,70.03,100,KO
2025-12-26,9:35:04.397182575,T,70.01,100,70.03,100,KO
2025-12-26,9:35:04.414418650,T,70.0,300,70.03,100,KO
2025-12-26,9:35:04.537045712,T,70.0,300,70.04,100,KO
2025-12-26,9:35:05.097360100,T,70.0,300,70.03,100,KO
2025-12-26,9:35:05.102968460,T,70.0,300,70.03,200,KO
2025-12-26,9:35:05.103469806,T,70.0,200,70.03,200,KO
2025-12-26,9:35:05.177591197,T,70.0,100,70.03,200,KO
2025-12-26,9:35:05.177666402,T,70.0,100,70.03,100,KO
2025-12-26,9:35:06.005192370,T,70.01,100,70.03,100,KO
2025-12-26,9:35:06.738173063,T,70.01,200,70.03,100,KO
2025-12-26,9:35:06.738333381,T,70.02,100,70.03,100,KO
2025-12-26,9:35:06.739461080,T,70.01,100,70.03,100,KO
2025-12-26,9:35:06.764485720,T,70.01,200,70.03,100,KO
2025-12-26,9:35:06.764515733,T,70.02,100,70.03,100,KO
2025-12-26,9:35:06.764741334,T,70.01,400,70.03,100,KO
2025-12-26,9:35:06.865962369,T,70.01,300,70.03,100,KO
2025-12-26,9:35:06.865977752,T,70.01,300,70.03,200,KO
2025-12-26,9:35:06.865987444,T,70.01,300,70.03,300,KO
2025-12-26,9:35:06.866002407,T,70.01,200,70.03,300,KO
2025-12-26,9:35:06.866007433,T,70.01,200,70.03,400,KO
2025-12-26,9:35:06.866473581,T,70.01,100,70.03,400,KO
2025-12-26,9:35:06.866498617,T,70.01,100,70.02,100,KO
2025-12-26,9:35:06.866503627,T,70.01,200,70.02,100,KO
2025-12-26,9:35:06.870658490,T,70.01,200,70.03,100,KO
2025-12-26,9:35:07.141924556,T,70.01,100,70.03,100,KO
2025-12-26,9:35:07.451862750,T,70.01,100,70.04,100,KO
2025-12-26,9:35:08.999368464,T,70.01,100,70.04,200,KO
2025-12-26,9:35:08.999924709,T,70.01,100,70.04,300,KO
2025-12-26,9:35:09.038336274,T,70.01,100,70.04,200,KO
2025-12-26,9:35:10.898812160,T,70.01,100,70.04,100,KO
2025-12-26,9:35:11.864386726,T,70.01,100,70.04,200,KO
2025-12-26,9:35:11.864411850,T,70.01,100,70.04,300,KO
2025-12-26,9:35:11.865078459,T,70.01,100,70.03,100,KO
2025-12-26,9:35:12.153826111,T,70.0,300,70.03,100,KO
2025-12-26,9:35:12.153826111,T,70.0,200,70.03,100,KO
2025-12-26,9:35:13.308686662,T,70.0,100,70.03,100,KO
2025-12-26,9:35:16.688310660,T,70.0,200,70.03,100,KO
2025-12-26,9:35:17.193443556,T,70.0,300,70.03,100,KO
2025-12-26,9:35:17.193829493,T,70.0,400,70.03,100,KO
2025-12-26,9:35:17.918024417,T,70.0,400,70.04,100,KO
2025-12-26,9:35:17.918059675,T,70.01,100,70.04,100,KO
2025-12-26,9:35:17.925081102,T,70.0,400,70.04,100,KO
2025-12-26,9:35:17.925652485,T,70.01,100,70.04,100,KO
2025-12-26,9:35:18.066031795,T,70.0,400,70.04,100,KO
2025-12-26,9:35:18.066061947,T,70.0,400,70.03,100,KO
2025-12-26,9:35:18.297598417,T,70.0,400,70.04,300,KO
2025-12-26,9:35:18.333062772,T,70.0,400,70.04,200,KO
2025-12-26,9:35:18.699801330,T,70.0,400,70.04,300,KO
2025-12-26,9:35:18.705605108,T,70.0,400,70.03,100,KO
2025-12-26,9:35:18.705660268,T,70.0,300,70.03,100,KO
2025-12-26,9:35:18.747775534,T,70.0,200,70.03,100,KO
2025-12-26,9:35:18.747800544,T,70.0,100,70.03,100,KO
2025-12-26,9:35:21.036576617,T,70.0,200,70.03,100,KO
2025-12-26,9:35:21.036606688,T,70.0,300,70.03,100,KO
2025-12-26,9:35:21.036922492,T,70.0,400,70.03,100,KO
2025-12-26,9:35:21.037403759,T,70.0,400,70.04,300,KO
2025-12-26,9:35:21.037433661,T,70.0,400,70.04,200,KO
2025-12-26,9:35:21.037458694,T,70.0,400,70.04,100,KO
2025-12-26,9:35:22.065767700,T,70.0,300,70.04,100,KO
2025-12-26,9:35:23.828791566,T,70.0,300,70.04,200,KO
2025-12-26,9:35:23.828816671,T,70.0,300,70.04,300,KO
2025-12-26,9:35:23.910050101,T,70.0,300,70.03,100,KO
2025-12-26,9:35:23.910075150,T,70.0,200,70.03,100,KO
2025-12-26,9:35:23.910766835,T,70.0,100,70.03,100,KO
2025-12-26,9:35:24.651536123,T,70.0,200,70.03,100,KO
2025-12-26,9:35:24.651561189,T,70.0,300,70.03,100,KO
2025-12-26,9:35:24.651636559,T,70.0,300,70.04,200,KO
2025-12-26,9:35:24.651641359,T,70.0,400,70.04,200,KO
2025-12-26,9:35:24.669930015,T,70.01,100,70.04,200,KO
2025-12-26,9:35:24.670115367,T,70.01,100,70.04,300,KO
2025-12-26,9:35:24.670150370,T,70.01,100,70.03,100,KO
2025-12-26,9:35:24.676946659,T,70.0,400,70.03,100,KO
2025-12-26,9:35:24.676971614,T,70.0,300,70.03,100,KO
2025-12-26,9:35:24.692989834,T,70.01,100,70.03,100,KO
2025-12-26,9:35:24.693536063,T,70.01,200,70.03,100,KO
2025-12-26,9:35:24.693596288,T,70.01,200,70.04,300,KO
2025-12-26,9:35:24.729181030,T,70.01,100,70.04,300,KO
2025-12-26,9:35:25.210306947,T,70.01,100,70.04,200,KO
2025-12-26,9:35:25.217524059,T,70.01,200,70.04,200,KO
2025-12-26,9:35:25.217554123,T,70.01,300,70.04,200,KO
2025-12-26,9:35:25.218065376,T,70.01,300,70.04,100,KO
2025-12-26,9:35:25.400600126,T,70.01,300,70.04,200,KO
2025-12-26,9:35:25.453781823,T,70.02,100,70.04,200,KO
2025-12-26,9:35:25.766797301,T,70.02,100,70.04,100,KO
2025-12-26,9:35:25.918097610,T,70.02,100,70.04,200,KO
2025-12-26,9:35:25.918593835,T,70.02,100,70.03,100,KO
2025-12-26,9:35:25.918989704,T,70.0,300,70.03,100,KO
2025-12-26,9:35:26.589371336,T,70.0,200,70.03,100,KO
2025-12-26,9:35:26.746766106,T,70.0,100,70.03,100,KO
2025-12-26,9:35:27.312714025,T,70.0,200,70.03,100,KO
2025-12-26,9:35:27.312739044,T,70.0,300,70.03,100,KO
2025-12-26,9:35:27.312739044,T,70.0,400,70.03,100,KO
2025-12-26,9:35:28.028994899,T,70.0,300,70.03,100,KO
2025-12-26,9:35:28.028999882,T,70.0,200,70.03,100,KO
2025-12-26,9:35:28.928898130,T,70.0,300,70.03,100,KO
2025-12-26,9:35:28.928908180,T,70.01,100,70.03,100,KO
2025-12-26,9:35:28.928938204,T,70.01,200,70.03,100,KO
2025-12-26,9:35:28.935929897,T,70.01,100,70.03,100,KO
2025-12-26,9:35:28.935955003,T,70.0,300,70.03,100,KO
2025-12-26,9:35:28.949311728,T,70.01,100,70.03,100,KO
2025-12-26,9:35:28.956338557,T,70.0,300,70.03,100,KO
2025-12-26,9:35:29.919116511,T,70.0,300,70.04,200,KO
2025-12-26,9:35:30.562925055,T,70.0,200,70.04,200,KO
2025-12-26,9:35:30.563200615,T,70.0,200,70.03,100,KO
2025-12-26,9:35:30.563215724,T,70.0,100,70.03,100,KO
2025-12-26,9:35:33.504345578,T,70.0,200,70.03,100,KO
2025-12-26,9:35:33.504375622,T,70.0,200,70.04,200,KO
2025-12-26,9:35:33.504380663,T,70.0,300,70.04,200,KO
2025-12-26,9:35:33.504410684,T,70.0,400,70.04,200,KO
2025-12-26,9:35:33.852474565,T,70.0,300,70.04,200,KO
2025-12-26,9:35:35.320661081,T,70.0,300,70.04,100,KO
2025-12-26,9:35:35.826149985,T,70.0,300,70.04,200,KO
2025-12-26,9:35:35.826946784,T,70.01,100,70.04,200,KO
2025-12-26,9:35:35.879166220,T,70.0,300,70.04,200,KO
2025-12-26,9:35:36.194221837,T,70.01,100,70.04,200,KO
2025-12-26,9:35:36.194221837,T,70.01,100,70.04,100,KO
2025-12-26,9:35:36.194261695,T,70.02,100,70.04,100,KO
2025-12-26,9:35:36.194417059,T,70.01,100,70.04,100,KO
2025-12-26,9:35:36.194417059,T,70.01,100,70.04,200,KO
2025-12-26,9:35:36.194452153,T,70.01,100,70.03,100,KO
2025-12-26,9:35:36.194692672,T,70.01,200,70.03,100,KO
2025-12-26,9:35:36.205834189,T,70.01,100,70.03,100,KO
2025-12-26,9:35:36.206179995,T,70.0,300,70.03,100,KO
2025-12-26,9:35:36.215983455,T,70.01,100,70.03,100,KO
